4056 6170
100 267 182 333 idid

603 274 919 339 uocauerimus
941 277 980 338 m
1001 233 1305 342 acconensem.

1725 285 1805 348 {126

99 405 173 460 tunc
187 402 301 476 liquido
316 417 524 479 recognoscam
541 405 683 480 longeme
694 424 772 465 nuno
800 408 837 465 ab
862 409 927 479 eius
942 411 969 478 Α
1020 432 1034 460 «
1050 414 1122 467 llcce
1137 410 1193 467 boc
1207 412 1315 478 inveni,
1333 412 1406 468 dixit
1420 412 1617 484 ecclesiastes,
1648 433 1738 474 unam
1767 419 1803 476 ad

96 491 202 548 notitia
218 491 370 550 dissidere.

135 603 149 631 a
167 579 293 637 circuivi
308 597 360 654 ego
375 585 405 638 et
419 599 592 652 cormeum,
609 590 641 641 ut
655 584 760 642 scirem
770 587 789 655 ¹,
805 589 834 642 et
859 603 925 642 con-

97 669 273 738 siderarem‚
288 675 317 728 et
340 689 500 744 quaererem
523 674 710 746 sapientiam,
726 676 923 744 strationem,

96 761 127 814 et
141 760 176 814 ut
190 773 396 831 cognoscerem
411 758 593 832 impietatem
613 765 688 819 w
715 762 796 819 stulti
818 766 847 819 et
866 763 925 819 im·

96 847 291 919 prudentium
307 863 446 904 errorem.
465 849 498 905 bt
513 850 629 907 invenio
643 867 696 924 ego
710 853 721 887 ¹
748 853 922 908 amariorem

97 939 195 992 morte
209 935 373 1004 mulierem,
389 955 453 1010 que
470 942 515 995 eat
528 938 662 1012 laqueus,
684 945 713 995 et
735 957 849 1013 sagenae
877 958 927 998 oor

97 1024 294 1094 ejeravincula
308 1043 416 1083 manus
427 1027 605 1099 ejus.Bonus
625 1045 722 1086 coram
739 1029 927 1086 Decernatur

98 1113 348 1186 abea,pccoater
371 1115 505 1188 capietur
534 1116 563 1171 in
592 1115 683 1173 illa.»
712 1121 767 1174 Pro
790 1135 823 1174 eo
848 1119 924 1191 quod

95 1202 289 1276 Septuaginta
300 1209 478 1276 posuerunt:
492 1227 503 1254 r
521 1205 644 1261 circuivi
655 1222 707 1280 ego
720 1211 749 1262 ct
763 1223 925 1264 cormeum

99 1294 134 1346 ut
149 1307 367 1364 cognoscerem,
384 1314 398 1344 »
416 1293 612 1366 Symmachus
634 1295 842 1369 interpretatus
870 1301 924 1365 est,

98 1381 220 1437 diceus:
238 1403 252 1430 a
269 1380 447 1438 Pertransivi
460 1381 596 1439 universa
622 1399 712 1440 sensu
736 1401 812 1453 meo,
841 1385 924 1453 scire,

98 1473 128 1525 et
142 1469 254 1526 discere
269 1470 291 1539 ³,
315 1473 344 1526 et
372 1470 556 1544 investigare.
572 1495 586 1522 »
616 1472 690 1536 Quia
717 1472 809 1547 igitur
836 1491 927 1546 supra

98 1557 613 1626 Ecclesiastesdixerat,omniasein
643 1563 787 1634 sapientia
811 1568 926 1635 perten-

100 1649 192 1716 tasse,
209 1652 236 1704 et
249 1649 438 1721 quantoplus
453 1666 518 1706 eam
545 1651 720 1724 requisierit,
737 1656 816 1708 tanto
845 1652 926 1708 illam

980 515 1069 555 unam
1095 502 1116 568 ⁷,
1146 505 1179 556 ut
1202 500 1366 558 invenirem
1393 518 1560 570 numerum,
1586 521 1673 577 quem
1707 507 1803 564 adbuc

981 588 1115 659 quesivit
1129 590 1228 645 anime
1243 595 1351 660 memet
1361 607 1419 646 non
1435 591 1698 650 inveni.llominem
1710 612 1802 652 unum

980 677 1016 732 dc
1031 676 1110 734 millo
1125 677 1266 745 invoni,et
1280 679 1431 735 mulierem
1448 678 1478 735 in
1504 680 1641 737 omnibus
1670 683 1717 740 bis
1745 701 1803 741 non

980 765 1090 821 inveni.
1114 766 1303 822 Solummodo
1334 767 1388 824 boe
1412 768 1520 837 inveni,
1536 769 1605 842 quia
1634 771 1702 828 iecit
1728 773 1806 831 Deus

981 853 1132 910 bominem
1147 859 1276 911 rectum:
1292 859 1319 912 et
1331 856 1386 928 ipsi
1402 857 1583 929 quesierunt
1612 860 1803 933 cogitationes

981 941 1103 998 multas.
1121 965 1135 992 »
1148 943 1216 1013 Hoc,
1233 943 1338 1016 inquit,
1356 946 1461 1016 reperi,
1487 946 1624 1004 universa
1647 947 1805 1022 diligenter

981 1031 1151 1100 eventilans,
1168 1033 1246 1104 quod
1261 1033 1404 1105 paulatim
1420 1035 1578 1106 peccando,
1597 1041 1627 1091 et
1651 1037 1687 1092 ad
1711 1054 1805 1094 unum

981 1119 1122 1175 delictum
1138 1120 1218 1176 aliud
1238 1122 1422 1194 apponendo,
1443 1123 1583 1194 grandom
1608 1125 1694 1181 nobis
1723 1143 1805 1183 sum·

982 1223 1061 1263 mam
1077 1208 1221 1264 allicimus
1237 1211 1536 1280 peccatorumltsebon
1548 1212 1653 1300 (qtntn't
1668 1213 1803 1287 >quippe

982 1296 1059 1368 quod
1075 1313 1178 1354 omnes
1190 1314 1258 1354 voce
1272 1295 1539 1374 consonnlopcpbv
1551 1301 1561 1335 ⁸
1577 1301 1803 1371 transtulerunt,

981 1386 1144 1441 secundum
1157 1387 1268 1442 Hebraei
1283 1389 1428 1444 sermonis
1444 1389 1678 1462 ambiguitatem,
1692 1397 1722 1447 et
1749 1408 1804 1448 nn·

981 1489 1088 1530 mentm
1116 1491 1285 1547 possumus,
1304 1482 1332 1532 et
1359 1494 1505 1547 sommam,
1539 1481 1737 1548 strationem,
1776 1499 1806 1555 et

981 1566 1171 1636 cogitationem
1204 1565 1309 1622 dicere.
1340 1568 1395 1622 Sed
1420 1572 1449 1623 ot
1472 1567 1536 1637 boo,
1566 1568 1616 1634 ait,
1652 1569 1805 1643 requisivit

982 1654 1080 1709 anima
1097 1671 1218 1724 maman
1235 1659 1313 1711 recta
1337 1655 1443 1712 mulier
1471 1656 1647 1714 inveniatur.
1672 1657 1708 1714 st
1736 1675 1803 1716 cum

100 1734 218 1810 longius
232 1737 397 1810 refugisso3
415 1739 544 1796 nunoait
558 1741 647 1796 etiam
664 1740 744 1797 aliud
766 1741 797 1796 in
813 1758 867 1798 sua
896 1757 927 1798 se
942 1776 966 1840 B
981 1745 1028 1799 vix
1044 1760 1151 1815 paucos
1173 1745 1207 1800 de
1228 1744 1297 1801 viris
1326 1745 1418 1802 boues
1445 1744 1617 1815 invenerim,
1638 1747 1679 1803 ita
1707 1751 1741 1804 ut
1769 1747 1805 1806 de

100 1825 240 1894 quesisse
251 1826 489 1900 sapientia,qucd
504 1829 535 1884 in
550 1830 637 1887 rebus
651 1829 792 1888 humanis
814 1830 926 1887 malum

96 1913 399 1973 universasntecedat
414 1918 493 1975 mala
513 1920 575 1985 ⁴,et
596 1936 660 1991 qum
685 1935 731 1976 rea
759 1919 790 1974 ia
826 1919 927 1992 impie·

94 2007 167 2070 tate,
183 2001 319 2075 stultitia,
332 2021 441 2075 errore,
456 2006 590 2063 vecordia
601 2011 699 2063 teneat
715 2007 925 2080 principatum.

93 2095 131 2146 Et
145 2090 218 2148 dicit
231 2109 264 2150 se
278 2095 410 2150 omnium
426 2094 571 2151 malorum
585 2099 673 2168 caput
697 2095 851 2153 mulierem
881 2113 925 2152 re·

94 2179 228 2254 perisse:
240 2181 408 2256 quiaetper
423 2183 504 2240 illam
520 2200 600 2241 mors
618 2185 648 2241 in
664 2185 765 2241 orbem
779 2189 925 2241 terrarum

93 2265 239 2339 introivit,
255 2273 284 2324 et
299 2271 441 2342 pretiosas
455 2271 569 2329 animas
579 2272 707 2328 virorum
736 2272 824 2344 capit.
852 2272 924 2329 Om-

95 2373 151 2413 nes
164 2357 273 2430 quippe
288 2358 500 2429 adulterantes,
509 2361 595 2433 quasi
611 2361 745 2418 clibanus
760 2362 848 2418 corda
877 2378 924 2418 eo·

95 2461 191 2502 rum:
213 2463 277 2518 que
292 2447 362 2504 fecit
377 2448 606 2506 adolescentium
631 2449 745 2506 evolare
769 2451 866 2506 corda.
892 2452 927 2507 llt

95 2551 168 2591 cum
188 2535 218 2591 in
234 2552 382 2610 preceps:
399 2554 451 2594 nec
485 2543 551 2595 note
575 2539 664 2611 podes
688 2556 758 2596 suos
784 2539 926 2612 respicere

94 2624 222 2698 patitur,
233 2626 284 2681 sed
300 2626 385 2698 quasi
413 2625 536 2699 laqueus
565 2632 593 2684 et
618 2643 729 2700 sagena
756 2643 806 2683 cor
833 2627 928 2685 adolo-

982 1831 1061 1888 mille
1075 1850 1153 1890 unus
1181 1835 1306 1904 potuerit
1329 1834 1452 1891 inveniri
1468 1836 1489 1906 ⁰,
1513 1835 1667 1892 mulierem
1696 1837 1804 1894 bonam

981 1920 1100 1976 omniuo
1116 1920 1312 1978 iuvenirenon
1328 1923 1421 1994 potui.
1438 1921 1546 1978 Omnes
1574 1921 1654 1978 enim
1682 1939 1729 1979 me
1746 1940 1803 1980 non

982 2009 1018 2064 ad
1033 2009 1182 2077 virtutem,
1193 2010 1243 2066 sed
1258 2010 1295 2066 ad
1311 2009 1457 2066 luxuriam
1472 2011 1666 2067 deduxerunt.
1684 2012 1719 2068 llt
1734 2013 1806 2085 quia

981 2097 1148 2171 appositum
1164 2101 1208 2154 est
1223 2115 1273 2154 cor
1288 2097 1416 2154 bominis
1430 2098 1586 2171 diligenter
1600 2101 1635 2155 ad
1659 2099 1803 2158 malitiam

982 2188 1017 2243 ab
1047 2185 1242 2242 adolescentia
1266 2185 1342 2258 (Gen.
1368 2203 1430 2254 vm,
1457 2187 1515 2259 21),
1544 2190 1573 2242 et
1605 2204 1678 2259 pene
1702 2205 1805 2245 omnes

981 2275 1266 2332 offenderuntlleum
1284 2292 1291 2330 :
1308 2275 1337 2330 in
1353 2275 1501 2330 bacruina
1526 2275 1641 2347 generis
1670 2276 1802 2347 humani,

981 2363 1143 2420 l'aoiliorad
1172 2380 1273 2420 casum
1300 2367 1345 2420 ost
1371 2363 1486 2420 mulier.
1515 2368 1554 2418 lte
1582 2381 1641 2436 qua
1664 2369 1692 2420 et
1717 2371 1804 2438 poeta

981 2451 1121 2525 gentilis:

1013 2591 1185 2608 .....
1201 2558 1310 2610 Varium
1325 2561 1352 2608 et
1368 2557 1497 2608 mutabile
1512 2571 1618 2622 semper

951 2667 954 2674 ,
1011 2621 1129 2670 Femina.
1164 2655 1171 2669 .
1206 2655 1212 2668 .
1248 2656 1254 2668 .
1289 2621 1371 2683 (Vina.
1389 2619 1649 2684 AEnetd.1v‚v‚³5.)

95 2711 210 2772 scentia
224 2713 353 2771 innectit.
371 2714 495 2772 Vincula
514 2721 583 2772 sunt
612 2717 690 2774 onim
715 2733 821 2773 manus
849 2717 924 2788 ejus.
981 2719 1016 2774 itt
1039 2719 1208 2792 apostolus:
1233 2719 1353 2790 Semper,
1379 2719 1580 2790 altitonans,
1611 2724 1638 2776 et
1660 2735 1803 2791 nunqnam

96 2803 157 2859 Pro
182 2819 238 2875 qao
267 2802 373 2876 Aquila
398 2805 607 2877 interpretetus
633 2812 700 2862 est:
735 2807 835 2862 Vinctae
863 2815 927 2862 snat
981 2808 1016 2864 ad
1034 2809 1324 2865 scimniom'veritatis
1347 2809 1534 2880 pervenientes
1561 2809 1597 2880 (ii
1621 2810 1688 2864 Tim.
1705 2811 1801 2881 nal).

95 2909 204 2948 manno
218 2893 289 2964 ejus,
300 2893 377 2966 quod
394 2893 537 2951 Hebraico
551 2894 651 2968 lingua
673 2894 781 2950 dicitur
802 2911 927 2952 assume
981 2897 1015 2952 nt
1030 2913 1066 2952 nc
1081 2896 1419 2954 videreturcommunem
1431 2895 1586 2952 hominum
1601 2897 1740 2954 damnare
1751 2915 1802 2954 na·

95 2982 266 3054 (etormet
282 2982 409 3038 Suadere
424 2983 503 3038 enim
527 2987 633 3056 potest,
657 2985 716 3040 vim
746 2984 839 3041 iacere
869 3001 927 3041 non
980 2984 1801 3055 turam,etDeumauctoremlaceremali,dumtalium

95 3074 208 3142 potest,
225 3070 655 3130 neoadsetrabcrenolentes.
673 3073 843 3148 iustusqui
868 3074 927 3130 sue·
982 3075 1117 3131 conditor
1131 3079 1184 3144 est,
1202 3075 1252 3147 qui
1269 3074 1379 3131 malum
1394 3074 1484 3130 vitare
1513 3091 1571 3130 non
1600 3074 1724 3146 possint,
1745 3092 1803 3132 ar·

96 3158 148 3224 rit,
165 3159 418 3215 etbonuscoram
435 3163 501 3226 beo,
518 3162 682 3217 erueturab
698 3163 774 3217 cal:
794 3142 963 3234 peccatori}
982 3165 1206 3238 gutepruoavit,
1222 3164 1315 3232 nteit,
1332 3163 1497 3234 bonostncs
1530 3181 1548 3219 a
1581 3163 1638 3220 Deo
1667 3168 1801 3221 creatos:

95 3264 167 3303 vero
180 3251 284 3320 captus
299 3248 460 3305 deducetur
474 3249 510 3304 ad
539 3253 674 3306 mortem.
701 3250 764 3305 Non
789 3254 928 3322 putemus
983 3255 1033 3310 sed
1048 3253 1216 3327 quislibero
1232 3270 1336 3310 sumus
1357 3252 1477 3310 arbitrio
1492 3252 1634 3322 derelicti,
1651 3253 1721 3309 vitio
1749 3269 1804 3310 nc·

96 3341 199 3392 maere
229 3336 304 3394 hano
329 3335 517 3393 Salomonem
556 3338 592 3393 de
628 3354 734 3411 genere
769 3338 927 3394 mulierum
982 3347 1042 3400 stro
1057 3344 1094 3399 ad
1107 3345 1205 3415 pejora
1218 3341 1287 3414 labi,
1304 3342 1374 3397 dam
1391 3341 1504 3413 majora
1518 3340 1690 3414 querimus,
1706 3345 1735 3397 et
1758 3341 1803 3398 ul-

96 3422 259 3497 protuliase
274 3427 450 3482 sententiam
466 3427 563 3498 ;qu0d
575 3430 711 3494 expertus
722 3425 921 3498 est,loquitur.
982 3435 1027 3487 tra
1041 3432 1117 3488 vires
1133 3435 1248 3487 nostras
1262 3430 1342 3486 varia
1355 3429 1530 3502 cogitemus.
1546 3428 1653 3486 Aliter:
1669 3430 1804 3495 Quotidie

96 3513 170 3570 Ideo
185 3513 291 3585 quippe
306 3514 427 3570 offendit
441 3514 548 3580 Deum,
564 3514 634 3587 quia
650 3518 753 3587 captus
768 3519 813 3571 est
833 3531 850 3570 a
865 3531 929 3570 mu·
983 3537 1098 3576 mecum
1110 3520 1345 3590 uniuscujusque
1356 3518 1397 3572 rei
1408 3518 1550 3574 rationem
1562 3517 1803 3589 ponens,nullum

97 3601 234 3657 lieribus.
263 3603 298 3658 lit
330 3602 391 3658 boec
420 3603 582 3659 seeundum
613 3601 750 3660 litteram.
785 3603 927 3659 Caeterum
981 3608 1110 3665 invenire
1126 3609 1207 3680 potul
1224 3607 1392 3680 cogitatum,
1410 3606 1460 3678 qui
1477 3622 1534 3662 non
1550 3606 1726 3678 cogitatione
1741 3621 1803 3678 per-

97 3691 189 3762 juxta
198 3688 417 3764 intelligentiam
432 3690 626 3764 spiritualem,
645 3697 697 3748 aut
708 3708 794 3748 omne
809 3707 928 3765 genera·
981 3715 1064 3754 versa
1078 3696 1258 3752 extrinsecus
1273 3695 1451 3751 turbaretur.
1468 3695 1499 3749 ln
1516 3692 1597 3750 mille
1611 3697 1710 3750 autem
1732 3693 1801 3750 viris

101 3777 175 3833 liter
187 3782 348 3848 peecatum,
364 3777 517 3835 mulierem
533 3779 722 3836 nominamus
737 3784 765 3836 et
787 3779 926 3851 iniquita·
982 3787 1080 3844 inveni
1093 3783 1306 3857 hominemqui
1312 3784 1397 3856 Juxta
1408 3782 1568 3856 imaginem
1583 3781 1743 3839 conditoris
1757 3786 1802 3838 est

97 3871 174 3936 tem,
191 3883 253 3940 qua
264 3867 321 3923 sub
335 3867 573 3941 speciemulieria
587 3869 669 3925 sedet
683 3869 712 3924 in
723 3867 862 3925 Zacharia
877 3885 926 3925 su·
981 3877 1117 3934 conditus
1133 3881 1182 3931 :ot
1195 3874 1225 3930 in
1239 3873 1318 3929 mille
1334 3889 1391 3928 noo
1407 3871 1598 3945 quibuslibet,
1611 3872 1660 3928 sed
1676 3871 1705 3928 in
1721 3870 1802 3929 mille

95 3971 153 4028 pet·
169 3953 281 4027 plumbi
293 3955 436 4012 talentum
447 3957 539 4028 [Zach-
565 3974 593 4022 v.
616 3957 645 4029 7)
661 3974 667 4012 :
698 3962 749 4013 flul
775 3957 926 4014 diabolum
980 3967 1069 4022 viris:
1087 3980 1212 4036 quorum
1228 3977 1385 4018 numerum
1399 3961 1504 4016 inulier
1519 3960 1642 4033 implere
1662 3977 1720 4016 non
1745 3977 1800 4033 pe·

93 4047 239 4118 τροπῑκῶς
250 4044 402 4101 mulierem
415 4045 588 4117 accipimus,
610 4051 729 4119 propter
743 4046 927 4103 effeminatus
980 4054 1045 4112 tuit.
1063 4055 1097 4110 itt
1111 4053 1140 4108 in
1152 4049 1232 4107 mille
1248 4052 1325 4107 Mt)
1342 4050 1391 4122 qui
1405 4066 1461 4106 non
1490 4049 1802 4123 appropinquaverunt

93 4135 177 4190 Vim
189 4152 195 4189 ²
207 4137 259 4190 &Ui
272 4137 348 4190 00ri0
360 4133 567 4202 id⁰l⁰laisl³m2
576 4139 605 4191 θῑ
619 4140 652 4190 ui
677 4136 798 4208 impius
809 4135 926 4192 acceda-
981 4144 1015 4200 nd
1033 4141 1229 4211 mulierem,et
1243 4143 1395 4213 propterea
1405 4139 1555 4210 purissimi
1566 4141 1800 4212 permanserunt.

92 4240 178 4291 mus,
203 4222 407 4279 berellwrum
443 4223 615 4288 Ecclesiam.
646 4241 710 4296 que
735 4225 925 4297 insipientem
980 4225 1802 4301 Haeoautemomniatropologiceaccipienda.lnmultis

91 4327 188 4370 sensu
216 4312 253 4367 ad
281 4316 428 4380 sevocat,
458 4318 489 4369 ut
515 4319 604 4384 panes
633 4313 763 4382 furtivos,
792 4317 820 4370 et
845 4313 925 4370 448
980 4321 1088 4394 quippe
1103 4318 1245 4375 studiosis
1257 4319 1310 4389 [lt.
1327 4316 1458 4388 studiisl,
1474 4316 1684 4388 etquotidiana
1712 4314 1803 4371 medi·

93 4415 207 4473 “qum
227 4400 377 4470 militam,
393 4401 448 4457 ¹10⁰
463 4405 517 4468 esis
534 4401 642 4458 falsum
653 4407 881 4471 Sacramentum,
898 4405 927 4457 ei
980 4409 1089 4466 tatione
1104 4407 1289 4475 sudantibus,
1305 4405 1353 4463 vix
1368 4404 1515 4461 invenitur
1539 4404 1682 4478 cogitatus
1710 4419 1802 4477 purus

92 4488 247 4562 pollutum
262 4489 409 4563 baptisma
424 4489 561 4547 inductus
577 4490 710 4563 accipiat.
939 4511 964 4577 Β
980 4502 1008 4554 et
1021 4499 1076 4555 viri
1091 4498 1199 4576 dignus
1214 4494 1530 4554 vocabulo.Possumus
1544 4498 1574 4550 et
1587 4493 1733 4567 cogitatus
1748 4509 1801 4565 pro

131 4723 258 4790 ¹Vatic.‚
269 4724 303 4780 El
316 4739 363 4780 00²¹
376 4739 466 4780 meum
479 4723 563 4790 dedii.
589 4731 620 4780 ¹⁸²
646 4726 756 4796 scirem,
776 4728 843 4792 ete,
874 4740 921 4780 re·
1010 4733 1021 4768 ⁸
1036 4733 1112 4802 Quod
1125 4732 1257 4788 Hebraico
1269 4731 1366 4802 linqua
1379 4731 1491 4794 dieitur,
1517 4729 1652 4786 Assarim.
1676 4728 1798 4783 Addunt

93 4800 207 4852 fluento
222 4794 379 4867 Scriplurffl
394 4799 489 4852 textu·
975 4805 1115 4861 Erasmus
1130 4809 1158 4858 et
1172 4803 1321 4858 Marianus
1338 4817 1436 4859 vacem
1451 4810 1510 4861 :tt-t
1522 4801 1636 4866 icdecb,
1653 4799 1703 4856 sed
1728 4797 1801 4854 laiso

127 4897 166 4909 —
184 4867 305 4922 Circnici
319 4882 376 4938 eqo,
392 4871 418 4922 et
432 4883 479 4923 cor
492 4883 592 4923 meam.
610 4870 751 4939 Corrupto
776 4866 805 4922 in
835 4864 920 4922 edilis
975 4881 1004 4932 et
1017 4875 1183 4946 euperllue:
1200 4874 1309 4930 eul'fioit
1323 4874 1402 4929 enim
1418 4889 1524 4928 nomen
1541 4880 1664 4938 nvitun,
1680 4872 1800 4926 assurim

91 4937 211 5011 legunt,
229 4937 405 5009 circatorem
419 4955 465 4994 cor
477 4955 578 5004 meam.
595 4939 658 4995 sinc
679 4936 823 5010 particula
849 4954 921 4992 con·
976 4948 1012 5004 ac
1024 4945 1252 5003 declarationem
1269 4945 1420 5001 sententie
1436 4942 1613 5016 riteanymi,
1634 4947 1722 5013 atque
1750 4957 1800 4998 va·

86 5009 227 5080 junctiva
242 5025 331 5158 (Luam
356 5010 460 5066 retinet
485 5027 587 5065 omnes
610 5027 683 5066 msa.
709 5027 743 5065 ao
771 5009 837 5064 sons
866 5008 920 5064 lle·
977 5019 1080 5074 viantis
1098 5017 1230 5073 lectionis
1245 5015 1368 5088 Aquilai.
1387 5015 1530 5070 Maarma.

90 5099 205 5163 bessus,
220 5107 252 5158 t:
270 5107 339 5159 tria
353 5101 402 5155 cei
417 5099 527 5165 oetitti,
545 5099 574 5153 id
590 5103 700 5168 estepc
711 5103 737 5153 et
751 5113 798 5153 cor
816 5112 919 5154 merim.
1010 5091 1021 5196 ζ’
1036 5089 1141 5158 Vatia,
1158 5089 1277 5142 Ercetar
1292 5088 1325 5142 ac
1340 5084 1519 5167 caecilioet,
1532 5085 1581 5140 Dei
1595 5101 1660 5210 oJre.

89 5173 242 5226 ltaarmu.
1036 5163 1132 5216 Verba
1146 5159 1273 5216 nnamcd
1284 5175 1369 5214 annm
1384 5174 1414 5212 m
1429 5156 1520 5212 Vatia.
1536 5157 1602 5212 desi
1625 5159 1735 5212 eretur.

127 5241 227 5297 'Tres
241 5257 326 5313 mss,
340 5242 373 5297 Et
387 5242 556 5311 invenisse:
580 5246 609 5297 et
632 5257 708 5309 mcx,
738 5256 839 5312 segeno
861 5224 920 5312 'pro
1010 5234 1126 5288 ⁸nntca
1149 5237 1210 5287 erat
1238 5225 1390 5312 λογισμοὺς
1413 5226 1542 5300 plurium
1570 5243 1796 5308 numemcula-

91 5327 220 5380 soqenae.
975 5311 1019 5361 tra
1034 5321 1122 5377 quam
1134 5319 1205 5358 mss.
1222 5301 1351 5358 melioris
1366 5305 1439 5356 nota
1455 5300 1605 5366 habentnt
1624 5297 1796 5356 scholiastes

125 5386 137 5420 ³
153 5383 307 5439 Palatinus
317 5384 391 5440 alter
405 5400 472 5440 oum
484 5383 588 5447 Vatic,
600 5392 626 5439 et
640 5383 787 5439 disserere.
976 5379 1094 5433 Graecus
1104 5375 1139 5431 ad
1150 5373 1285 5446 Aquilam
1301 5387 1391 5444 penes
1403 5369 1590 5437 Flaminium,
1603 5370 1726 5444 ipsaque
1737 5369 1799 5428 Fla·

128 5455 247 5511 ⁶Penes
275 5457 443 5521 alcuinum,
469 5457 499 5510 in
522 5471 572 5509 sac
601 5456 739 5511 invenisse
782 5456 920 5527 sapientia
977 5448 1205 5526 mioillcmnna
1223 5443 1323 5528 edtio3
1602 5514 1607 5526 ι
1667 5514 1671 5526 Ι
1749 5515 1754 5528 Ι

91 5527 210 5598 rnatum,
239 5525 310 5600 qnod
329 5529 360 5585 in
384 5527 465 5584 retiis
492 5527 622 5584 tiemonis
659 5528 755 5584 mania
804 5529 922 5585 vinceret
1011 5517 1245 5576 ⁹Puu10r⁰⁰l¹u³
1260 5515 1365 5590 Valle,
1383 5516 1472 5577 Unum
1497 5519 1635 5590 potuerim
1660 5527 1794 5580 tillium·

86 5597 245 5668 matema
