4066 6162
144 319 205 383 aes
774 271 930 385 courel
951 316 1225 384 viciniamur.
1792 321 1856 392 aaa
1894 267 1897 270 ’

143 454 293 512 dormito.
308 453 482 512 demutatio
493 456 728 529 elemosynarum
749 457 822 528 opud
843 457 1014 525 iletroeosA
1031 454 1096 510 lluli
1116 470 1262 527 pauperes.
1279 486 1312 498 -·
1342 453 1552 526 Respondebis,
1577 455 1631 512 hoo
1655 475 1852 534 unumquem-

142 551 169 600 ιι
185 542 406 600 Curationes-
416 542 531 602 Videris
545 543 618 600 mibi
633 543 731 602 dolere
746 548 776 600 et
790 542 881 616 aliud,
897 561 934 601 ne
950 544 974 600 si
1031 559 1086 614 que
1102 559 1187 616 posse
1204 543 1231 598 in
1242 543 1337 616 patria
1352 561 1406 600 sua
1421 543 1514 600 iacere
1529 560 1536 599 ι
1553 560 1605 601 nec
1628 563 1771 622 pauperes
1799 551 1853 608 de·

141 631 384 705 inoleveritapud
395 631 494 690 Gallos
503 632 684 691 continentia
694 637 721 690 et
732 633 876 690 sobrietas
885 637 973 706 atque
1029 633 1154 699 iuturus,
1171 632 1221 704 qui
1235 632 1368 689 Ecclesia
1385 633 1490 705 opibus
1505 635 1688 692 sustentandi
1704 637 1774 694 sint.
1791 639 1850 697 Nec

139 721 433 794 jejunium,tabernar
447 725 504 778 tue
516 720 666 779 lucranon
677 721 848 790 habeantet
859 721 972 796 vigilias
1028 737 1082 777 nos
1095 736 1237 793 negamus
1255 722 1368 778 cunctis
1380 721 1568 796 pauperibus,
1584 723 1672 780 etiam
1687 726 1795 784 iudeis
1823 733 1853 787 et

144 808 972 869 diaboliactemulentaconviviatotanoctsexcreerenon
1028 809 1230 878 samaritanis,
1242 811 1267 865 si
1284 815 1365 867 tanta
1379 812 1419 868 sit
1433 809 1566 885 largitas,
1584 811 1674 884 stipes
1702 815 1852 889 porrigen-

147 899 514 974 pcssis.Pretereaiisdem
530 902 566 958 ad
579 918 624 958 mo
635 899 758 958 relatum
768 903 812 958 est
824 899 971 974 lipistolis,
1028 897 1090 954 das.
1103 898 1159 955 Sed
1184 899 1340 971 Apostolus
1369 900 1531 958 taciendam
1561 902 1682 973 quidem
1703 903 1790 961 docet
1817 905 1854 961 ad

148 989 225 1062 quod
239 994 342 1045 centra
357 989 563 1046 auctoritatem
578 989 704 1064 apostoli
719 989 813 1062 Pauli,
834 989 895 1046 imo
920 993 972 1045 Pe·
1027 1003 1130 1044 omnes
1145 986 1382 1062 eleemosymam,
1399 973 1455 1045 sed⁸
1466 989 1593 1046 maxime
1618 992 1654 1047 ad
1679 991 1855 1050 domesticos

146 1077 192 1144 tri,
204 1077 329 1134 Jcannis
344 1083 374 1134 et
386 1077 499 1147 Jacobi,
516 1080 565 1152 qui
581 1081 698 1136 dextras
713 1079 857 1135 dederunt
884 1076 972 1134 Panlo
1027 1075 1095 1132 fidei
1110 1076 1210 1147 (Galat.
1222 1095 1260 1134 vr.
1273 1077 1328 1150 10).
1342 1079 1380 1134 [te
1395 1077 1504 1150 quibus
1520 1083 1549 1135 et
1562 1079 1694 1138 salvator
1710 1081 1739 1138 in
1764 1083 1855 1140 Evan-

140 1170 169 1224 at
181 1166 619 1236 Bernabecommunicationis‚
640 1171 669 1224 et
697 1171 894 1241 preceperunt
918 1167 971 1234 eis,
1027 1165 1102 1237 gelio
1115 1164 1308 1239 loquebatur:
1327 1189 1338 1218 a
1357 1167 1453 1223 Facite
1472 1167 1555 1224 vobis
1570 1169 1681 1227 amicos
1695 1170 1732 1227 de
1758 1187 1855 1229 mam·

140 1259 175 1312 ut
187 1272 357 1330 pauperum
373 1271 518 1314 memores
532 1260 641 1325 essent,
663 1261 694 1312 tu
720 1255 877 1330 prohibeas
906 1255 971 1310 Hia-
1027 1254 1359 1327 monniniquitatisirlt.
1376 1255 1634 1329 iniquo],quivos
1652 1258 1795 1331 recipiant
1822 1259 1870 1317 in‘

142 1343 364 1419 rosolymamin
388 1362 462 1402 usus
492 1350 661 1404 sanctorum
682 1345 782 1418 aliqua
797 1348 971 1416 sumptuum
1025 1347 1133 1400 aterna
1147 1343 1335 1401 tabernacula
1349 1347 1423 1414 (Lite.
1444 1361 1503 1415 xvi,
1516 1347 1588 1418 9).»
1628 1347 1766 1421 Nunquid
1800 1348 1851 1406 isti

142 1434 247 1492 solatia
259 1433 361 1508 dirigi.
374 1433 517 1491 Videlicet
530 1435 556 1492 si
570 1435 606 1491 ad
622 1433 683 1490 bec
699 1433 887 1508 respondero,
910 1436 970 1488 sta·
1025 1449 1178 1506 pauperes,
1195 1433 1272 1489 inter
1286 1451 1412 1505 quorum
1425 1451 1538 1507 pannos
1548 1439 1577 1492 et
1590 1433 1720 1492 illuviem
1750 1453 1851 1510 corpo·

141 1523 193 1579 tim
207 1521 445 1589 latrabis,meam
460 1539 516 1579 me
544 1539 665 1579 caueam
694 1539 790 1597 agere,
810 1521 861 1594 qui
890 1524 972 1577 tauta
1025 1521 1066 1577 ris
1094 1521 1221 1594 llagrans
1244 1522 1333 1578 libido
1354 1523 1533 1591 dominatur,
1572 1527 1698 1597 possunt
1740 1525 1848 1583 babere

138 1615 261 1668 cunctos
277 1609 417 1684 largitate
433 1612 602 1680 donasti,ut
617 1610 673 1668 nisi
690 1610 820 1668 venisses
836 1609 970 1666 Hieroso·
1025 1609 1339 1683 retornatabernacula,
1364 1611 1415 1683 qui
1430 1627 1482 1668 nec
1511 1613 1664 1685 presentia
1687 1613 1850 1686 possident,

136 1700 261 1774 lymam,
278 1699 445 1757 ettuasvel
469 1703 659 1774 patronorum
684 1703 803 1756 tuorum
831 1698 970 1771 pecunias
1025 1715 1078 1754 nec
1093 1698 1214 1756 lutura?
1228 1699 1292 1756 Non
1314 1701 1392 1757 enim
1412 1699 1587 1774 simpliciter
1612 1719 1766 1776 pauperes,
1798 1703 1849 1760 sed

138 1789 430 1858 marisscaomnes
452 1788 685 1862 periclitaremur
715 1789 802 1846 lame.
826 1789 886 1861 Ego
914 1787 969 1843 boo
1025 1804 1168 1860 pauperes
1196 1789 1301 1861 spiritu
1325 1789 1403 1846 beati
1432 1789 1636 1862 appellantur:
1663 1792 1699 1848 de
1739 1791 1848 1865 quibus

138 1879 255 1954 loquor,
272 1877 354 1952 quod
371 1878 473 1934 beatus
489 1876 639 1949 apostolus
655 1876 763 1935 Paulus
794 1876 824 1933 iu
854 1836 1243 1949 cunctisBscriptumest:
1262 1879 1399 1935 «Beatus
1426 1879 1475 1951 qui
1505 1878 1645 1953 intelligit
1667 1896 1755 1953 super
1784 1897 1851 1954 ege-

138 1966 369 2042 peneilpistciis
383 1967 448 2024 suis
477 1965 648 2040 loquitur,et
672 1966 802 2040 precipit
830 1964 969 2022 llcclosiis
1024 1969 1135 2020 numct
1146 1967 1372 2038 pauperem:in
1388 1966 1434 2022 die
1451 1965 1529 2023 mula
1542 1966 1678 2024 liberabit
1698 1984 1766 2024 cum
1795 1969 1851 2025 Do-

144 2055 280 2130 gentinrn
294 2073 344 2129 per
358 2072 448 2113 unam
464 2055 590 2127 sabbati,
606 2055 661 2114 hoc
676 2060 731 2124 est,
748 2056 796 2111 die
823 2053 969 2112 dominico
1024 2053 1123 2110 minus
1134 2055 1219 2126 (Paul.
1236 2072 1282 2121 xc,
1299 2055 1335 2128 1).
1351 2076 1365 2106 a
1383 2056 1414 2109 In
1425 2054 1504 2128 vulgi
1530 2057 1708 2128 pauperibus
1736 2061 1851 2114 susten·

146 2159 253 2201 omnes
278 2145 404 2202 conterre
427 2144 542 2214 debere,
573 2161 636 2217 que
671 2142 901 2217 Hierosolymam
938 2143 969 2199 in
1023 2141 1122 2198 tundis
1138 2158 1323 2216 nequequam
1338 2142 1560 2210 intellectu,sed
1575 2143 1760 2218 eleemosyna
1773 2161 1848 2218 opus

143 2237 313 2290 sanctorum
325 2231 430 2290 solatia
445 2232 619 2306 dirigantur,
642 2237 670 2290 et
697 2231 740 2290 vel
768 2248 820 2307 per
839 2231 968 2305 discipu·
1023 2236 1077 2287 est.
1096 2230 1247 2288 lueauctis
1262 2232 1441 2305 pauperibus
1456 2232 1606 2289 beatitudo
1620 2237 1665 2289 est
1685 2232 1851 2307 intelligen-

139 2322 183 2379 los
197 2321 332 2391 sucs‚vel
346 2338 399 2395 per
418 2338 494 2395 quos
513 2322 569 2396 ipsi
585 2322 795 2396 probaverint:
826 2325 854 2378 et
877 2321 902 2377 si
928 2321 969 2377 di·
1022 2321 1080 2387 tiae,
1111 2320 1216 2391 utili.
1245 2325 1278 2376 ut
1301 2324 1330 2377 et
1359 2319 1397 2394 ei]
1421 2321 1447 2375 ei
1477 2320 1594 2390 tribuat,
1624 2322 1674 2394 qui
1701 2323 1850 2380 erubescit

137 2428 231 2486 pum
247 2411 624 2486 luerit,ipseautdirigat,
641 2415 693 2469 aut
715 2412 857 2485 perierat¹
890 2411 968 2483 quod
1023 2407 1167 2480 accipere:
1184 2409 1458 2480 etcumacoeperit‚
1483 2408 1574 2466 dolet:
1604 2414 1718 2492 metens
1747 2427 1850 2469 carna-

136 2501 299 2560 collectum
312 2505 367 2558 est.
384 2501 415 2556 ln
431 2501 552 2558 Actibus
567 2517 684 2575 quoque
698 2501 897 2572 apostolorum
926 2498 968 2556 lo·
1022 2495 1072 2568 lia,
1088 2501 1116 2552 et
1131 2495 1444 2570 seminansspiritalia.
1457 2498 1538 2562 Quod
1550 2503 1648 2556 autem
1665 2499 1770 2556 asserit
1798 2517 1848 2558 eos

136 2608 232 2665 quens
245 2591 285 2647 ad
316 2589 440 2647 Felicem
460 2589 633 2664 presidem:
651 2613 665 2642 ι(
691 2590 759 2648 Post
786 2605 889 2655 annos,
918 2589 968 2656 ait,
1024 2586 1129 2642 melius
1144 2585 1249 2655 facere,
1265 2585 1316 2659 qui
1333 2589 1455 2643 utuntur
1466 2587 1554 2643 rebus
1569 2587 1642 2656 suis,
1658 2591 1688 2644 et
1702 2588 1846 2663 paulatim

135 2678 470 2756 plnres,eleemosynas
498 2679 628 2736 lecturus
656 2680 687 2736 in
716 2683 832 2752 gentem
860 2694 969 2746 meam,
1023 2675 1843 2750 tructuspossessionumsuarumpauperibusdividunt,

135 2771 201 2827 veni
216 2767 675 2842 fliemsclymam‚etublationes
702 2773 732 2826 et
754 2773 821 2824 vota
846 2767 874 2823 in
903 2766 967 2840 qui·
1023 2779 1112 2837 quam
1128 2763 1195 2821 illos
1210 2765 1261 2837 qui
1276 2764 1514 2838 possessionibus
1541 2766 1727 2836 venundatis,
1754 2768 1846 2826 semel

135 2861 191 2917 bus
208 2858 396 2916 invenerunt
424 2872 472 2913 me
495 2856 685 2930 purificatum
706 2856 736 2912 in
761 2854 869 2929 templo
899 2855 967 2929 (Act.
1023 2853 1309 2927 omnialarginniur,
1321 2870 1380 2911 non
1393 2871 1410 2910 a
1425 2870 1472 2911 me
1485 2854 1512 2911 ei
1527 2853 1582 2928 [At.
1599 2855 1663 2925 eisl,
1675 2857 1726 2912 sed
1752 2875 1768 2914 n
1793 2858 1847 2914 Dc·

135 2945 538 3018 urv,17,18).»Nunquid
563 2943 592 3000 in
622 2944 679 3001 alia
698 2949 780 3018 parte
813 2949 968 3010 terrarum,
1024 2941 1104 2997 mino
1117 2942 1358 3015 respondebitur:
1376 2965 1389 2992 a
1407 2943 1436 2999 bi
1449 2943 1492 2999 vis
1508 2959 1572 3000 esse
1587 2945 1743 3016 perlectus,
1761 2946 1844 3015 vade,

135 3043 163 3096 et
197 3039 229 3094 in
264 3033 416 3104 Ecclesiis,
446 3051 520 3106 quas
548 3039 703 3092 nascentes
737 3035 793 3092 fide
822 3051 875 3091 sua
900 3049 969 3090 eru·
1022 3030 1717 3106 veudeomuiequeababes,etdapauperibus:
1735 3034 1845 3091 etveni

135 3126 327 3198 dictaeque
343 3123 380 3180 ab
404 3121 471 3180 aliis
517 3129 680 3196 acceperut,
731 3123 858 3180 dividere
909 3139 967 3178 non
1024 3120 1390 3191 sequereme(llattt.x1x,
1417 3121 1472 3193 21).
1490 3142 1505 3172 »
1533 3121 1575 3178 Ad
1606 3139 1674 3180 eum
1698 3122 1842 3196 loquitur,

136 3214 276 3289 poterat?
315 3213 371 3270 Sed
411 3215 579 3269 sanctorum
617 3211 747 3270 locorum
788 3205 1691 3286 pauperihusCquivultesseperlectus,quicumapostolis
1718 3216 1845 3284 patrem,

137 3305 230 3361 dare*
260 3301 410 3376 cupiebat,
441 3300 492 3372 qui
516 3317 586 3358 suas
614 3317 666 3374 pro
693 3301 820 3359 Christo·
845 3299 966 3357 faculta-
1023 3295 1187 3353 naviculam
1204 3298 1448 3354 etretedimittit.
1473 3301 1530 3354 late
1553 3315 1643 3372 quem
1670 3305 1702 3356 tu
1730 3300 1847 3372 laudas,

140 3391 220 3449 tuias
244 3390 458 3463 relinquentes,
484 3390 519 3445 ad
547 3389 664 3448 Domini
701 3389 871 3447 servitutem
908 3393 969 3446 tota
1022 3385 1170 3442 sccundus
1185 3391 1236 3442 aut
1247 3387 1299 3459 [ll.
1316 3388 1353 3459 ei]
1369 3389 1472 3444 tertius
1483 3389 1592 3462 gradus
1620 3395 1674 3459 cst,
1701 3407 1789 3463 quem
1815 3395 1845 3448 et

141 3484 242 3537 mente
268 3478 399 3536 conversi
429 3482 507 3534 sunt.
533 3483 665 3552 Longum
696 3482 742 3536 est
774 3494 853 3535 nunc
882 3477 907 3533 si
933 3477 969 3534 de
1024 3491 1077 3532 uos
1097 3474 1265 3547 recipimus,
1282 3476 1442 3533 dummodo
1457 3477 1585 3534 sciamus
1596 3477 1845 3549 prima'secundis

148 3568 265 3624 cunctis
279 3566 406 3638 epistolis
419 3568 485 3638 ejus
504 3567 603 3624 omnia
626 3566 796 3625 testimonia
825 3564 969 3624 revolvere
1024 3569 1052 3620 et
1066 3564 1160 3622 tertiis
1174 3565 1364 3638 preferenda.

148 3653 280 3723 voluero,
295 3655 439 3728 inquibus
453 3654 508 3713 hoc
523 3655 594 3730 agit,
624 3660 653 3713 et
679 3660 739 3713 totu
766 3659 865 3712 mente
888 3655 969 3712 testi·
1059 3652 1103 3708 t5.
1127 3653 1238 3710 Vticae
1265 3654 1386 3711 conditio
1401 3657 1461 3711 ueri
1480 3655 1618 3724 morencii,
1642 3658 1759 3713 Vituudi
1785 3674 1845 3716 mc·

147 3749 211 3813 net,
228 3743 588 3818 utilierosolymamctad
604 3750 705 3802 sancta
733 3745 797 3802 loca
826 3743 969 3802 credenti·
1023 3741 1113 3798 accho
1139 3747 1262 3815 aspectus
1285 3743 1447 3800 mulierum.
1472 3775 1507 3786 -
1535 3749 1593 3801 Nec
1622 3763 1712 3802 asuo
1745 3747 1847 3806 studio

142 3833 341 3908 buspecuniae
354 3833 538 3908 dirigantur:
555 3851 612 3890 nou
628 3835 658 3891 in
673 3833 839 3907 avaritiam,
859 3835 911 3891 sed
939 3834 969 3890 in
1023 3830 1158 3886 monachi
1174 3831 1338 3888 deterrendi
1354 3834 1431 3890 400
1446 3837 1516 3890 sunt
1529 3851 1547 3890 a
1561 3837 1589 3890 te
1604 3834 1705 3908 lingua
1730 3835 1849 3909 viperea

140 3924 340 4000 refrigerium,
357 3939 416 3981 non
431 3923 467 3980 ad
484 3923 601 3980 divitias
613 3925 844 3999 congregandas,
859 3925 909 3981 sed
933 3924 969 3980 ad
1024 3923 1053 3974 et
1069 3935 1168 3974 morsu
1186 3919 1356 3988 sevissimo,
1382 3921 1417 3978 de
1446 3922 1554 3994 quibus
1580 3924 1796 3998 argumentaris
1820 3928 1850 3983 et

143 4013 383 4072 imbecillitatem
399 4012 564 4085 corpusculi
579 4014 813 4082 sustentandam,
826 4017 854 4071 et
878 4013 972 4086 trigas
1025 4008 1099 4065 dicis
1115 4026 1122 4064 ε
1138 4008 1166 4064 Si
1182 4024 1284 4065 omncs
1299 4027 1329 4066 se
1344 4010 1503 4068 clauserint
1512 4014 1532 4079 ⁸,
1549 4017 1578 4069 et
1592 4013 1698 4070 luerint
1723 4014 1754 4070 in
1778 4013 1850 4071 soli·

139 4109 230 4178 atque
243 4103 376 4161 inediam
402 4105 479 4161 wo
508 4102 723 4161 declinandam,
741 4105 799 4162 Hae
817 4103 847 4160 in
870 4104 972 4161 Judaea
1023 4097 1136 4164 tudine,
1151 4097 1219 4170 quis
1230 4098 1389 4156 celebrabit
1403 4101 1661 4174 Ecclesiaslquls
1692 4103 1847 4161 seculares

138 4210 236 4268 nsque
250 4192 341 4249 bodie
351 4197 556 4265 perseverante
584 4193 807 4262 consuetudine,
836 4209 894 4250 non
923 4211 970 4251 ³0.
1026 4184 1161 4243 homines
1188 4185 1369 4244 lucrifaciet?
1392 4188 1459 4261 quis
1487 4195 1640 4262 peccantes
1668 4191 1703 4247 ad
1726 4191 1849 4250 virtutes

139 4283 205 4338 lum
220 4282 299 4355 apud
316 4297 385 4350 nos,
398 4279 448 4338 sed
472 4285 501 4338 et
525 4281 603 4355 apud
632 4281 777 4350 Hebreos,
807 4286 840 4338 ut
863 4283 913 4355 qui
940 4282 971 4338 in
1025 4275 1473 4347 poteritocbortaritHocenim
1489 4278 1732 4336 modusicmnes
1749 4281 1849 4336 tecum

139 4369 207 4444 lege
220 4369 340 4428 Domini
355 4369 539 4426 meditantur
552 4371 599 4427 die
615 4385 649 4428 aa
667 4375 752 4427 nocto
767 4372 853 4440 (Psal.
881 4389 900 4442 ι,
931 4372 970 4444 2),
1026 4363 1183 4432 seminini,
1200 4365 1317 4440 sapiens
1334 4365 1664 4440 quisessepoterittltt
1693 4366 1851 4440 virginitas

137 4463 300 4533 etpstrem
316 4458 542 4516 nonhabentin
560 4459 720 4530 terra,nisi
739 4459 836 4518 solum
867 4461 971 4529 Deum,
1026 4469 1084 4510 uon
1101 4453 1156 4510 erit
1171 4455 1368 4528 approbanda.
1385 4456 1499 4512 Sienim
1514 4472 1616 4514 omnes
1630 4456 1759 4531 virgines
1789 4456 1851 4515 lue-

137 4564 363 4624 symgogarum
378 4547 429 4603 ’et
439 4548 529 4605 totius
540 4548 620 4606 orbis
635 4548 788 4606 foveantur
800 4550 972 4607 ministeriis
1027 4541 1208 4616 tint,nuptloe
1222 4561 1279 4600 non
1295 4548 1396 4601 erunt:
1414 4543 1546 4602 interibit
1559 4545 1723 4604 humanum
1739 4561 1851 4620 genus}

135 4641 234 4710 (nect.
248 4653 332 4708 xviri,
348 4637 449 4710 2sq.);
467 4653 501 4694 ex
515 4637 680 4711 equalitate
696 4638 838 4694 (inurunt
854 4655 913 4695 non
940 4644 973 4696 ut
1027 4629 1153 4688 infantes
1169 4631 1198 4686 in
1213 4633 1297 4688 cunis
1309 4649 1367 4688 non
1388 4635 1524 4708 vagient;
1544 4634 1715 4692 obstetrices
1740 4636 1853 4708 absque

138 4726 214 4782 dits
227 4725 465 4800 surgeriarum
480 4724 595 4782 attissa
608 4726 759 4784 tribulatio
776 4729 844 4786 :seo
860 4732 892 4784 ut
906 4727 974 4786 alte
1029 4719 1213 4777 mercedibus
1228 4721 1455 4780 mendicabunt:
1487 4729 1515 4780 ei
1540 4725 1714 4794 gravissimo
1744 4723 1852 4796 regom

139 4829 219 4872 rum
240 4813 432 4881 abnndantia,
462 4814 587 4872 alierum
607 4820 753 4876 sustentat
780 4817 908 4891 inopiam
938 4819 975 4892 (η
1028 4805 1109 4864 solus
1128 4807 1177 4875 [Al.
1194 4809 1320 4882 solutus]
1336 4815 1424 4884 atque
1442 4816 1610 4868 contractus
1638 4809 1852 4870 Dormitantius

141 4905 213 4962 cor.
229 4919 289 4970 vrri,
303 4903 360 4976 ll).
1028 4894 1161 4969 vigilabit
1175 4895 1203 4952 in
1216 4896 1331 4955 lectulo.
1350 4899 1480 4956 Raraeet
1494 4901 1586 4956 virtus
1602 4917 1653 4956 noc
1674 4915 1690 4954 a
1715 4899 1851 4972 pluribus

181 4990 229 5060 u,
257 4993 449 5066 mmm
489 4995 587 5068 quipp,
623 4997 796 5070 mimum
828 4996 973 5070 swam,
1029 4984 1184 5058 appetitur.
1200 4988 1294 5060 Atque
1304 4987 1417 5044 utinam
1433 4987 1487 5045 hoc
1505 5004 1607 5046 omnes
1633 4992 1741 5060 essent,
1772 4989 1852 5064 quod

157 5299 163 5310 ¹
178 5227 187 5262 ¹
202 5223 260 5282 ter.
278 5226 390 5281 Bonon.
407 5228 458 5282 cut
468 5228 669 5314 perscrutate.
686 5245 720 5286 ax
736 5245 803 5287 mon
821 5231 887 5288 Veni
900 5231 975 5317 otic-
1030 5239 1156 5313 polibus.
1172 5243 1225 5297 tls.
1241 5235 1352 5296 bonon.
1369 5237 1569 5297 deindehabet
1589 5258 1624 5298 ec
1650 5242 1809 5316 equalitate
1826 5243 1854 5299 et

138 5309 236 5353 trenes
251 5303 279 5352 et
291 5299 354 5352 uota
368 5297 466 5369 offerre
481 5314 511 5353 m
524 5300 635 5371 cuatus,
661 5305 716 5358 otc.
746 5303 858 5376 absque
881 5305 976 5362 livero-
1030 5311 1225 5379 ituduutcxat,
1243 5317 1298 5368 etc.

121 5369 298 5496 ¹romum·
533 5439 539 5454 ι
592 5441 622 5453 ..
863 5449 868 5459 Ι
1066 5381 1284 5464 ‘Yeriusputo
1312 5384 1391 5455 quod
1420 5383 1623 5468 habentmss.
1650 5401 1763 5451 omnes,
1787 5385 1852 5458 ipso

241 5437 751 5512 cmierecunrveterredrtrone,sed
778 5456 880 5505 auectas
905 5465 975 5522 pau·
1030 5457 1297 5524 Martianaeotestc,
1314 5455 1487 5522 recluserant,
1516 5459 1593 5529 quod
1622 5460 1676 5523 est,
1705 5475 1735 5512 se
1765 5454 1851 5512 clau·

277 5509 354 5593 darc.
401 5583 406 5594 .
574 5585 580 5594 ¹
957 5592 962 5603 1
1032 5524 1170 5606 denduab
1191 5525 1302 5585 aliisse
1324 5527 1444 5585 ararint.
1474 5527 1645 5606 Exemplum
1662 5528 1752 5584 habes
1769 5524 1847 5602 apud

166 5583 247 5656 litus
273 5597 316 5638 rar
344 5581 477 5666 npdrnem
505 5583 641 5671 explicat,
662 5587 814 5672 multaque
848 5596 979 5667 congerit
1030 5597 1137 5658 tustra.
1154 5613 1212 5658 acu
1228 5615 1286 5658 uuo
1301 5543 1418 5662 fulcos.

139 5651 416 5733 exempladcctrss.
434 5653 793 5732 P.Bacchrn1us,mlrbro
812 5661 848 5722 de
876 5666 977 5724 listro·
