4056 6170
107 341 188 414 tire
614 301 1306 412 concernendamsactesrlsrna.
1728 337 1808 414 tao

101 479 222 540 mannis
237 479 376 540 torant¹:
402 481 431 539 et
454 477 561 539 nobilis
585 479 712 555 quisque
735 485 763 538 et
788 481 927 554 prudens,
942 489 969 557 Α
984 485 1013 538 et
1027 479 1056 538 in
1073 482 1161 537 Ainos
1178 480 1320 552 scriptum
1344 479 1407 536 ort:
1423 477 1455 536 st
1477 473 1644 539 descenderit
1667 481 1696 538 ic
1718 484 1806 556 inter·

98 575 274 645 paupertate
289 588 458 646 oppressus,
481 571 633 646 gradiatur
653 572 756 628 itinere
775 571 930 644 officioque
983 587 1062 639 acm,
1079 569 1214 626 mandabo
1233 570 1362 642 serpenti,
1397 576 1422 626 et
1443 569 1576 626 mordebit
1604 587 1648 627 eos
1663 572 1715 644 itt.
1732 573 1806 646 eum]

95 677 263 719 servorum.
275 660 413 718 Hebraeus
424 665 572 734 potentem
586 667 614 718 et
625 661 800 734 principem,
812 679 830 717 a
844 661 929 733 cujus
984 661 1077 730 (Amos
1088 677 1126 728 rx,
1143 660 1180 728 3).

95 749 173 807 facie
199 749 351 834 ignoratio·
367 749 499 805 videatur
523 749 634 820 egredi,
661 749 753 806 Deum
784 750 927 821 exposuit,
1023 747 1104 815 «Qui
1130 746 1277 805 subtrahit
1300 745 1423 818 lapides,
1449 747 1559 804 dolebit
1580 749 1610 804 iu
1634 749 1695 806 eis:
1711 754 1740 807 et
1754 751 1805 823 qui

95 839 176 912 quod
192 843 296 910 puteat
311 837 445 895 homiues
461 839 491 893 in
506 839 560 894 hae
577 839 774 911 inequalitas
797 855 893 894 rerum
906 841 926 910 ¹,
983 836 1090 892 scindit
1105 836 1194 908 ligna,
1211 835 1425 908 periclitabitur
1438 836 1468 892 in
1493 836 1546 893 eis.
1564 861 1575 890 ι
1600 837 1764 896 Volvuntur
1778 843 1806 896 et

94 925 183 983 illum
198 942 257 982 uon
270 927 362 998 juste,
380 931 409 982 ot
423 931 454 982 ut
470 943 586 999 aequum
602 920 655 997 est,
678 927 821 998 judicare.
838 933 927 984 Porro
983 926 1012 981 in
1028 925 1166 981 Zacharia
1181 925 1255 996 (cop.
1272 942 1309 994 rx,
1325 941 1392 980 vers.
1412 927 1456 994 16)
1473 926 1566 981 sancti
1583 926 1696 999 lapides
1718 944 1807 1000 super

98 1015 150 1072 alii
166 1032 234 1072 cum
251 1015 454 1088 superioribus
469 1017 617 1072 aestimant
631 1033 696 1072 esse
717 1018 903 1089 jungendum
919 1033 925 1072 :
983 1019 1101 1070 terram.
1115 1015 1178 1069 Non
1193 1014 1271 1069 euim
1288 1013 1372 1068 lirrna
1389 1013 1418 1068 in
1434 1031 1468 1069 ea
1483 1015 1609 1070 statione
1621 1017 1805 1072 consistunt:

99 1103 137 1160 Ut
151 1104 216 1177 ipse
228 1104 267 1160 sit
281 1107 396 1176 potans,
412 1105 448 1160 de
462 1121 520 1176 quo
537 1107 603 1161 ants
620 1105 674 1161 hos
690 1121 793 1161 versus
808 1105 925 1161 dicitur:
982 1104 1033 1159 sed
1050 1108 1234 1176 praetereunt,
1250 1106 1279 1158 et
1293 1118 1410 1174 semper
1424 1102 1575 1158 adultiora
1588 1103 1724 1176 nitentes,
1737 1105 1806 1160 hinc

102 1211 115 1242 ι
131 1193 162 1250 Si
178 1192 301 1265 spiritus
315 1191 451 1248 habentis
465 1197 639 1265 potestatem
660 1194 824 1250 ascenderit
839 1209 928 1266 super
981 1191 1062 1246 abire
1078 1191 1226 1246 Festinant.
1248 1190 1288 1246 Dc
1310 1189 1358 1245 his
1382 1189 1454 1245 vivis
1478 1189 1626 1262 lapidibus
1640 1197 1669 1249 et
1684 1192 1713 1248 in
1729 1195 1806 1266 Apo-

97 1285 140 1348 tc‚
155 1279 254 1338 locum
271 1285 354 1336 tuum
371 1298 407 1337 ne
422 1281 578 1337 dimiseris.
597 1303 610 1330 a
624 1283 686 1338 Non
709 1282 802 1338 simus
829 1281 927 1354 itaque
982 1280 1089 1352 eclypsi
1116 1281 1187 1351 (cap.
1212 1296 1270 1350 xvi,
1297 1295 1365 1334 cers.
1394 1279 1427 1333 ts
1452 1279 1537 1352 seqq.)
1561 1281 1632 1336 urbs
1646 1279 1805 1337 Salvatoris

97 1369 211 1442 tristes,
228 1370 252 1426 si
269 1369 298 1424 iu
321 1369 375 1425 hoc
399 1369 506 1426 seculo
529 1368 656 1426 humiles
678 1387 743 1426 esse
764 1371 925 1438 videamur,
980 1366 1150 1434 exstruitur,
1177 1371 1205 1423 et
1229 1367 1389 1422 Ecclesiam
1414 1367 1552 1424 edificari
1574 1368 1731 1442 Apostolus
1747 1385 1805 1426 non

97 1457 347 1515 scientesalacie
363 1457 472 1513 diaboli
488 1460 516 1514 et
530 1456 637 1513 stultos
652 1457 927 1525 sublevari,ctdivi·
980 1461 1066 1512 tacet.
1096 1456 1126 1511 Si
1155 1455 1222 1527 quis
1250 1471 1318 1529 ergo
1347 1455 1483 1512 haeretica
1511 1461 1572 1532 arte
1601 1459 1805 1529 perversusde

96 1551 145 1603 tes
161 1546 267 1618 dejici:
285 1561 383 1602 servos
403 1546 532 1618 insignia
553 1546 662 1603 habere
684 1545 881 1615 dominorum,
898 1551 927 1602 et
979 1544 1113 1601 Ecclesiae
1129 1545 1250 1600 aedilicio
1270 1545 1342 1600 istos
1366 1545 1520 1601 abstulerit
1545 1545 1658 1618 lapides
1673 1547 1763 1616 (unde
1778 1551 1806 1603 et

100 1633 252 1707 principes
265 1650 417 1690 servorum
432 1633 545 1706 ingredi
560 1633 680 1690 vilitate.
696 1633 862 1691 Notandum
878 1653 927 1691 au·
981 1633 1131 1706 signanter
1145 1632 1250 1704 Aquila
1269 1637 1297 1688 et
1308 1633 1515 1705 Symmachus,
1531 1651 1582 1706 pro
1599 1651 1642 1704 eo,
1657 1635 1733 1707 quod
1751 1651 1805 1692 nos

101 1725 164 1778 tem
180 1722 254 1794 quod
270 1727 299 1777 et
313 1721 360 1777 hic
376 1723 510 1794 equusin
523 1725 629 1778 bonam
645 1728 757 1794 partem
773 1723 925 1796 accipitur,
981 1721 1146 1794 posuimus.
1163 1743 1177 1772 ο
1193 1721 1247 1786 Qui
1264 1721 1414 1777 subtrabit
1429 1721 1551 1794 lapides,
1568 1721 1677 1779 dolebit
1692 1723 1722 1778 in
1733 1722 1802 1794 eis,s

101 1813 135 1867 ut
149 1811 210 1867 ibi:
228 1832 242 1861 α
260 1811 294 1866 m
308 1810 450 1883 equitatio
466 1819 515 1868 tua
530 1811 621 1867 salus.
641 1835 651 1860 ι
982 1810 1139 1867 dixerunt:
1156 1833 1169 1860 ο
1186 1809 1240 1876 Qui
1259 1809 1398 1866 transfert
1417 1807 1539 1882 lapides,
1556 1809 1765 1867 dilacerabitur
1776 1811 1805 1866 in

140 1922 155 1950 «
173 1899 229 1966 Qui
244 1899 317 1955 lodit
331 1899 452 1968 foveam,
468 1898 498 1955 in
514 1899 609 1972 ipsam
621 1899 739 1970 incidet,
751 1901 827 1958 m
840 1905 868 1957 et
878 1900 929 1973 qui
943 1861 967 1927 Β
982 1899 1046 1968 eis),
1063 1921 1077 1950 n
1093 1903 1195 1972 postea
1210 1902 1354 1954 tormenta
1378 1899 1516 1970 patietur.
1542 1899 1615 1966 Quia
1637 1915 1704 1955 xero
1720 1899 1806 1956 abac·

97 1987 226 2061 dissipat
241 2003 351 2061 sepem,
367 1988 512 2045 mordebit
527 2005 594 2044 eum
612 2005 742 2062 serpens.
762 2011 772 2038 ο
791 1991 830 2045 lix
846 1997 928 2063 parts
982 1986 1043 2043 tute
1057 1987 1207 2059 Scriptura
1222 1986 1271 2056 ait,
1293 2009 1307 2036 ο
1324 1985 1378 2050 Qui
1403 1987 1550 2043 subtrahit
1565 1987 1687 2062 lapides,
1704 2009 1718 2039 n
1735 1989 1805 2060 slve,

97 2075 227 2150 simplex
248 2081 277 2132 ct
297 2092 330 2132 cx
354 2079 435 2149 parte
459 2076 601 2150 mysticus
623 2075 789 2134 intellectus
812 2079 927 2134 estsi·
983 2077 1066 2141 «Oui
1091 2075 1230 2131 transfert
1251 2075 1375 2147 lapides,
1401 2095 1415 2125 ο
1440 2079 1468 2130 et
1487 2093 1545 2131 non
1576 2077 1682 2148 adjecit
1712 2076 1806 2133 bonos

5 2195 8 2218 2
97 2165 220 2239 quidem
236 2170 265 2221 et
279 2162 349 2220 alibi
375 2165 439 2238 ipse
468 2166 606 2222 Salomon
634 2166 697 2222 ait³
723 2167 804 2235 :Qui
830 2171 929 2223 stataet
982 2163 1804 2238 sivemalos;proptereaetecontrariointelligendum,

96 2255 425 2326 laqueemocpictcrm
453 2255 502 2310 itio
528 2253 626 2326 (Eroti.
658 2255 926 2325 xxv11‚2tt).dttn
982 2253 1059 2324 quod
1099 2251 1314 2308 ecclesiasticus
1350 2252 1403 2323 vir,
1443 2252 1597 2324 episcopus
1620 2251 1756 2308 videlicet
1777 2255 1806 2308 et

5 2395 6 2398 ,
96 2342 216 2416 psalmo
232 2342 376 2415 septimo:
396 2347 496 2398 Locum
511 2345 629 2415 spermit,
654 2352 680 2400 et
705 2345 799 2415 effodit
814 2361 886 2414 eum,
903 2348 928 2400 et
982 2341 1142 2414 presbyter,
1167 2340 1191 2396 si
1210 2342 1295 2411 juxta
1310 2340 1482 2396 mandatum
1506 2341 1622 2396 levitici
1646 2341 1717 2412 (cap.
1746 2357 1804 2410 xiv,

95 2431 242 2489 inciditis
255 2435 364 2503 teocam
379 2448 463 2505 qoem
478 2433 553 2502 fecit.
570 2431 654 2504 Sapis
670 2436 768 2487 autem
784 2433 926 2488 maceriae·
980 2445 1050 2484 vcra.
1075 2428 1133 2497 45),
1156 2428 1193 2483 de
1217 2425 1333 2498 leprosa
1357 2427 1410 2498 [At.
1436 2425 1554 2498 leprosi]
1575 2427 1662 2482 domo
1677 2425 1804 2498 lapidem

5 2557 9 2562 -
96 2537 156 2594 que
187 2519 369 2590 convulsioi,
401 2518 601 2576 ecclesiastica
629 2521 768 2592 dogmata
795 2525 875 2587 sunt,
898 2527 928 2578 et
981 2516 1144 2587 abstulerit,
1161 2515 1190 2570 in
1206 2517 1333 2571 cinerem
1357 2518 1386 2570 et
1410 2514 1557 2586 pulverem
1572 2515 1803 2571 conterendum:

5 2637 7 2668 ;
96 2609 247 2666 institutio
262 2610 298 2664 ab
313 2607 455 2681 apostolis
478 2608 689 2681 prophetisque
714 2608 927 2682 fundataque
981 2606 1090 2662 dolebit
1104 2604 1133 2660 in
1149 2622 1181 2662 cc
1197 2605 1272 2676 ipsc,
1289 2603 1366 2676 quod
1392 2605 1427 2659 de
1451 2603 1581 2660 Ecclesia
1604 2603 1709 2659 Christi
1731 2602 1806 2676 lapi·

97 2699 152 2772 qui
167 2697 344 2765 dissolverit,
358 2701 386 2753 et
413 2696 538 2753 voluerit
565 2697 724 2769 praeterire,
755 2697 784 2751 in
814 2701 926 2771 ccipso
956 2695 1047 2750 'dem
1071 2693 1184 2749 auterre
1207 2695 1329 2764 cogatur
1352 2690 1405 2764 [rt.
1429 2691 1564 2765 cogiturl,
1582 2690 1802 2746 dicenssecuu-

5 2817 10 2846 ι
98 2804 161 2861 quo
178 2784 657 2859 negligit,userpeutepercutitur.
672 2785 711 2842 De
726 2803 783 2858 quo
794 2791 927 2857 serpente
980 2783 1050 2838 dum
1075 2779 1266 2854 Apostolum:
1292 2781 1368 2836 Flere
1390 2797 1453 2835 cam
1474 2779 1612 2852 irretitas,
1634 2779 1805 2851 tapes-eccm

6 2919 7 2922 ’
96 2909 299 2977 restituimus,
313 2908 343 2964 iu
360 2907 511 2964 nonnullis
521 2907 603 2964 libris
612 2908 769 2965 exstitisse.
784 2909 867 2966 Sicut
877 2909 926 2966 hu·
979 2912 1046 2965 aute
1061 2905 1262 2963 Martianaeum
1277 2903 1361 2961 libris
1377 2903 1448 2962 velis
1464 2905 1598 2972 retinere,
1609 2902 1715 2976 legesis
1727 2904 1805 2958 liari-

5 2995 8 3016 2
96 2984 207 3055 dieque
233 2984 328 3037 exstat
354 2978 506 3052 paululum
537 2980 678 3036 mendosa
701 2982 730 3034 iu
753 2982 926 3037 ms.codice
979 2979 1061 3046 cbos;
1091 2979 1184 3033 llanai
1212 2975 1330 3049 quippe,
1357 2979 1389 3031 ut
1417 2977 1522 3031 docent
1548 2979 1659 3031 veteres
1693 2975 1805 3031 Horatii

95 3052 275 3118 Cclbertino‚
291 3051 547 3124 inquoscriptum
565 3051 695 3123 reperio:
717 3051 813 3107 Subito
833 3053 924 3108 adia·
979 3048 1154 3121 scholiasta,
1170 3050 1233 3120 epici
1254 3052 1327 3118 sant,
1352 3063 1418 3119 quos
1455 3047 1535 3118 ramo
1567 3047 1718 3116 Bardcnes,
1749 3047 1806 3102 sice

97 3126 161 3182 boto
188 3124 322 3195 dignitate
340 3124 460 3194 perflati,
492 3125 549 3178 vias
574 3122 702 3195 publicas
722 3124 923 3180 reanimarem.
979 3123 1091 3177 duriam
1118 3123 1306 3176 nominemus.
1333 3121 1368 3174 dt
1393 3124 1504 3174 veteres
1529 3116 1658 3173 closae:
1686 3118 1803 3173 naaria.

5 3197 15 3210 ²
96 3197 165 3254 Non
181 3196 259 3268 quod
277 3193 451 3276 inveniebat,
462 3195 512 3250 sed
528 3195 604 3265 quod
618 3193 799 3266 intelligebat
807 3195 926 3268 scripsit
940 3229 961 3295 C
981 3190 1136 3267 Βουρίχοις.
1151 3190 1223 3247 Vide
1239 3208 1301 3263 qua
1325 3189 1515 3245 observamus
1541 3189 1569 3243 in
1597 3188 1683 3258 epist.
1707 3188 1753 3243 66.
1770 3186 1806 3243 ed

7 3275 10 3280 '
95 3266 307 3332 amanuensis;
322 3266 391 3321 hinc
413 3281 464 3337 pro
485 3266 596 3320 mamma
615 3269 716 3333 terent,
733 3267 853 3321 verbum
869 3268 923 3321 mi·
983 3265 1138 3320 t'cmmcch.
1156 3280 1185 3317 n.
1201 3262 1228 3331 8,
1246 3262 1296 3317 ubi
1312 3261 1367 3317 hcc
1381 3260 1458 3316 idem
1474 3259 1679 3332 expunximus.

6 3385 7 3388 ο
94 3342 261 3396 nistrarent.
278 3338 467 3393 corbeienses
486 3335 694 3408 interpolatum
718 3337 923 3393 retinentoon-
1013 3334 1160 3390 ’Palatini
1183 3333 1251 3404 duo,
1277 3339 1310 3388 tn
1332 3333 1454 3388 bimaita
1485 3333 1677 3402 inaequalitate
1699 3345 1803 3401 rerum,

9 3443 10 3446 ο
95 3416 230 3476 textum3
259 3408 367 3463 habent
398 3409 476 3464 enim
502 3413 566 3480 post
591 3423 688 3462 vocem
711 3409 838 3479 publicus
869 3409 923 3464 hoc
978 3411 1034 3462 etc.
1050 3407 1163 3461 sentire
1180 3406 1303 3474 videtur,
1320 3403 1515 3460 Ecclesiastioi
1540 3401 1804 3474 auctoremipsum

96 3481 345 3546 additamentum,
398 3495 464 3551 quos
501 3479 580 3550 calpe
617 3479 736 3535 tarichos
773 3481 922 3552 appellant.
978 3477 1164 3533 Salomonem
1181 3475 1337 3536 exstitisse.
1355 3473 1714 3546 quepluriumsanctum
1726 3471 1804 3528 Grae-

5 3565 7 3572 ’
94 3551 394 3613 Praeterhrecverba
433 3551 533 3606 omnia
569 3551 698 3622 genuina
736 3558 805 3605 sunt
819 3551 849 3606 in
866 3551 924 3606 illis
978 3564 1091 3618 corum,
1114 3563 1180 3602 cum
1207 3546 1378 3601 Latinorum
1407 3547 1523 3600 Petrum
1555 3545 1654 3626 opinio
1682 3542 1747 3614 tuit,
1770 3559 1805 3598 ex

5 3625 13 3636 '
96 3621 325 3694 exemplaribus.
338 3621 479 3679 Craterum
492 3621 667 3677 sententiam
679 3627 852 3694 presentem
862 3639 925 3677 mu·
979 3636 1105 3692 quorum
1120 3635 1209 3674 sensu
1227 3617 1375 3688 putandus
1386 3625 1431 3671 cst
1444 3617 1491 3671 hic
1502 3617 1582 3686 loqur
1595 3615 1799 3684 Hieronymus.

97 3697 205 3751 tuetur
213 3692 413 3765 Hieronymus,
424 3698 453 3750 et
464 3692 582 3765 quidem
595 3692 751 3764 eleganter,
762 3709 795 3748 ex
806 3693 923 3748 Horatio
978 3691 1050 3746 (tuin
1067 3690 1144 3744 enim
1160 3687 1324 3743 accuratius
1347 3703 1408 3740 rem
1434 3686 1609 3758 disquireret
1632 3682 1803 3738 praelatione

6 3811 7 3814 ,
98 3765 250 3831 Flaccmd
266 3765 336 3821 odeo
350 3764 414 3830 lih.,
440 3782 449 3819 1
472 3766 527 3820 ode
550 3766 577 3830 t,
601 3763 632 3818 in
651 3768 764 3819 Monam
785 3764 922 3820 libertum
978 3762 1008 3817 in
1024 3759 1190 3816 Salomonis
1205 3759 1305 3829 libros,
1318 3757 1416 3813 abillo
1428 3753 1802 3824 satisluculenteradjudi-

5 3835 9 3902 f
95 3835 229 3910 Pompeii
244 3783 358 3909 Klagni:
978 3839 1034 3889 cat.
1051 3833 1093 3887 lta
1108 3831 1220 3903 pridem
1236 3829 1392 3900 Victorius,
1404 3844 1492 3900 quom
1503 3827 1689 3884 Martianeua
1704 3824 1802 3897 sequi·

255 3933 347 3984 &ctus
362 3932 471 4008 flagellis
491 3933 535 4006 tric
557 3932 769 4006 'triumviralibus
978 3910 1036 3972 tur,
1053 3901 1272 3986 ‘inmmdvesfflz
1297 3973 1301 3982 ,
1330 3973 1335 3983 ,
1578 3970 1583 3980 ,
1747 3963 1753 3976 .
1795 3966 1801 3978 ,

287 3996 418 4046 amomi
429 3995 461 4044 ad
477 3995 620 4052 ragusium,
1012 3976 1023 4010 ⁸
1040 3973 1179 4056 Siquidem
1192 3980 1217 4028 et
1232 3972 1301 4026 ottbt
1324 3986 1381 4042 apae
1403 3969 1528 4026 Salomon
1554 3971 1603 4023 uit.
1628 3967 1716 4023 iesus
1734 3964 1801 4022 lrbn

256 4058 320 4108 brat
334 4057 440 4108 Falerni
454 4057 526 4106 milla
541 4057 618 4107 tundi
630 4055 743 4120 jugere:
978 4045 1171 4102 Ecclesiastioi
1183 4044 1309 4114 scriptor
1319 4043 1356 4097 ab
1367 4047 1485 4098 auctore
1496 4042 1661 4116 Synopsecs
1671 4038 1801 4094 Athana·

286 4120 445 4194 Etlhppiaur
461 4121 568 4169 mannis
579 4119 641 4192 terit
652 4133 662 4192 τΙ
695 4180 700 4191 Ι
979 4119 1022 4174 sio
1038 4116 1170 4200 ascriptae
1184 4115 1293 4170 dicitur
1308 4109 1408 4173 ὀπαδὸς
1427 4115 1476 4166 τοῦ
1502 4107 1696 4183 Σολομῶντος,
1712 4109 1803 4166 idest

254 4181 441 4246 S⁰d¹¹¹b¹¹fltl⁰⁶
455 4194 568 4244 magnus
582 4195 608 4229 ¹¹¹
624 4193 717 4243 immi
728 4193 810 4244 ⁴³‘lues
978 4189 1131 4244 Solomonia
1145 4187 1265 4252 exsertim
1282 4185 1351 4268 quia
1365 4186 1394 4239 in
1411 4183 1571 4240 condendis
1581 4181 1729 4256 parabolis
1742 4196 1802 4236 mc·

285 4244 388 4294 ⁰²h⁰¹¹⁰
403 4249 555 4308 ⁰⁰⁰²“m9‘0
570 4244 652 4294 ⁸²³⁸*
977 4261 1049 4315 dum
1065 4257 1230 4315 Salomonis
1246 4264 1447 4327 rationemque
1462 4255 1598 4324 tenuerit,
1613 4269 1646 4309 ac
1656 4251 1801 4324 plurimas

5 4391 6 4398 ἶ
90 4333 241 4392 Ευωάοω
266 4347 386 4388 sonsum
411 4332 520 4388 hebent
543 4331 653 4389 Horatii
669 4331 809 4402 carmina,
836 4328 923 4403 quoru
978 4330 1138 4387 sententias
1154 4335 1183 4386 et
1198 4328 1350 4401 parabolas
1374 4330 1438 4398 ejus
1464 4325 1660 4398 descripserit.
1677 4323 1739 4388 Qua
1756 4339 1801 4378 ra·

90 4403 289 4463 Ecclesiastes
316 4403 386 4459 dum
416 4403 478 4460 ait:
508 4403 573 4460 Vidi
609 4419 700 4459 certios
724 4418 806 4473 caper
831 4419 912 4475 equos
977 4403 1057 4458 tione
1072 4401 1206 4457 homines
1222 4400 1298 4454 docti
1315 4399 1473 4471 contigisse
1496 4415 1512 4454 o
1534 4398 1662 4462 ineatur,
1679 4399 1801 4450 ntvcte·

7 4507 11 4513 ·
90 4483 151 4534 etc.
168 4475 258 4532 Porro
274 4474 372 4556 Hanni
388 4479 472 4531 erant
497 4476 577 4546 parvi
602 4474 680 4546 equi,
698 4474 740 4529 sic
759 4473 829 4528 dicti
845 4447 922 4546 quod
978 4491 1044 4529 rum
1060 4477 1178 4528 Petrum
1196 4470 1326 4543 plerique
1342 4476 1490 4526 auctorem
1510 4415 1704 4524 {eclesiastici
1720 4464 1802 4522 Salo-

90 4547 324 4604 mansuetudtue
358 4546 532 4602 familiarius
567 4563 689 4602 manum
719 4551 922 4616 sequerentur.
977 4539 1635 4616 monempradicent,etnomineSalornonis
1654 4539 1801 4594 idearum

89 4621 293 4690 Hieronymus
308 4617 431 4690 epistola
445 4618 480 4672 ad
503 4617 713 4673 Pammachium
737 4633 827 4687 super
841 4617 922 4673 obitu
938 4601 963 4667 D
979 4615 1191 4689 scriptionibus
1203 4631 1259 4669 non
1271 4631 1337 4668 raro
1348 4612 1498 4684 citetur,ut
1508 4611 1556 4667 hic
1567 4611 1602 4667 ab
1615 4609 1799 4682 Hieronymo,

88 4689 226 4748 Paulinae
240 4688 351 4760 uxoris,
366 4691 510 4746 Ferceates
526 4690 643 4756 dariam,
657 4688 717 4744 sive
733 4688 832 4744 tardos
846 4705 924 4744 mac·
978 4689 1029 4760 qui
1046 4702 1155 4742 morem
1171 4685 1217 4742 sui
1234 4685 1374 4812 temporis
1390 4687 1507 4741 secutus
1524 4682 1649 4739 habebat
1659 4679 1800 4736 Ecclesia·

89 4779 143 4820 nos
158 4765 253 4818 vocat.
269 4765 411 4816 linarias.
515 4775 519 4782 ·
976 4761 1083 4816 sticum
1100 4757 1176 4813 inter
1190 4773 1279 4830 opera
1312 4757 1465 4812 alomonis.
1478 4749 1617 4826 Legimus
1628 4752 1707 4808 enim
1721 4749 1798 4822 apud

130 4835 139 4870 ¹
156 4833 241 4890 Unus
255 4848 271 4888 e
286 4837 396 4904 septem
414 4847 487 4887 mss.
504 4829 681 4903 quoshocin
695 4828 758 4885 loco
774 4829 922 4887 consului·
976 4830 1131 4904 Origenem
1148 4829 1274 4884 Honrilia
1287 4832 1322 4883 22
1338 4829 1366 4883 in
1384 4828 1493 4883 librum
1509 4832 1723 4882 Nummorum:
1741 4843 1755 4873 ο
1767 4820 1800 4877 lu

5 4951 11 4974 „
88 4921 173 4977 mus,
189 4904 327 4960 inventus
350 4907 395 4958 est
419 4901 510 4958 Vatia.
538 4902 588 4974 qui
604 4905 691 4971 recte,
715 4905 748 4955 ut
762 4902 919 4974 edidimus,
975 4900 1049 4957 libro
1065 4901 1115 4973 qui
1132 4899 1208 4971 apud
1227 4916 1278 4955 nos
1294 4899 1411 4971 quidem
1438 4899 1514 4952 inter
1538 4893 1703 4952 Solomonis
1717 4892 1798 4948 volu·

88 4977 214 5050 legeret.
232 4977 359 5031 Tantum
382 4976 459 5046 equis
482 4973 578 5044 habet,
602 4988 653 5045 pro
676 4974 787 5027 mancis
822 4973 921 5028 minus
975 4971 1166 5028 minahaberi
1181 4969 1264 5040 solet,
1276 4977 1305 5025 et
1316 4969 1538 5026 Ecclesiasticus
1549 4967 1605 5022 dici
1618 4983 1624 5020 :
1637 4964 1715 5036 apud
1726 4965 1799 5020 Gre-

87 5047 233 5122 equidem
246 5047 329 5116 bene,
353 5061 452 5101 cuma
474 5049 535 5101 crte
556 5045 745 5100 Horatiauum
762 5017 833 5098 iliud
849 5045 920 5114 Epo·
976 5061 1025 5100 ros
1038 5061 1115 5112 vero,
1131 5041 1281 5114 Sapientia
1301 5041 1371 5098 iesu
1401 5041 1450 5095 lilii
1474 5039 1574 5095 Sirach
1595 5035 1798 5117 appellatum»

87 5121 145 5176 don
167 5118 221 5174 lib.
245 5135 264 5188 r,
287 5117 335 5172 cd.
359 5117 384 5186 l,
405 5117 435 5171 in
488 5133 573 5172 enam
595 5115 743 5184 libertum,
761 5115 791 5168 ct
807 5115 921 5186 Appiam
975 5116 1042 5179 Oura
1057 5115 1145 5170 verba
1160 5131 1218 5168 aon
1232 5111 1358 5183 Origcni,
1375 5113 1424 5167 ard
1450 5111 1553 5166 lludno
1580 5109 1656 5164 inter
1679 5107 1730 5163 reti
1746 5108 1798 5161 tri-

87 5191 205 5248 mcmeis
226 5189 299 5258 terit,
320 5187 513 5261 Hieronymus
538 5186 659 5242 alludat.
682 5185 811 5242 Aliorum
836 5203 921 5258 porro
974 5188 1116 5243 buuntur.
1132 5185 1213 5239 Unde
1229 5183 1320 5254 liquet
1335 5181 1570 5238 Ecclesiasticnm
1586 5197 1641 5252 apn
1681 5178 1798 5234 Latinos

86 5263 229 5319 codicum
262 5259 364 5315 eadem
396 5259 508 5330 plerum
534 5274 569 5313 ue
597 5262 626 5313 et
649 5257 721 5313 talea
749 5257 833 5313 lectio
857 5263 919 5315 cat:
976 5256 1229 5314 interSulomonis
1250 5255 1399 5309 volumina
1423 5255 1512 5309 tuisse
1534 5252 1797 5320 relatumsequo·

86 5335 236 5406 Dipnitcte
255 5348 306 5404 per·
326 5331 435 5402 flagitio
458 5277 570 5403 pubiicu
594 5329 725 5403 (quidam
748 5329 860 5384 arldnut
873 5347 919 5384 sa-
975 5347 1039 5384 rum
1056 5335 1154 5382 tannen
1171 5343 1293 5381 nurnero
1310 5325 1548 5381 rrrurriicstissirnc
1569 5325 1739 5396 segregatus
1754 5324 1799 5376 est

86 5405 256 5468 attinentur)
279 5419 345 5474 quos
364 5403 444 5472 culpo
463 5403 583 5472 lysichos
601 5401 744 5472 rrpyrcllxmt
766 5399 826 5470 (alii
849 5401 919 5455 inri-
976 5401 1051 5472 apud
1072 5399 1279 5469 Hieronymum
1295 5396 1463 5452 Perictione
1481 5397 1509 5450 in
1531 5396 1620 5450 libros
1634 5392 1798 5448 Salomonis

84 5478 164 5546 cher,
184 5473 227 5530 rel
251 5473 365 5542 luridos,
388 5475 431 5529 vel
454 5463 533 5528 uliud
558 5473 674 5544 aliquod
693 5470 820 5527 nominis
838 5491 919 5527 mon-
975 5471 1123 5527 esterisois
1139 5475 1167 5524 et
1181 5468 1448 5530 obelisdistinrtos‚
1461 5467 1615 5538 dequibus
1628 5463 1798 5536 plenissime

87 5547 199 5614 strum)
221 5548 355 5614 nxryister
376 5549 442 5600 artie
458 5544 513 5612 (Al.
541 5545 643 5616 autern)
668 5543 769 5598 renititis
796 5545 918 5616 qui-syna,
974 5543 1103 5598 diximus
1120 5541 1148 5595 in
1164 5540 1221 5595 llnc
1239 5557 1245 5593 ι
1262 5539 1353 5612 partis
1368 5539 1539 5596 Bibliothecae
1561 5539 1663 5594 diuinae
1685 5536 1715 5592 S.
1733 5532 1797 5588 Hie-

88 5621 150 5674 ctc.
174 5615 325 5672 Glossema
344 5621 441 5671 autern
469 5615 542 5670 illud
566 5614 735 5675 omisimus.
757 5615 834 5685 quod
858 5616 917 5670 eS.
975 5613 1099 5680 ronymi.
1117 5617 1256 5666 tlanrmx.

88 5687 221 5746 doctoris
234 5687 348 5745 calamo
364 5688 485 5745 minime
516 5685 833 5756 rolectumvidebatur,
872 5703 920 5742 aas
1009 5671 1124 5741 *l’enra
1148 5682 1262 5739 dicuin.
1286 5682 1363 5754 Sepia
1386 5685 1476 5738 autem
1500 5680 1680 5750 confiscatio,
1705 5671 1793 5727 liceto-

6 5797 7 5804 .
86 5761 175 5838 culpo
189 5760 301 5820 teriam
316 5758 469 5832 appellant.
483 5705 566 5826 &aad
583 5757 608 5816 si
631 5761 731 5815 tamen
748 5773 816 5816 cum
832 5691 920 5815 agitis
974 5759 1096 5830 siastica,
1113 5759 1168 5814 otc.
1184 5755 1216 5813 ln
1231 5753 1353 5812 Palatia.
1368 5770 1440 5812 mss.
1456 5753 1567 5822 etmlsio,
1583 5754 1637 5806 etc.
