4054 6168
211 304 289 372 4094
827 301 861 365 S.
884 293 1040 366 ousaatt
1063 297 1298 364 HlDRDNYllll.
1395 319 1397 324 ’
1831 295 1907 363 m

246 463 261 490 a
277 441 345 506 Due
364 431 547 495 abundantia
569 438 614 491 est
639 434 765 503 facienti,
792 435 821 490 in
848 435 955 506 quihus
971 435 1034 505 ipsc
1049 437 1076 500 Α
1091 451 1160 498 anit,
1176 436 1230 505 31),
1247 434 1341 490 instar
1360 432 1533 489 animalium
1557 445 1750 506 provocamur
1774 430 1828 501 [lt.
1843 445 1904 501 pro·

208 528 333 586 loborat.
349 525 415 583 Vidi
430 522 661 596 occupationem,
678 540 767 596 quam
793 522 873 577 dedit
897 521 966 577 filiis
981 522 1033 577 ha·
1092 524 1259 596 vocemur];
1285 524 1335 578 sed
1361 522 1523 578 secundum
1555 521 1757 595 Apostolum:
1783 518 1906 576 Habentes

209 617 335 683 minum,
352 617 384 670 ut
399 617 577 684 occupentur
591 612 621 667 in
644 628 687 668 ea.
715 612 855 667 Universa
880 611 948 667 iecit
962 611 1038 666 bona
1090 614 1194 668 uictam
1221 616 1247 668 et
1262 613 1399 678 vestitam,
1411 611 1455 666 hic
1464 613 1687 667 contentionibus
1698 611 1723 681 (l
1733 609 1810 666 Tim.
1820 607 1901 677 vat).

209 706 240 763 in
256 710 386 777 tempore
400 719 465 772 suo,
482 701 645 773 etquidem
661 701 801 756 sacculum
818 700 938 755 deditio
950 700 1037 755 corda
1091 704 1124 756 ut
1144 700 1197 770 [att.
1222 701 1261 769 etl
1286 699 1438 772 quidquid„
1456 715 1546 772 supra
1565 699 1672 755 babere
1695 711 1864 769 possumus,
1877 693 1904 750 in

209 811 321 860 cerunt,
339 797 444 848 utnon
460 789 590 846 inveniat
603 776 776 862 hamo'opus
787 790 864 860 quod
880 789 948 844 facit
959 793 1036 844 Deus
1090 788 1270 860 pauperibus
1286 787 1451 844 nutriendis
1473 792 1502 842 ct
1516 787 1666 860 egentium
1681 784 1838 858 largitione
1848 799 1910 840 con·

208 884 245 939 ab
260 882 343 938 initio
363 897 457 953 usque
471 882 500 935 ib
516 879 617 936 finem.
634 902 648 929 n
674 880 736 934 Non
761 895 807 934 me
831 877 906 951 lugit
929 878 1033 950 quida
1090 893 1255 933 sumamus.
1272 877 1370 944 Porro,
1385 877 1531 948 quiscere
1545 875 1658 932 Domini
1669 872 1905 940 varusestcibus‚

207 970 354 1044 plerisque
370 971 399 1026 in
418 970 471 1024 hac
487 968 549 1024 laco
567 968 678 1023 dictum
701 968 747 1034 sit,
774 968 850 1024 m
870 967 947 1039 quod
968 982 1034 1039 pro·
1090 970 1119 1020 et
1134 965 1256 1038 sanguis
1272 966 1336 1036 ejus
1361 982 1447 1020 verus
1462 968 1507 1020 cst
1530 968 1628 1037 patus,
1647 964 1733 1035 juxta
1754 961 1907 1035 ἀναγωγήν,

191 1063 305 1131 pterea
327 1059 404 1115 Deus
418 1057 447 1113 in
461 1056 598 1130 presenti
614 1055 719 1112 seculo
731 1056 818 1112 etiam
830 1071 1033 1128 perversorum
1088 1053 1143 1110 hoc
1157 1053 1253 1110 solam
1270 1054 1415 1110 bohemus
1430 1054 1460 1108 in
1477 1053 1612 1125 presenti
1628 1051 1733 1109 seculo
1749 1052 1870 1117 honum,
1885 1049 1907 1106 si

206 1147 379 1220 dogmatum
400 1146 550 1218 magistris
566 1144 743 1201 concesserit
753 1143 984 1216 occupationem,
997 1159 1033 1198 ne
1087 1159 1242 1200 vescamur
1256 1159 1342 1199 carne
1357 1144 1432 1214 ejus,
1460 1147 1488 1198 et
1504 1158 1605 1199 cruore
1631 1130 1777 1215 potemur,
1796 1156 1856 1196 nan
1869 1155 1910 1194 sa·

207 1251 292 1292 mens
307 1234 437 1291 hominis
452 1235 546 1290 otiosa
560 1236 749 1306 torpesceret,
775 1237 804 1287 at
824 1232 878 1289 hoc
901 1249 965 1288 csse
982 1233 1032 1287 bo·
1088 1231 1148 1288 lum
1164 1232 1194 1286 in
1210 1231 1351 1304 mysterio
1374 1231 1570 1302 (Enattarinia)
1592 1231 1654 1299 sed,
1677 1230 1766 1286 etiam
1791 1229 1822 1283 io
1838 1227 1907 1284 Scri·

205 1339 289 1394 num,
307 1323 382 1396 quad
401 1321 605 1380 lecitDeusin
630 1327 762 1394 tempore
789 1338 853 1388 sua,
883 1319 1032 1376 etnibilo-
1087 1325 1239 1393 pturarum
1264 1319 1396 1376 lectione.
1421 1320 1514 1376 Verus
1541 1319 1620 1376 enim
1649 1319 1732 1376 cibus
1760 1321 1791 1374 et
1814 1321 1908 1390 potus¹

206 1415 306 1470 minus
323 1413 444 1483 nequire
469 1427 518 1466 cos
543 1416 679 1467 naturam
705 1415 733 1466 et
758 1426 857 1466 rerum
879 1409 1031 1466 scientiam
1087 1409 1183 1482 quiex
1198 1409 1285 1466 uerbo
1310 1408 1361 1464 Dei
1386 1409 1524 1476 sumitur,
1549 1408 1670 1466 scientia
1694 1406 1908 1479 scripturarum

186 1533 188 1552 .
206 1500 462 1574 comprehendere.
478 1497 548 1553 Mihi
574 1515 643 1554 vero
668 1499 704 1554 ab
724 1497 854 1563 Hebraea,
873 1498 923 1568 qui
940 1514 985 1552 me
1001 1496 1030 1552 in
1086 1503 1139 1555 est.
1154 1499 1303 1571 Nccputat
1314 1497 1504 1570 aliq'uisillud
1519 1515 1536 1554 a
1549 1497 1667 1553 Balaam
1683 1496 1907 1570 prophetatum:

206 1589 364 1662 Scripturis
379 1587 514 1652 erudivit,
525 1588 567 1642 ito
582 1589 747 1660 expositum
762 1591 826 1642 est:
843 1587 914 1641 Cum
932 1585 1031 1641 anania
1085 1589 1142 1643 Nan
1158 1587 1299 1642 arietabat·
1314 1589 1342 1642 in
1366 1587 1457 1652 tacco,
1473 1602 1560 1658 nequa
1583 1585 1660 1641 datar
1674 1587 1705 1640 in
1717 1585 1805 1640 lsrael
1820 1585 1906 1652 (itan.

205 1693 259 1734 suo
279 1678 415 1732 labantur
430 1680 570 1749 tempore,
589 1681 618 1732 ot
633 1677 671 1732 sit
685 1679 802 1748 tempus
818 1675 988 1731 destruendi
1003 1677 1031 1730 et
1086 1693 1166 1744 ama,
1191 1677 1247 1746 23).
1271 1675 1345 1730 Huic
1370 1675 1548 1732 contrarium
1575 1690 1651 1742 esse,
1676 1673 1754 1745 quod
1779 1673 1908 1728 muneris

205 1766 377 1831 edificandi,
395 1765 483 1821 Dandi
500 1769 586 1836 atquo
602 1764 728 1835 ridendi,
751 1765 865 1820 tacendi
884 1768 971 1836 atque
985 1763 1030 1818 lo·
1047 1799 1069 1864 B
1088 1765 1135 1821 Dei
1159 1782 1223 1820 esse
1238 1764 1364 1820 dicitur:
1381 1765 1412 1820 Si
1426 1767 1489 1837 qais
1503 1764 1626 1821 annectat
1641 1767 1667 1818 et
1685 1762 1769 1830 hibat,
1786 1769 1811 1818 et
1823 1766 1907 1816 asna·

205 1853 325 1926 quaeat,
349 1858 378 1909 et
401 1857 505 1909 caetera
524 1869 590 1925 quea
623 1854 700 1908 dieta
734 1853 769 1907 de
797 1857 926 1926 tempore
950 1857 1030 1920 sunl,
1085 1854 1293 1909 dathanamin
1314 1870 1392 1909 arnna
1418 1854 1509 1910 habore
1531 1869 1590 1909 aaa.
1616 1851 1712 1908 Multis
1736 1850 1902 1923 quippetri-

206 1942 277 2015 quid
293 1942 404 1998 trustra
419 1958 560 1998 conamur
575 1944 604 1998 ct
628 1939 787 2009 tendimus,
812 1946 841 1996 et
856 1942 951 1997 brevis
966 1941 1029 1996 vitea
1087 1941 1252 1998 halationes
1264 1943 1424 2014 justorum.
1441 1943 1476 1998 tot
1491 1943 1526 1997 de
1540 1939 1756 2014 bisApostolus
1766 1940 1902 2011 queritur,

205 2030 319 2087 labores
333 2035 472 2104 pariamus
488 2047 552 2086 csse
568 2031 750 2104 perpetuas?
764 2031 821 2086 {lca
838 2030 965 2086 contenti
981 2048 1030 2086 su·
1084 2031 1229 2087 inlabere
1245 2035 1273 2086 et
1287 2031 1385 2087 dolore
1402 2031 1411 2064 ¹
1425 2031 1548 2088 sudasse
1562 2046 1593 2086 se
1615 2031 1716 2085 dicens
1734 2029 1774 2099 (ll
1788 2028 1848 2084 Car.
1862 2031 1904 2096 a).

206 2136 272 2177 mus
287 2121 448 2177 secundum
463 2119 669 2192 Evangelium,
686 2119 866 2176 malitiadici
879 2117 1030 2191 :nihilque
1086 2121 1142 2176 Sed
1158 2136 1224 2175 cum
1240 2120 1275 2176 de
1288 2120 1335 2176 his
1350 2136 1408 2175 nos
1419 2120 1449 2174 in
1460 2120 1557 2175 laturo
1567 2118 1710 2174 Dominus
1721 2117 1902 2174 liberaverit:

204 2209 412 2265 incrastinum
432 2209 594 2280 cogitemus
609 2207 713 2280 (llatth.
729 2227 769 2276 ut,
786 2209 842 2278 34).
859 2207 933 2272 Quid
950 2207 1028 2264 enim
1086 2209 1146 2264 lton
1161 2211 1215 2265 erit
1234 2208 1312 2265 labar
1338 2211 1369 2264 in
1393 2209 1483 2276 lacot,
1508 2224 1596 2280 nequa
1616 2207 1694 2263 datar
1713 2209 1744 2262 in
1765 2209 1863 2262 lsrael.
1877 2206 1909 2262 tat

204 2314 363 2372 possumus
376 2297 483 2354 habere
494 2297 524 2352 in
535 2297 589 2354 hcc
602 2296 706 2352 sacculo
718 2296 845 2369 emplius
855 2295 1027 2365 laborando,
1085 2299 1231 2370 quomado
1248 2297 1320 2353 illud
1338 2297 1483 2368 legimus:
1500 2299 1578 2352 Beati
1593 2297 1699 2366 slantes,
1715 2297 1849 2368 quoniam
1859 2297 1908 2364 ipsi

204 2387 235 2442 in
249 2403 306 2460 quo
320 2386 349 2441 id
365 2389 480 2442 tantum
496 2385 665 2442 hominibus
681 2403 698 2441 a
712 2385 769 2441 Deo
789 2385 891 2441 datum
907 2391 953 2440 cst
972 2404 978 2452 ;
996 2389 1028 2440 ut
1083 2388 1212 2444 nitebant
1228 2389 1303 2459 (hnc.
1319 2404 1359 2454 ut,
1377 2387 1441 2455 21).
1462 2390 1490 2442 et
1505 2386 1583 2442 risus
1604 2388 1703 2441 noster
1715 2384 1771 2441 dab
1787 2384 1907 2456 prophe·

204 2475 651 2541 aliusaliasectandohaberet,
676 2475 705 2529 in
731 2475 838 2546 quibus
861 2475 1029 2542 crudiri‚at
1083 2476 1174 2530 tantis
1206 2476 1293 2532 verba
1326 2475 1506 2536 sectabitur:
1543 2477 1686 2530 l'ernatnni
1712 2489 1742 2530 as
1762 2473 1908 2545 replebitur

204 2580 335 2620 exercere
357 2581 388 2621 sa
416 2564 537 2637 posset?
559 2565 636 2620 Deus
656 2563 929 2635 enimomaoquod
947 2564 1023 2632 tecit,
1082 2565 1210 2637 pandia³
1232 2565 1289 2636 (lah
1318 2582 1380 2632 rau,
1414 2565 1480 2636 21);
1510 2563 1553 2618 sic
1581 2579 1660 2618 nunc
1689 2562 1786 2618 labore
1812 2564 1908 2617 nostro

203 2654 314 2710 bonum
329 2658 383 2721 est,
400 2655 450 2710 sed
467 2653 617 2710 honumin
633 2657 763 2724 tempore
778 2669 841 2708 sua.
856 2653 969 2708 Danum
982 2656 1026 2708 cst
1083 2655 1210 2710 fruimur
1220 2654 1249 2709 in
1264 2653 1347 2710 bonis
1358 2652 1505 2726 operibus,
1519 2667 1570 2724 par
1581 2668 1668 2724 quem
1680 2654 1908 2724 coangustamur

203 2741 324 2814 vigilare
336 2745 422 2815 etque
438 2742 564 2799 dormire
576 2761 582 2798 :
601 2760 654 2800 nco
669 2749 766 2799 umen
777 2759 894 2814 semper
906 2741 1026 2815 vigilare

204 2835 256 2886 eut
273 2831 400 2888 dormire
415 2833 525 2888 bonum
542 2836 597 2897 est,
613 2831 823 2904 qulcvicisslm
831 2832 913 2901 juxta
926 2831 1026 2903 dispo-

203 2920 338 2978 sitionem
353 2921 403 2977 Dei
419 2922 529 2977 bonum
546 2925 590 2977 est
605 2922 848 2993 unumquodque,
867 2937 934 2976 cum
951 2935 1027 2993 opus
1084 2966 1089 2978 .

202 3015 256 3066 est.
272 3009 358 3066 Dedit
372 3026 490 3082 quaque
504 3010 582 3066 Deus
596 3009 740 3064 mundum
751 3009 786 3063 ad
798 3009 1025 3064 inhabitandum

202 3097 382 3166 hominihus,
400 3103 432 3154 ut
445 3099 581 3154 truantur
594 3097 784 3153 varictatibus
804 3101 981 3170 temporum,
997 3101 1026 3154 ct
1099 3143 1104 3156 .

202 3202 260 3242 noo
272 3190 403 3258 querant
418 3187 562 3242 decausis
577 3202 673 3241 rerum
687 3185 864 3242 cotarellum
877 3188 1024 3258 quomodo

201 3277 298 3330 creato
314 3273 374 3329 sint
389 3274 506 3330 omnio:
527 3290 617 3346 quara
641 3274 695 3330 hoc
718 3274 762 3330 vel
787 3274 858 3329 illud
878 3275 914 3330 ab
939 3275 1024 3333 initio

200 3361 303 3418 mundi
319 3363 461 3434 usquead
477 3364 761 3420 consummationem
774 3363 872 3419 iecerit
882 3380 1022 3434 cresccre,

201 3467 329 3520 manere,
353 3452 472 3509 mutari.

236 3562 251 3590 a
271 3539 399 3614 Cognovi
414 3541 484 3614 quic
499 3559 556 3598 non
581 3545 626 3598 cst
652 3543 773 3608 honum,
799 3542 856 3598 nisi
880 3541 981 3610 laetari,
998 3548 1026 3599 et

201 3631 294 3686 iacere
309 3631 418 3686 bonum
435 3629 463 3686 in
479 3631 538 3686 vita
552 3648 614 3686 sua.
631 3632 666 3686 llt
689 3631 808 3703 quidem
825 3632 1024 3688 omnishomo

199 3719 249 3791 qui
266 3719 401 3788 eomedit,
419 3724 448 3776 et
462 3720 546 3784 bibit,
564 3723 592 3775 ct
607 3721 734 3776 ostendit
750 3706 860 3776 honum
876 3722 882 3754 ¹
901 3720 929 3776 in
946 3737 1025 3776 cmm

200 3807 299 3865 labore
314 3826 377 3878 suo,
394 3826 428 3866 cx
444 3809 519 3866 dono
536 3809 582 3864 Dei
611 3813 664 3864 cst.
691 3831 703 3858 a
729 3810 883 3880 Propterea
906 3809 1025 3866 colonus

200 3902 229 3953 et
252 3897 358 3970 hospes
383 3899 486 3954 mundi
511 3899 598 3955 hama
620 3899 707 3955 datiis
731 3904 785 3965 cst,
812 3903 845 3955 ut
869 3889 1025 3954 brevi'vitce

201 4000 261 4039 suaa
282 3985 396 4041 truatur
409 3989 550 4060 tempore,
567 3993 594 4042 ct
609 4004 660 4059 spe
682 3986 848 4060 prolixioris
868 3988 962 4044 fetatis
978 3988 1026 4043 ab·

201 4073 307 4143 scissa,
322 4077 427 4130 cuncta
443 4092 506 4148 quae
523 4077 664 4148 possidet,
681 4077 764 4149 quasi
789 4078 824 4132 ad
841 4077 914 4133 olias
930 4078 1025 4149 proie-

201 4166 303 4218 cturus
316 4163 449 4236 aspiciat,
465 4169 493 4219 et
508 4167 585 4237 quod
603 4167 656 4237 [At.
674 4167 830 4238 quantum]
849 4171 943 4238 potest
954 4169 1026 4222 beno

201 4251 289 4308 faciat
304 4251 333 4306 in
355 4253 412 4307 vita
437 4270 509 4310 sua:
536 4271 587 4310 nec
615 4255 725 4310 lrtastra
747 4255 783 4309 oh
805 4256 1026 4326 congregandas

201 4356 271 4410 opes
297 4341 524 4415 cogitationibus
548 4345 730 4414 torqueatur.
766 4342 864 4413 Neque
888 4359 918 4398 se
947 4348 1028 4415 putat

202 4429 270 4501 plus
283 4430 384 4486 desua
398 4429 497 4486 labore
517 4430 622 4486 lucrari
650 4447 747 4502 possa,
772 4446 860 4500 quam
886 4432 984 4487 cibum
1000 4437 1028 4488 ct

202 4520 314 4589 potum,
332 4522 360 4574 et
375 4519 398 4574 si
415 4519 485 4591 quid
502 4520 537 4575 dc
552 4519 658 4592 opibus
674 4519 736 4574 suis
748 4519 777 4574 in
791 4519 876 4574 bonis
888 4521 1027 4592 operibus
1046 4539 1068 4604 D
1085 4569 1097 4620 t

203 4606 382 4679 expenderit,
402 4606 458 4662 hac
481 4608 576 4663 solum
601 4607 711 4662 donum
742 4609 818 4663 413
845 4606 895 4664 Dei
921 4613 974 4664 est.
991 4609 1031 4664 lla

203 4695 323 4767 quibus,
339 4712 408 4761 non,
425 4700 457 4750 ut
472 4695 590 4768 quidam
620 4695 778 4763 estimant,
794 4697 829 4752 acl
845 4695 992 4752 luxuriam
1005 4703 1033 4753 ct

204 4784 1030 4857 delicias,etaddesperatioacm‚secundumilludlsaia:

204 4873 397 4932 Manducemus
412 4884 437 4932 ct
461 4875 595 4942 titanas,
620 4891 683 4930 crac
705 4877 780 4930 anian
801 4876 952 4930 moriemur
966 4877 1030 4948 (lan.

1082 2749 1110 2800 ot
1125 2743 1298 2816 premimur,
1316 2747 1348 2798 ut
1363 2745 1463 2815 postca
1478 2741 1611 2798 laborare
1626 2757 1788 2798 cessemus.

1119 2899 1133 2926 «
1148 2876 1274 2949 Cognovi
1289 2875 1358 2947 quia
1372 2875 1471 2930 omnia
1484 2891 1547 2946 quc
1562 2873 1629 2930 lecit
1644 2877 1730 2941 Deus,
1746 2873 1810 2945 ipsa
1824 2877 1904 2929 erunt

1082 2984 1111 3020 tn
1128 2969 1281 3033 aeternum,
1295 2980 1383 3036 super
1398 2963 1448 3020 illa
1463 2980 1520 3020 nan
1542 2967 1636 3036 potest
1660 2962 1739 3031 addi,
1755 2965 1785 3018 et
1800 2961 1903 3017 abillis

1081 3072 1139 3111 non
1157 3059 1252 3127 potest
1266 3053 1390 3120 oulerri3
1409 3057 1436 3108 et
1451 3052 1528 3108 Deus
1554 3052 1621 3108 lecit
1643 3055 1676 3108 ut
1690 3050 1816 3108 timeant
1832 3051 1874 3106 ol
1891 3080 1903 3093 ·

1081 3160 1124 3200 ete
1148 3143 1219 3215 ejus.
1238 3164 1251 3192 a
1268 3140 1345 3197 Nihil
1370 3146 1416 3197 eet
1434 3141 1464 3196 in
1489 3141 1598 3197 mundo
1624 3140 1701 3212 quod
1727 3155 1837 3196 navum
1858 3139 1902 3195 sit.

1081 3232 1156 3289 Solia
1173 3248 1289 3298 cursus,
1306 3237 1334 3286 et
1347 3230 1423 3286 lunae
1439 3229 1527 3294 uices,
1547 3234 1575 3285 et
1599 3233 1684 3286 terrae
1707 3230 1902 3300 arborumque

1079 3322 1205 3388 siccitas,
1222 3320 1266 3376 vel
1284 3321 1370 3388 viror,
1388 3336 1453 3375 cum
1471 3319 1904 3392 ipsomundonatasuntatqua

1079 3416 1215 3467 concreta
1234 3411 1253 3466 ⁴.
1280 3410 1313 3464 ut
1337 3408 1444 3466 idcirco
1470 3414 1545 3465 Deus
1560 3412 1651 3466 carta
1673 3407 1788 3462 ratione
1804 3410 1905 3463 cuncta

1081 3499 1250 3555 moderatus
1266 3503 1321 3566 cst,
1337 3503 1365 3554 et
1382 3498 1476 3569 jussit
1490 3497 1628 3553 humanis
1643 3495 1748 3551 usibus
1762 3495 1903 3552 elementa
1998 3535 1999 3580 ,

1080 3589 1197 3656 servire,
1214 3591 1247 3643 ut
1261 3587 1397 3643 homines
1412 3585 1473 3641 hacc
1495 3585 1637 3654 videntes,
1662 3583 1832 3656 intelligunt
1845 3597 1904 3640 esse

1018 3720 1023 3731 .
1081 3677 1294 3749 providentiam
1313 3675 1366 3748 [at.
1379 3675 1592 3747 prudentiaml
1614 3678 1642 3730 et
1662 3673 1790 3730 timeant
1804 3691 1821 3729 a
1836 3671 1904 3727 lucie
1998 3691 1999 3708 ¹

1081 3767 1142 3835 Dci,
1161 3767 1231 3820 dum
1244 3782 1279 3820 ex
1289 3781 1386 3819 rcrum
1395 3762 1572 3836 aequalitate,
1584 3779 1683 3830 cursu,
1696 3763 1813 3829 ordine,
1823 3767 1905 3832 atqua

1081 3855 1247 3910 constantia
1266 3851 1460 3924 ⁵intelligunt
1474 3861 1644 3909 creatorem.
1658 3853 1735 3907 414
1751 3851 1906 3908 Invisibilia
1998 3919 1999 3926 ἵ

1081 3946 1155 4000 anian
1169 3945 1220 4000 Dei
1233 3944 1244 3978 ⁶
1257 3959 1309 4014 par
1322 3959 1354 3999 co
1372 3957 1436 4014 qam
1458 3944 1530 4012 [acta
1551 3950 1624 4004 sant,
1650 3941 1792 3997 intellecta
1803 3940 1904 4010 canapi·
1998 3939 1999 3988 i

1081 4035 1193 4088 ciuntur
1208 4050 1214 4088 :
1231 4033 1427 4103 sempiternom
1442 4047 1548 4103 quaque
1572 4033 1658 4085 vertas
1678 4031 1738 4101 ejas
1760 4040 1787 4087 et
1808 4029 1907 4086 diuini.

1082 4126 1123 4177 tna
1137 4123 1259 4192 (llam.,t
1275 4122 1331 4190 20).
1349 4120 1429 4185 Quod
1443 4119 1468 4175 si
1489 4117 1680 4185 voluerimus,
1706 4119 1797 4190 priori
1820 4133 1906 4176 sensa
1998 4129 1999 4144 ¹

1082 4210 1271 4283 Dnito‚quasi
1289 4209 1415 4280 scopite
1438 4208 1551 4281 legero:
1579 4210 1610 4263 Et
1633 4209 1701 4264 Deus
1726 4210 1804 4280 iecit,
1830 4209 1905 4263 atti·

1080 4301 1172 4356 nnant
1185 4315 1203 4354 a
1217 4299 1290 4372 sacia
1304 4299 1373 4365 cias,
1390 4297 1436 4353 hic
1453 4315 1557 4353 sensus
1573 4303 1635 4353 cst:
1661 4301 1738 4353 Deus
1753 4297 1853 4352 omnia
1868 4295 1906 4350 la·

1082 4387 1130 4455 cit,
1147 4393 1179 4442 ut
1192 4387 1317 4442 timeant
1332 4385 1465 4442 homines
1489 4387 1525 4442 ab
1549 4403 1593 4454 eo,
1617 4386 1694 4458 quod
1723 4387 1816 4442 semel
1831 4386 1904 4442 Deus

1083 4476 1240 4546 disposuit,
1275 4475 1305 4529 in
1335 4474 1413 4530 aliud
1442 4474 1588 4530 declinare
1607 4477 1627 4529 ⁷.
1658 4474 1785 4532 Pulchre
1811 4479 1905 4531 autam

1098 4563 1269 4637 cmpernvit,
1286 4564 1405 4619 dicens:
1424 4565 1455 4620 tlt
1469 4565 1581 4620 timeant
1607 4581 1624 4619 a
1645 4567 1717 4636 tocie
1741 4566 1800 4637 ciac
1824 4561 1905 4636 (eset.

1086 4651 1502 4726 xxxin,17).Vultusquippe
1523 4652 1638 4709 Domini
1658 4669 1748 4726 super
1773 4653 1906 4710 iacientes

1087 4743 1174 4800 malo.
1232 4787 1235 4793 .

1123 4877 1224 4942 «Quid
1241 4876 1379 4948 estquod
1403 4876 1482 4932 luit‘l
1509 4877 1609 4949 ipsum
1632 4877 1709 4950 ‹pacd
1735 4881 1780 4934 cst
1803 4881 1904 4946 etque

242 5052 345 5108 ¹ldom
375 5053 498 5109 Palatia.
533 5053 670 5119 Gaancdct,
695 5061 720 5109 ct
747 5055 829 5122 bibat,
859 5063 884 5110 et
913 5056 1032 5113 anecdot
1085 5058 1159 5120 atine,
1174 5057 1341 5128 equalitate,
1358 5064 1383 5112 et
1397 5055 1634 5123 a·anatanlia;cui
1659 5071 1694 5111 ex
1718 5049 1901 5128 porteconci·
1998 5135 1999 5138 Ἴ

206 5123 310 5179 anianae
324 5139 383 5182 ecee
403 5129 512 5194 tanam,
531 5129 587 5180 etc.

242 5193 253 5224 ²
269 5197 322 5246 Pro
338 5197 367 5250 in
383 5197 486 5267 (latare,
505 5196 651 5252 Palatinus
667 5195 749 5262 alter,
774 5198 803 5251 ia
818 5196 995 5254 abstinentia.

208 5347 243 5387 ex
258 5330 356 5389 (irtaco
380 5341 471 5406 textu,
496 5340 524 5394 in
549 5357 607 5410 quo
631 5343 676 5394 cst
698 5334 832 5412 γέλωτος,
859 5345 920 5395 tum
938 5359 972 5397 ex
987 5359 1030 5409 oo,

209 5403 287 5536 §aad
302 5402 337 5458 da
353 5408 423 5474 rica,
439 5425 496 5464 non
513 5411 548 5465 dc
562 5410 671 5480 pertidia,
688 5426 784 5465 sermo
800 5410 966 5484 Hieronymi
982 5415 1029 5470 sit.

143 5497 149 5510 =
236 5474 285 5531 ihil
302 5491 368 5532 vcro
384 5483 484 5535 contra
499 5497 569 5535 mss.
588 5482 673 5537 fidem
690 5481 908 5538 immutandum
924 5489 977 5542 cst.

245 5547 401 5603 ‘Vatican
415 5553 496 5621 atquc
506 5556 657 5620 concreata,
674 5553 732 5608 iere
748 5557 780 5607 ut
794 5553 909 5610 alcuin.
926 5564 1029 5613 arcula.

246 5619 351 5680 lIdem
367 5619 511 5688 vatican,
526 5621 568 5678 Ea
591 5637 686 5677 raram
709 5623 852 5696 qualitate,
876 5642 971 5697 aaran,
987 5643 1030 5684 ar-

1086 5131 1129 5184 nit
1141 5129 1300 5184 Palatinus,

294 5259 299 5274 ,
1121 5201 1303 5256 “lauin'hitta
1328 5201 1403 5254 enim
1426 5199 1484 5254 Dei.
1509 5198 1699 5268 llanaseripti
1724 5198 1899 5254 corbeienses
1998 5211 1999 5216 ¹

243 5261 424 5332 ³Vtctorius‚
447 5285 499 5340 pro
523 5268 635 5340 ancilia,
662 5267 761 5338 reponi
790 5267 853 5322 niu
883 5271 1031 5336 risn,tum
1087 5271 1128 5327 sie
1152 5273 1263 5345 legunt.
1289 5271 1435 5327 Ineiaihiln
1457 5271 1531 5325 enim
1553 5288 1570 5325 a
1591 5273 1721 5325 creature
1742 5269 1838 5325 anandi
1854 5277 1899 5336 per

1085 5360 1116 5399 aa
1132 5359 1193 5414 quat
1215 5347 1289 5414 iccata
1312 5351 1388 5408 stunt,
1414 5343 1555 5397 intellecta
1580 5341 1795 5413 conspiciantur.
1815 5339 1895 5395 uim.
1998 5355 1999 5416 ᾗ

1120 5415 1130 5449 ⁷
1144 5421 1214 5497 Dum
1232 5416 1352 5470 Erasmo
1368 5419 1396 5470 et
1407 5413 1533 5469 Victoria
1545 5413 1635 5469 Vatia.
1649 5429 1715 5484 ms,
1728 5399 1896 5469 Necinatiud

1085 5485 1295 5614 decfinlffareatind
1309 5557 1458 5613 declinare.
1471 5554 1553 5611 Falso
1569 5556 1646 5627 apud
1662 5557 1773 5613 Drasm.
1789 5557 1815 5609 ot
1826 5549 1892 5606 llat-

1084 5626 1156 5701 tiau,
1173 5627 1310 5704 legimus,
1324 5629 1380 5688 lter
1391 5629 1422 5686 in
1436 5626 1516 5684 alind
1529 5626 1677 5688 aeclinare.
1692 5629 1828 5688 marna.
