4078 6162
136 309 198 381 σοι
688 304 1296 384 nrsnnocrtntsnnosrnrans.
1777 279 1848 386 lar

135 437 257 522 πλησίον
299 457 352 522 τῆς
393 449 599 530 προειρημένης
632 449 741 518 πόλεως
774 452 877 527 ἠξιώθη
915 459 967 524 τῆς
980 457 1094 524 Anum
1109 455 1270 528 principem
1288 471 1477 528 perseverans
1493 455 1514 527 ¹,
1528 459 1605 515 tolus
1620 446 1695 516 θείω
1711 453 1845 514 fundavit

133 543 307 616 κοιμήσεως.
1022 545 1153 617 rexitque
1169 543 1322 612 Ecclesiae,
1337 549 1366 601 et
1381 543 1529 603 conlectus
1549 545 1641 614 senio,
1663 547 1847 621 sexagesimo
1909 583 1910 588 ι

1021 638 1121 690 octavo
1136 638 1203 706 post
1217 635 1384 704 passionem
1410 634 1525 692 Domini
1553 651 1630 693 auno
1659 636 1794 696 mortuus
1822 637 1844 708 ἵ,

1016 724 1103 796 juxta
1116 723 1250 780 eamdem
1266 723 1369 780 urbem
1385 724 1519 798 sepultus
1534 730 1588 784 est.

870 857 984 915 CAPUT
1003 858 1035 915 X.

178 971 288 1048 Ἐρμῖις,
305 969 366 1026 οὔθ
387 965 557 1032 ’Δπθστολος
583 971 652 1034 πσὸς
677 970 828 1046 Ῥωμαίους
855 971 966 1050 γράφων
1058 973 1185 1030 Hermon
1200 974 1221 1040 ³,
1238 975 1322 1045 cujus
1335 973 1484 1046 spostolus
1507 974 1615 1030 Paulus
1635 975 1672 1031 ad
1696 975 1845 1032 Romanos

145 1062 280 1136 μέμνηται
308 1105 314 1130 ,
344 1061 514 1115 Ἀσπάσασθε
556 1059 732 1137 ’Δσύγκριτον
760 1107 766 1130 ,
797 1058 939 1136 Φλέγοντα
961 1105 967 1131 ,
1024 1062 1155 1119 scribens
1172 1063 1307 1119 meminit
1322 1079 1328 1118 ἕ
1346 1063 1662 1136 Sctutculsyucrttum,
1679 1065 1843 1135 Pttepoutc,

145 1155 274 1225 Ερμᾶν,
314 1143 481 1225 neptem,
518 1153 645 1225 Ἑρμῆν,
688 1146 797 1224 λέγεται
840 1147 969 1220 αὐθέντης
1024 1153 1318 1222 normannorum,
1335 1154 1450 1209 Hannon
1473 1154 1494 1222 ί,
1514 1157 1541 1208 ct
1566 1162 1615 1225 qut
1627 1169 1690 1208 cum
1718 1154 1757 1209 etc
1784 1155 1846 1224 [rc-

137 1239 304 1314 γιγενῆσθσι
336 1232 435 1313 βίθλσο
464 1237 660 1315 ἐσιγραρείσης
690 1239 821 1311 Ποιμην,
851 1237 913 1307 ἥτις
943 1235 968 1292 ἓν
1024 1241 1256 1312 tressuutlllom.
1281 1259 1337 1309 xvi,
1365 1241 1421 1314 li),
1446 1246 1583 1298 usserunt
1607 1245 1755 1298 auctorem
1779 1250 1845 1299 esse

135 1347 207 1384 τισιν
228 1323 406 1388 άνατολικαῐς
435 1326 509 1385 841
541 1323 700 1396 ἐκκλησίαις
729 1323 849 1398 δημοσίᾳ
876 1327 969 1400 άναγι-
1024 1329 1103 1398 libri,
1119 1329 1258 1402 848qui
1273 1331 1581 1404 appellaturPutlor⁵,
1597 1333 1624 1386 et
1653 1329 1732 1404 apud
1756 1345 1845 1403 quas-

136 1416 283 1472 νώσνιετσι.
314 1416 364 1470 Καὶ
393 1412 504 1484 ἀληθῶς
533 1416 673 1491 χρήσιμος
700 1416 714 1470 ὁ
744 1413 838 1490 λόγος,
868 1417 912 1495 ἀφ’
938 1417 969 1470 οὔ
1025 1420 1092 1475 dam
1109 1419 1456 1491 Graciaslicclesiasjam
1476 1419 1592 1493 publice
1613 1418 1721 1494 legitur
1741 1419 1763 1496 ί.
1790 1419 1845 1476 nc·

139 1502 243 1560 πολλοὶ
271 1509 326 1559 τῶν
356 1501 479 1558 παλαιῶν
509 1504 686 1582 συγγραφέων
718 1501 871 1578 insalsum
903 1525 970 1582 μαρ-
1024 1523 1092 1564 vena
1120 1508 1201 1564 utilis
1216 1507 1299 1576 liber,
1312 1510 1456 1582 multique
1471 1509 1507 1566 de
1522 1525 1555 1566 eo
1570 1507 1747 1582 scriptorum
1768 1511 1845 1564 vele·

138 1591 231 1670 τυρίας
250 1613 256 1624 ·
273 1590 348 1648 ἀλλὰ
376 1593 449 1669 παρὰ
471 1597 530 1654 τοῖς
557 1593 706 1667 Ῥωμαίοις
733 1590 872 1669 ἄγνωστος
900 1590 968 1649 εἶναι
1025 1613 1091 1653 rum
1107 1613 1284 1671 usurpavere
1311 1599 1321 1632 ⁷
1350 1596 1528 1655 testimonia.
1552 1598 1607 1654 Sed
1629 1598 1706 1670 apud
1729 1596 1849 1655 Latinos

141 1679 223 1740 δοκεῖ.
1025 1701 1099 1758 ροσε
1113 1685 1231 1760 ignotus
1246 1690 1292 1742 est
1304 1687 1325 1743 ⁸.

873 1837 989 1894 CAPUT
1008 1837 1054 1894 Xl.

175 1947 269 2005 Φίλων
286 1946 428 2019 Ἰουδαῖος,
457 1949 564 2026 τεχθεὶς
593 1947 620 2004 ἐν
650 1947 850 2027 Ἀλεξανδρείᾳ,
875 1951 1008 2027 γὲνουςΒ
1059 1954 1143 2011 Philo
1157 1955 1289 2024 Judaeus,
1305 1956 1424 2013 natione
1439 1955 1650 2014 Alexandrinus
1665 1957 1686 2026 ⁸,
1698 1955 1849 2030 degenere

142 2035 246 2112 ίιρὲιον.
272 2033 306 2091 δι’
333 2035 415 2092 αὐτοῦ
443 2044 506 2093 ncc'
528 2039 608 2110 ἡμῶν
637 2038 734 2112 μεταξὺ
758 2043 811 2094 τῶν
826 2037 971 2110 ἐκκλησισ-
1026 2044 1222 2115 sacerdotum,
1237 2045 1346 2101 idcirco
1362 2063 1379 2102 a
1394 2046 1479 2103 nobis
1494 2047 1570 2102 inter
1584 2045 1742 2119 scriptores
1756 2050 1849 2104 scole·

144 2129 245 2182 στινίαν
280 2127 439 2204 συγγαρίων
480 2126 604 2182 τάσσεται
631 2171 638 2196 ,
666 2126 775 2201 ἐπείπερ
817 2129 880 2204 περὶ
919 2135 971 2198 τῆς
1025 2133 1160 2189 sinsttcos
1176 2133 1303 2205 ponitur,
1334 2134 1405 2206 quia
1431 2132 1541 2191 librum
1570 2133 1606 2192 de
1634 2135 1730 2207 primu
1758 2131 1849 2191 Marci

141 2214 259 2290 πρώτης
306 2217 417 2292 Μάρκου
466 2214 659 2291 εὐαγγελιστοῦ
707 2216 734 2271 ἐν
780 2214 971 2294 Ἀλεξανδρείᾳ
1025 2220 1208 2293 evengelista
1223 2222 1300 2294 apud
1315 2220 1520 2278 Alexandriam
1536 2221 1847 2291 scribensncctesiaw,

138 2301 306 2374 Ἠκκλησίας
328 2305 507 2382 γράρων,είς
536 2299 643 2360 ἐ’παινον
671 2311 725 2360 τῶν
754 2306 895 2382 ἡμετέρων
911 2326 969 2382 χω·
1025 2310 1055 2365 in
1073 2309 1492 2366 nostrorumlnudeversntus
1512 2314 1567 2379 est,
1595 2325 1655 2367 non*
1677 2310 1773 2367 solum
1798 2326 1848 2368 eos

137 2397 192 2469 ρεῑ,
209 2391 241 2449 ού
269 2391 351 2466 μόνον
378 2393 471 2448 αὐτόθι
500 2393 598 2457 αύτούς
623 2392 696 2450 ἀλλά
723 2395 768 2450 καί
797 2395 822 2449 ἐν
852 2391 971 2457 πολλαῖς
1025 2397 1077 2465 lbi,
1093 2399 1143 2454 sed
1160 2398 1190 2454 in
1206 2397 1308 2454 mullis
1330 2414 1447 2471 quoque
1471 2399 1628 2471 provinciis
1651 2413 1716 2456 esse
1736 2411 1848 2456 memo-

136 2481 287 2558 ὲταρχίαις
322 2482 390 2538 εἶναι
420 2485 540 2561 φάσκων,
571 2484 616 2556 καὶ
648 2485 697 2546 τάς
730 2483 852 2554 οίκησεις
882 2482 970 2537 αὐτῶν
1026 2503 1106 2557 rans,
1121 2490 1150 2542 el
1164 2485 1332 2544 habitacula
1346 2502 1448 2543 eorum
1464 2487 1564 2544 dicens
1575 2487 1752 2544 monasteria
1766 2485 1850 2544 ¹¹.le

136 2569 236 2628 καλῶν
265 2574 443 2648 μοναστηρια.
468 2573 579 2650 Ἀφ’ὧν
609 2570 757 2643 δηλοῦνται
785 2570 914 2642 τοιαύτην
945 2571 971 2642 ἐξ
1026 2591 1082 2646 quo
1098 2580 1219 2648 apparel
1232 2575 1322 2632 talam
1337 2575 1467 2648 primum
1477 2576 1570 2633 Grislo
1581 2576 1763 2633 credentium
1778 2573 1850 2632 fuls-

138 2661 231 2737 ἀρχῆς
264 2663 319 2715 τῶν
352 2665 392 2732 τῷ
434 2666 542 2738 Χριστῷ
581 2662 779 2717 πιστευσάντων
823 2659 970 2732 ἐκκλησίαν
1026 2681 1058 2720 sc
1072 2663 1241 2730 Ecclesiam,
1258 2662 1361 2736 quales
1376 2681 1455 2720 nunc
1476 2664 1613 2721 monaehi
1633 2679 1698 2722 osse
1714 2664 1850 2721 nituntur

138 2751 275 2824 γενάαθαι,
292 2750 384 2804 δττοῖοι
413 2751 439 2804 cl
466 2755 511 2806 νῦν
543 2750 661 2826 μοναχοί
691 2749 758 2804 εἶναι
788 2747 903 2820 ζηλοῦσι
926 2751 971 2804 καί
1026 2753 1087 2825 (ms
1101 2752 1266 2826 imitantur)
1295 2756 1325 2809 et
1348 2752 1480 2825 cupiunt,
1511 2758 1544 2810 ui
1572 2752 1645 2809 nihil
1670 2753 1849 2827 cujusquam

137 2836 330 2912 ἐπιθυμοῦσιν,
365 2837 434 2894 ὥστε
467 2837 551 2912 μηδὲν
583 2836 651 2894 rau
684 2836 756 2915 ἐ’χειν
789 2840 863 2908 τινὰ,
901 2835 972 2912 μηδὲ
1026 2841 1177 2914 proprium
1194 2842 1242 2911 sit,
1259 2840 1360 2898 nullus
1373 2841 1449 2898 iuter
1468 2859 1517 2900 eos
1538 2841 1629 2910 dives,
1654 2839 1753 2899 nullus
1775 2855 1849 2916 pnn-

141 2927 209 2982 είναι
234 2927 274 2988 τίς
303 2926 402 2988 αύτούς
429 2925 560 2983 πλούσιον
589 2929 742 2998 ἢπὲνητα,
762 2929 809 2989 τάς
826 2925 854 2982 δὲ
879 2927 972 2989 ούσίας
1026 2930 1270 3003 per.Palrimonlu
1284 2930 1438 3003 egentibus
1448 2931 1620 2988 dividuntur
1635 2923 1848 3005 [Al.divldunl],

139 3021 199 3078 τοῖς
214 3011 301 3070 ἔθνεσι
326 3013 509 3090 διανέμοντες,
535 3015 629 3092 εύχαῑς
652 3014 819 3093 σχολάζουσι
840 3018 884 3071 καί
899 3014 971 3090 ψαλ-
1026 3017 1151 3075 orationi
1166 3018 1354 3090 vacaturptt.
1370 3019 1526 3090 vaennl]el
1548 3019 1684 3093 psalmis,
1709 3016 1854 3074 doctrinm·

143 3111 217 3178 μοῖς,
248 3102 388 3160 παιδεύσει
416 3125 446 3159 τε
471 3104 672 3182 καίέγκρατείᾳ,
703 3103 777 3167 cleu<
822 3105 867 3160 καί
900 3113 970 3160 Λου-
1025 3123 1142 3180 quoque
1169 3111 1198 3163 el
1230 3107 1426 3174 continentia,
1456 3107 1559 3179 quales
1586 3111 1614 3164 el
1642 3108 1741 3163 Lucas
1762 3097 1854 3162 relenl

141 3199 190 3255 κᾶς
233 3194 361 3274 άναρέρει
401 3194 433 3248 τδ
465 3198 573 3270 πρῶτον
608 3193 634 3249 ἐν
667 3191 870 3269 Ἰεροσολύμοις
908 3193 971 3257 τούς
1025 3197 1093 3266 (Act.
1111 3213 1142 3258 11,
1159 3201 1185 3263 t,
1202 3201 1229 3252 et
1244 3213 1282 3264 tv,
1299 3197 1345 3264 32)
1370 3196 1502 3269 primum
1525 3194 1732 3269 Hierosolymae
1754 3193 1848 3251 luisse

141 3281 255 3344 πεττούς
294 3283 479 3358 γεγενῆσθαι.
519 3284 635 3358 Λέγουσι
672 3287 766 3337 τοῦνον
806 3281 850 3336 ἐπὶ
887 3279 969 3336 Γαίου
984 3327 1006 3395 C
1025 3283 1382 3341 credenteslliuntbuuc
1408 3285 1463 3341 sub
1493 3285 1561 3342 Gaio
1589 3283 1721 3358 Caligula
1750 3283 1847 3340 Rome

144 3367 287 3447 Καλιγύλα
310 3371 336 3428 ἐν
364 3376 398 3445 τῇ
427 3372 518 3446 Ῥώμη
547 3369 725 3441 κινδονεῦσαι,
755 3370 808 3442 δ’πη
839 3372 884 3426 καὶ
903 3389 968 3446 πρε·
1025 3371 1222 3445 periclitatum
1242 3374 1274 3438 ¹²,
1300 3389 1357 3445 quo
1382 3373 1497 3446 legatus
1523 3373 1620 3446 gentis
1644 3389 1704 3429 sttae
1733 3372 1853 3429 missus

142 3453 259 3528 νύσσης
285 3464 334 3514 τοῦ
362 3459 465 3515 οἱασίοο
498 3457 589 3521 ἔθνους
618 3457 768 3530 ἀπεστάλη.
799 3459 848 3513 Καί
880 3457 970 3512 ὅτιτὸ
1025 3461 1129 3517 lucrat.
1146 3463 1218 3516 Cum
1234 3461 1439 3517 secundarios
1453 3461 1581 3518 venisset
1595 3463 1632 3517 ad
1647 3459 1846 3527 Claudianum

142 3544 270 3624 δεύτερον
305 3546 371 3617 ἦλθε
398 3549 468 3625 πρὸς
497 3546 642 3618 Κλαύδιον,
675 3547 700 3604 ἐν
721 3551 755 3622 τῇ
790 3547 857 3622 αὐτῇ
891 3545 971 3601 πόλει
1026 3549 1128 3604 eadem
1143 3549 1215 3604 urbe
1232 3547 1364 3604 locutum
1379 3565 1444 3605 esse
1461 3565 1529 3605 cum
1552 3548 1684 3622 apostolo
1708 3547 1792 3604 Petro
1815 3547 1848 3616 ¹⁸,

146 3631 327 3711 διαλεχθῆναι
354 3641 389 3708 τῷ
417 3634 564 3710 ἁποστθλῳ
580 3639 686 3712 Πέτρῳ,
708 3637 752 3692 κοί
771 3635 869 3691 τούτου
885 3635 969 3713 ἐσχη-
1027 3637 1150 3709 ejusque
1173 3635 1313 3693 habuisse
1338 3637 1496 3708 amicitias,
1520 3641 1549 3693 ct
1570 3637 1606 3693 ob
1631 3637 1706 3694 banc
1728 3649 1849 3694 cauum

143 3895 193 3954 alii
206 3894 300 3952 ctiam
324 3896 518 3954 vetustissimi
529 3895 603 3952 laiso
617 3895 807 3964 retinentum
815 3897 973 3967 Pertinace,
1030 3891 1199 3964 ἐκκλησίαις,
1216 3897 1270 3960 stc,
1292 3893 1358 3950 th.
1381 3895 1520 3952 Rufinum
1544 3897 1580 3952 de
1599 3895 1746 3969 Symbola.
1769 3895 1852 3956 tuem

144 3969 288 4025 liturus.
306 3997 341 4008 -
356 3969 510 4040 Perperam
527 3983 599 4024 mss.
623 3971 766 4041 quotquot
790 3968 973 4040 inspeximus
1029 3984 1086 4023 ms.
1105 3982 1161 4021 non
1177 3965 1266 4021 habet
1280 3967 1382 4022 nevero
1397 3967 1477 4023 utitis
1492 3967 1573 4036 liber,
1588 3983 1652 4040 que
1671 3967 1853 4041 temonlegil

143 4039 358 4096 marcuinus
379 4039 451 4095 rectit
473 4039 619 4122 Ephesum,
648 4039 727 4110 quod
757 4042 785 4093 et
809 4037 974 4111 pluresalii
1029 4039 1146 4094 Graecus
1162 4037 1305 4110 interpres
1322 4055 1328 4104 ;
1345 4041 1374 4092 et
1387 4037 1527 4110 Origenes
1552 4039 1614 4096 loco
1638 4055 1728 4121 supra
1753 4039 1851 4109 citato,

146 4109 273 4167 retinent
285 4109 378 4166 etiam
392 4111 597 4178 vetustissimi,
615 4113 647 4165 ut
667 4113 696 4166 et
715 4109 789 4165 illud
814 4109 972 4182 exemplar,
1029 4129 1045 4160 ιι
1060 4111 1128 4174 Qua
1145 4109 1301 4181 scripture,
1317 4110 1418 4180 iuquit,
1430 4109 1513 4166 valde
1528 4109 1601 4166 mibi
1618 4108 1698 4166 utilis
1708 4109 1851 4166 videtur»

145 4197 203 4256 qno
218 4182 339 4238 Graecus
354 4180 497 4264 interpres
511 4197 584 4238 usus
597 4188 652 4264 cst,
669 4181 719 4254 qui
741 4180 811 4237 olim
830 4179 881 4264 ''cnl
905 4187 974 4265 lisp-
1030 4252 1036 4262 ·
1063 4179 1251 4261 ⁷Vimvcrbi
1280 4195 1447 4262 usurpavere
1480 4197 1537 4236 non
1564 4179 1706 4236 intellexit
1733 4179 1852 4238 Grmcus

145 4251 252 4334 σίγακσς
266 4251 393 4326 legebat.
407 4253 530 4318 Quidam
553 4269 679 4308 maxime
699 4252 902 4308 Ambrosranae
926 4253 974 4308 Bi·
1028 4255 1182 4335 interpres,
1195 4268 1246 4323 qur
1261 4255 1347 4307 vertit
1362 4249 1513 4335 ὑσὲκλεψαν
1529 4251 1669 4323 culturali
1683 4259 1778 4334 sunt·

145 4324 249 4381 bbotlr.
266 4329 343 4381 teste
366 4323 532 4381 Martianus
557 4325 607 4380 sut
635 4324 725 4406 lteruo
753 4325 895 4406 Pertinace
921 4341 973 4397 pro
1063 4325 1185 4404 “citant
1211 4339 1278 4405 vcro
1307 4321 1517 4405 Tertullianus,
1547 4327 1649 4406 auctor
1673 4322 1803 4405 Humilis
1814 4323 1851 4381 de
1893 4358 1898 4367 ι

182 4395 279 4468 'ccipe
305 4395 385 4476 unce
408 4396 533 4477 alterius·
552 4411 659 4476 erroris
683 4396 796 4452 occasio
821 4395 915 4464 lluxrt,
943 4399 975 4451 ut
1027 4393 1211 4451 Aleatorrbus
1227 4397 1303 4448 inter
1317 4395 1454 4476 Gpprram
1469 4406 1566 4467 opera,
1582 4393 1768 4476 Philaslrrus,
1781 4393 1851 4452 Gas-

146 4481 271 4524 ,σταται
280 4470 408 4594 genitus
423 4465 535 4522 librarii
551 4468 729 4523 omitterent.
1029 4466 1141 4534 siccus,
1157 4469 1292 4537 Prosper,
1308 4464 1426 4536 aliique.
1456 4465 1518 4521 Irno
1547 4469 1576 4522 et
1604 4466 1707 4522 Latma
1733 4468 1850 4523 tentum

180 4541 189 4575 ¹
204 4543 264 4594 An.
303 4537 390 4594 bristi
406 4539 451 4594 θθ.
986 4550 1010 4615 γ)
1026 4537 1092 4593 libri
1105 4537 1195 4606 hujus
1210 4535 1304 4592 versio
1318 4537 1520 4594 vetustissima
1535 4540 1650 4594 etatem
1665 4535 1744 4606 tulit,

179 4608 396 4666 ’christitou
849 4643 854 4654 .
1062 4607 1204 4664 lGrrecus
1221 4607 1365 4679 interpres
1384 4608 1491 4683 τεχθεὶς
1516 4607 1541 4662 ἐν
1566 4603 1767 4684 Ἀλεξανδρεία,
1798 4625 1852 4664 uc-

180 4682 192 4716 ⁸
207 4681 294 4736 Hune
308 4679 430 4752 quidam
446 4679 524 4736 mals
538 4681 665 4735 Hermum
679 4683 793 4734 vocant.
1030 4683 1073 4734 tus
1088 4679 1276 4746 Alexandrtu,
1291 4679 1540 4750 quemadmodum
1556 4684 1584 4736 et
1607 4679 1714 4736 Suidas
1739 4677 1853 4736 recitat.

181 4750 290 4807 ‘Unus
307 4767 322 4807 a
342 4767 415 4807 mss.
440 4750 550 4808 nostris
574 4749 683 4806 omittit
706 4750 891 4820 Αεηιιανίίυιιι,
903 4749 976 4806 aller
1064 4751 1088 4785 ¹⁰
1103 4750 1240 4821 utsupra
1255 4754 1389 4806 notatum
1405 4757 1450 4807 ost
1464 4752 1494 4807 in
1510 4751 1618 4819 Marco,
1635 4750 1711 4806 banc
1726 4750 1762 4806 dc
1785 4749 1854 4805 Phi·

150 4825 326 4879 ttcnuomat
340 4825 457 4880 llcrucen
472 4839 479 4877 :
494 4821 599 4878 tertius
620 4819 694 4895 legit
722 4825 854 4891 nemen,
875 4823 974 4877 Putre·
1030 4819 1106 4876 lonis
1122 4819 1196 4876 libro
1211 4839 1244 4872 πε
1265 4819 1273 4872 ί
1320 4819 1360 4873 ίοο
1382 4821 1550 4896 θεωρητικοῦ
1576 4820 1593 4890 ἥ
1614 4822 1709 4874 ίαετῖον
1735 4823 1854 4877 sentcn-

148 4893 224 4960 θααι,
241 4893 370 4950 lter-mum
381 4909 449 4949 cum
465 4893 562 4950 Gracco
578 4893 747 4964 interprete.
1030 4892 1102 4948 tiam
1119 4907 1153 4946 ex
1171 4839 1285 4946 Eusebii
1314 4891 1352 4946 ib.
1372 4892 1406 4957 ll,
1422 4908 1448 4947 c.
1461 4895 1504 4960 17,
1517 4892 1711 4959 baussisse,et
1724 4893 1854 4948 transtu-

181 4965 253 5020 ’ίίι
267 4964 401 5038 plerique
424 4965 554 5021 sentiunt
572 4963 692 5020 secundi
718 4979 751 5017 ae
773 4962 852 5018 tertii
878 4962 976 5018 seculi
1030 4963 1100 5019 iisse
1116 4962 1632 5035 Hieronymum,camquopassimab
1657 4961 1782 5019 eruditis
1796 4979 1854 5019 non

147 5035 308 5109 scriptores
323 5055 330 5104 ;
347 5035 512 5093 luculenter
525 5051 592 5091 vcro
617 5035 769 5112 Origenes,
792 5035 825 5115 ιίι
840 5031 925 5104 uper.
941 5033 977 5089 αιί
1052 5033 1259 5116 πολιτηοιιυθ
1285 5034 1322 5088 da
1344 5032 1465 5114 iudeis,
1492 5033 1581 5090 Mosis
1606 5031 1772 5107 γνωρίμοις,
1789 5051 1849 5090 non

146 5109 222 5164 θοιιι.
240 5123 303 5172 xvi,
323 5109 365 5172 rt,
379 5113 408 5163 et
423 5106 566 5164 Eusebius
579 5105 599 5160 l.
618 5123 659 5160 111.
684 5107 711 5162 3.
735 5105 765 5160 ld
791 5123 797 5158 ι
822 5121 853 5160 sc
876 5108 977 5160 auctor
1031 5051 1201 5170 lusitanis,
1218 5109 1285 5188 agat
1300 5103 1382 5159 Philo
1399 5121 1405 5172 ;
1423 5105 1473 5160 sed
1489 5120 1590 5162 eorum
1612 5108 1787 5178 argumenta
1809 5123 1855 5164 re-

146 5179 273 5236 innuere
286 5177 422 5234 videatur
435 5181 466 5234 in
482 5179 541 5233 llnc
557 5176 684 5233 Visionis
703 5121 847 5244 seounlae,
865 5175 914 5230 ubi
941 5176 977 5231 de
1032 5177 1106 5233 lcrrc
1121 5193 1178 5231 non
1193 5175 1284 5246 huJus
1296 5178 1341 5230 ost
1355 5174 1421 5230 loci.

145 5249 297 5307 Clemente
312 5247 340 5306 lo
364 5250 444 5306 uitur
457 5254 487 5307 et
499 5252 617 5321 Grapta.
630 5248 706 5303 Sunt
720 5246 911 5303 nihilosecius
927 5248 977 5319 qui
1069 5249 1087 5283 ¹¹
1103 5247 1208 5320 Utique
1224 5248 1252 5301 in
1274 5262 1306 5301 co
1331 5243 1603 5318 libro,Terapcutas
1627 5264 1698 5304 suos
1717 5245 1853 5316 laudans,

146 5321 344 5378 recentiore
382 5337 473 5390 erma,
491 5321 550 5376 slve
564 5318 756 5386 numerarii
766 5318 889 5375 Romani
905 5335 977 5390 pon·
1031 5319 1149 5372 Ἑκάστω
1175 5313 1204 5370 δὲ
1233 5316 1337 5388 οἴκημα
1366 5316 1436 5390 ἱερὸν
1464 5315 1479 5370 δ’
1506 5313 1630 5372 καλεῖται
1657 5322 1780 5391 σεμνεῖον
1809 5320 1855 5376 καί

144 5393 234 5450 tiliois
251 5393 354 5460 tratre,
371 5392 512 5466 scriptum
527 5391 637 5447 librum
648 5391 838 5459 arbitrentur,
851 5405 977 5462 quorum
1035 5389 1225 5463 μοναστὴριον,
1242 5392 1296 5444 etc.

144 5465 234 5522 unice
250 5462 328 5520 rstio
343 5477 378 5520 cx
391 5461 678 5521 Pseudo-Anastasii
689 5461 870 5531 testimonio,
891 5461 978 5535 longo
1069 5463 1090 5496 ¹²
1105 5457 1336 5516 VidePhilornen
1348 5459 1445 5532 ipsum
1457 5459 1492 5516 tle
1504 5460 1681 5534 Legationes
1692 5461 1727 5518 ad
1740 5460 1853 5517 Gaium.

144 5541 191 5593 est
206 5535 367 5592 infirmior.
1069 5532 1090 5567 ²³
1106 5531 1135 5586 ld
1152 5531 1270 5604 quidem
1289 5529 1432 5588 Eusebius
1453 5532 1542 5588 tradit
1564 5533 1585 5588 l.
1610 5551 1640 5602 ιι,
1655 5550 1680 5589 c.
1707 5533 1751 5599 17,
1775 5531 1854 5600 apud

182 5607 459 5691 ‘Lcffl’musjcme
485 5621 557 5663 mss.
584 5607 696 5672 nostro,
728 5619 779 5676 pro
807 5621 864 5692 quo
893 5606 979 5662 etium
1032 5602 1185 5659 Philonem
1202 5617 1269 5658 vero
1286 5603 1409 5676 hujusce
1425 5602 1562 5675 colloquii
1591 5604 1753 5662 cuml’ctro
1782 5614 1841 5654 uec

143 5677 296 5740 hunnus
324 5679 490 5738 obinucrat.
524 5676 668 5735 llusebius
696 5671 751 5745 ἤδη
780 5695 824 5729 και
851 5673 879 5731 ἓν
907 5694 976 5730 τισιν
1034 5673 1100 5732 vola
1114 5674 1405 5748 astnecvestigium.
