4072 6164
168 375 229 448 037
669 381 721 450 ltu
742 383 832 450 slva
853 383 905 448 ΕΤ
925 379 1066 448 Nomia.
1088 375 1174 444 LOG.
1196 373 1379 443 naualia.
1810 371 1872 442 988

169 514 312 579 milliario
328 511 520 595 'Aprosileor
541 519 731 594 pergentibus
746 522 892 576 Arncnem
906 519 935 586 ¹3
966 520 995 573 et
1008 517 1037 584 Α
1052 511 1203 590 perclsus,
1220 514 1321 571 decem
1340 517 1369 572 et
1397 514 1510 586 septem
1537 511 1574 570 ab
1600 527 1635 572 ea
1649 508 1781 572 millibus
1810 511 1870 570 die·

168 607 652 683 alterallenuabesupermontem
668 608 783 682 Pheger
810 607 840 664 in
869 606 993 680 septime
1047 609 1124 662 tane.

167 695 385 770 lapidehabus.
1082 693 1205 766 Dumna,
1221 691 1251 750 in
1267 693 1345 750 tribu
1362 691 1501 764 Zabulon,
1529 691 1635 750 Levitis
1662 697 1798 766 separata
1827 692 1870 749 ei·

203 785 353 856 Dethnim,
370 787 420 844 ubi
430 787 541 844 invenit
554 787 662 860 Jeseph
678 788 782 844 iratres
796 801 866 844 sues
891 801 995 858 pecore
1047 781 1132 839 vitas.

167 879 335 949 pascentes,
350 875 401 949 qui
417 882 446 933 et
459 893 554 950 usque
569 875 655 934 hodie
670 876 700 933 in
722 875 895 933 duodecimo
927 873 993 930 mil·
1085 871 1223 944 Daebatb,
1241 872 1271 928 in
1287 871 1365 928 tribu
1386 869 1525 928 Zabulon.

167 963 279 1023 liarie¹
298 964 574 1034 aSehaata,contra
589 963 736 1038 aquilonis
750 963 868 1038 plagam
896 965 995 1021 osten·
1083 960 1222 1032 Dabrath,
1248 960 1278 1016 in
1307 959 1385 1017 tribu
1401 959 1544 1032 issachar,
1562 960 1633 1018 urbs
1657 965 1792 1034 separate
1819 961 1870 1020 Le·

166 1053 259 1111 ditur.
1049 1049 1127 1107 vitis.

275 1148 321 1200 DE
339 1143 502 1200 NUMlllllS
521 1145 566 1200 ΕΤ
585 1142 877 1201 bauvaacrvculc.
1279 1139 1326 1195 Illi
1345 1137 1452 1194 LIBRO
1470 1137 1632 1196 JUDlCUM.

202 1233 313 1302 Debcn,
329 1249 393 1306 qum
409 1236 437 1289 et
451 1231 557 1302 Dibon,
574 1232 605 1288 in
621 1231 779 1289 solitudine
794 1235 891 1289 castra
919 1229 993 1286 filio·
1084 1232 1166 1302 Drys,
1178 1227 1260 1284 idest
1275 1243 1410 1300 quercus,
1422 1226 1453 1284 iu
1465 1227 1873 1300 llphrata,intrihulilunesee

164 1319 995 1392 rumlsreel.lletautemetuliuDibon3villapraegran·
1048 1319 1126 1374 unde
1140 1316 1196 1373 luit
1224 1317 1349 1374 Gedecn.
1378 1318 1454 1374 199
1483 1319 1518 1372 lli
1545 1316 1581 1373 de
1604 1316 1659 1374 hac
1682 1317 1753 1390 quid
1784 1319 1871 1376 nobie

164 1411 307 1483 disjunta
320 1412 553 1482 Arcanumque
568 1426 635 1466 cum
650 1410 733 1482 prius
747 1409 852 1466 luisset
864 1407 993 1464 filiorum
1047 1405 1144 1462 visum
1171 1405 1220 1477 sit,
1249 1406 1280 1461 in
1315 1405 1408 1462 libris.
1439 1405 1644 1463 Hebrciccrum
1671 1407 1869 1480 Quaestionum,

165 1499 264 1568 Moab,
280 1501 389 1571 etpost
407 1515 472 1554 eam
488 1499 562 1556 Secu
582 1515 632 1555 rex
655 1499 891 1555 Amorrhacrum
917 1497 993 1555 198
1048 1493 1187 1551 diximus.
1217 1493 1362 1558 Quaeritur
1395 1493 1484 1566 enim,
1513 1494 1659 1567 quomode
1688 1495 1816 1568 liphmta
1838 1495 1872 1556 in

164 1587 479 1660 bellijureltenuisaet
495 1605 513 1644 a
527 1587 598 1644 liliis
613 1586 702 1644 lsrael
717 1591 801 1661 cepta
824 1591 912 1660 atque
927 1603 993 1660 pos·
1047 1583 1125 1640 tribu
1141 1587 1274 1641 Manasse
1288 1600 1368 1641 nunc
1383 1600 1448 1640 esse
1462 1585 1586 1640 dicatur.

163 1689 258 1744 sessa,
278 1674 309 1730 in
326 1676 439 1747 partem
456 1673 536 1730 venit
549 1673 645 1730 tribus
660 1673 732 1730 Gad.
746 1673 878 1731 Meminit
904 1675 994 1747 hujus
1254 1673 1298 1730 DE
1318 1673 1516 1730 REGNOBUM
1537 1673 1664 1730 LIBRIS.

161 1762 310 1821 ieremias
324 1765 353 1818 et
366 1760 459 1818 iselae
474 1762 504 1817 in
519 1761 631 1819 visione
645 1766 747 1819 centra
760 1763 845 1820 Moab
859 1763 880 1819 ¹.
1082 1761 1187 1835 Dibon,
1203 1764 1320 1834 detque
1342 1777 1432 1835 supra
1456 1759 1594 1834 diximus,
1621 1762 1707 1835 enjus
1736 1761 1872 1821 meminit

200 1850 375 1924 Debengad.
392 1849 520 1907 illiorum
535 1850 624 1907 isreel
638 1856 743 1908 cestre.
1007 1887 1031 1951 B
1047 1849 1138 1908 lenias
1153 1851 1184 1906 in
1193 1849 1305 1908 visione
1319 1853 1422 1907 contra
1435 1849 1532 1908 Moab.

199 1939 408 2015 Dyememoab‚
425 1939 512 1996 idest
526 1941 562 1995 ad
588 1939 767 1996 occidentem
793 1941 887 2009 Moab,
906 1940 992 2012 juata
1082 1939 1197 2011 Deseth,
1237 1939 1315 2011 quod
1358 1937 1462 2012 Aquila
1504 1938 1666 2014 transtulit,
1706 1941 1870 2014 parietem:

158 2029 323 2087 Jordauem
337 2026 623 2085 contruderiehum:
646 2027 696 2084 ubi
725 2027 812 2085 Baiae
836 2045 885 2085 rex
908 2029 990 2086 Moab
1044 2027 1250 2101 Symmachus,
1267 2043 1397 2084 murum.

161 2120 195 2175 et
214 2117 339 2190 majores
369 2121 440 2174 natu
468 2116 597 2185 Madian,
632 2117 769 2173 lsraelem
798 2117 916 2174 insidiis
941 2119 991 2173 de·
1080 2116 1234 2189 badenim,
1246 2118 1349 2190 deque
1359 2116 1488 2174 leniasin
1498 2116 1611 2175 visione
1621 2114 1723 2174 scribit
1745 2119 1869 2175 Arabia.

161 2209 314 2278 ceperunt,
331 2204 362 2261 in
378 2220 437 2277 que
453 2205 516 2262 loco
531 2207 668 2261 etllcses
683 2205 826 2278 ‘scripsit
853 2207 991 2264 Deuterc-
1045 2204 1095 2262 llst
1109 2209 1207 2262 autem
1223 2205 1301 2276 juxte
1316 2205 1494 2278 areopolim.

136 2293 309 2354 -neminm
1081 2298 1197 2366 Darem,
1213 2293 1304 2365 hujus
1318 2293 1454 2350 meminit
1474 2293 1606 2350 Ezechiel
1635 2295 1691 2367 (xx,
1721 2295 1766 2366 ld,
1796 2296 1871 2368 epod

430 2386 475 2438 Dii
495 2382 602 2440 LIBRO
620 2382 717 2441 lusu.
1045 2381 1136 2453 LXX),
1152 2381 1230 2453 quod
1245 2380 1441 2454 Symmachus
1457 2381 1542 2438 vertit
1556 2382 1586 2437 in
1600 2381 1771 2454 Aphricum.

198 2471 315 2540 Dahire,
330 2471 432 2529 civitas
452 2471 482 2528 in
505 2472 586 2529 tribu
606 2476 678 2542 Dum
690 2473 776 2546 cujus
787 2489 884 2547 regem
900 2474 990 2530 inter·
1080 2469 1227 2543 Diospolis
1241 2470 1345 2526 civitas
1359 2469 1484 2544 AEgypti,
1500 2469 1578 2527 sicut
1597 2469 1700 2527 scribit
1728 2470 1869 2528 Ezechiel.

161 2561 233 2620 lecit
250 2562 348 2619 lesus.
364 2561 416 2618 list
444 2564 543 2618 eutem
566 2567 595 2617 et
618 2559 676 2618 alia
693 2560 796 2618 villula
820 2561 990 2618 iudeorum
1081 2559 1193 2629 Dedan,
1209 2558 1240 2615 in
1256 2557 1372 2632 regione
1397 2558 1498 2630 Cadur,
1515 2559 1551 2615 de
1578 2574 1637 2631 que
1664 2557 1768 2617 scribit
1791 2557 1872 2626 lere·

160 2651 195 2710 in
209 2655 310 2708 monte
330 2649 448 2707 Thabor
466 2648 595 2724 regionis
609 2652 646 2708 ad
661 2649 870 2707 Diocasaream
898 2651 990 2724 pcrti-
1046 2647 1131 2704 miss.

162 2738 273 2797 nentia
1081 2734 1252 2809 Dehlataim,
1268 2735 1299 2793 in
1320 2740 1399 2795 terra
1426 2737 1523 2810 Moab,
1553 2736 1631 2794 sicut
1657 2736 1761 2795 scribit
1788 2736 1868 2796 lere·

198 2827 388 2901 Dornupheth
408 2828 500 2901 (quod
519 2827 714 2902 Symmachus
743 2828 903 2896 transtulit,
935 2829 991 2885 lior
1045 2825 1130 2883 mins.

159 2917 335 2992 maritima).
351 2916 418 2974 lime
433 2921 479 2974 est
492 2923 568 2974 Dora
581 2916 612 2972 in
632 2934 709 2975 nono
737 2916 873 2974 milliario
898 2921 990 2974 Casa·
1079 2914 1189 2988 Dedan,
1205 2915 1235 2970 in
1252 2914 1369 2989 regiona
1396 2916 1536 2987 idumea,
1566 2930 1655 2988 super
1679 2931 1738 2988 qua
1766 2915 1870 2972 scribit

160 3024 219 3066 rea
232 3005 397 3064 Palestinae
412 3005 602 3079 pergentibus
615 3006 738 3078 l'yrum,
754 3022 832 3062 nunc
855 3007 988 3063 deserta:
1043 3004 1196 3061 ieremias.
1212 3004 1263 3060 list
1278 3008 1376 3061 autem
1390 3003 1420 3060 in
1437 3007 1541 3077 quarto
1555 3002 1693 3061 milliario
1708 3022 1726 3061 a
1740 3003 1870 3062 Metallo-

160 3113 229 3171 qua
239 3113 307 3152 sum
318 3095 471 3152 cecidisset
484 3091 514 3150 iri
530 3097 638 3151 sertem
648 3094 744 3151 tribus
766 3098 909 3164 Necesse,
925 3112 990 3152 eam
1045 3094 1134 3150 sene⁷
1149 3096 1251 3150 contra
1263 3092 1440 3166 aquilonem.

160 3185 317 3260 possidere
330 3199 390 3240 non
405 3182 511 3258 potuit,
527 3183 599 3255 quia
612 3182 791 3241 habitatores
805 3184 835 3240 in
852 3183 903 3240 illa
928 3184 990 3257 pri·
1082 3181 1243 3255 becapolis,
1260 3182 1336 3238 sicut
1346 3181 1376 3237 in
1386 3180 1540 3255 Evangelio
1554 3181 1691 3256 legimus.
1703 3185 1754 3239 Est
1768 3185 1870 3238 nutem

161 3274 236 3333 atini
249 3288 446 3346 permansere.
1004 3254 1026 3321 C
1044 3269 1125 3343 regie
1140 3271 1241 3326 decem
1256 3270 1374 3326 urbium
1389 3271 1639 3328 transiendancm
1650 3271 1728 3328 circe
1741 3270 1869 3344 Hippum

200 3361 300 3431 Dabir,
314 3359 346 3416 in
361 3361 441 3418 tribu
455 3364 472 3416 J
475 3361 542 3429 uda,
554 3376 618 3433 quae
626 3361 783 3417 vocabatur
797 3360 898 3417 civitae
912 3360 992 3418 litte·
1047 3361 1076 3414 et
1089 3357 1200 3416 Pellam
1215 3362 1244 3415 et
1258 3359 1413 3416 Gadaram.

162 3465 269 3507 rarum
280 3465 289 3519 ;
300 3446 377 3506 hanc
394 3445 606 3521 preoccupavit
618 3447 772 3505 Gothcniel
800 3448 889 3504 irater
906 3447 993 3504 Galeh
1357 3448 1403 3503 Du
1422 3447 1562 3505 cadesa

162 3537 329 3596 interiectis
343 3537 374 3596 iu
390 3553 424 3594 ea
437 3537 569 3594 linacim.
583 3537 648 3593 Fuit
662 3542 761 3595 autem
776 3541 805 3594 et
818 3536 883 3610 ipsa
897 3553 993 3594 secer·
1082 3536 1172 3607 Eden,
1188 3535 1263 3591 sacri
1279 3535 1406 3609 paradisi
1417 3536 1499 3593 loeus
1514 3537 1551 3593 ed
1566 3535 1719 3608 edentem,
1735 3535 1814 3608 quod
1839 3536 1870 3593 in

166 3624 292 3682 dotibus
313 3629 457 3699 separata.
474 3625 573 3698 (Porro
588 3625 741 3683 Gothcniel
769 3626 891 3700 quidam
915 3625 993 3682 arbi·
1048 3623 1228 3696 voluptatem
1242 3623 1420 3697 deliciasque
1434 3626 1620 3683 transfertur.

168 3715 291 3770 trentam
304 3712 395 3771 illium
411 3713 509 3770 fratris
523 3713 633 3787 Geleb.)
1084 3712 1174 3784 Evila,
1190 3713 1241 3769 ubi
1257 3728 1362 3769 aurum
1390 3713 1584 3786 purissimum
1613 3713 1703 3786 (qued
1731 3713 1872 3771 liebrniee

204 3801 304 3872 Dabir,
319 3819 409 3878 super
426 3802 586 3860 Jordanem
601 3802 703 3860 civitas
730 3802 993 3860 Armet-rhaeorum.
1050 3801 1158 3859 dicitur
1172 3803 1241 3858 acob
1254 3801 1337 3892 (buy)
1353 3805 1382 3857 et
1396 3817 1518 3875 gamma
1546 3801 1779 3875 pretiosissima,
1809 3817 1873 3860 car-

204 3890 342 3960 Dimona,
358 3890 389 3946 in
404 3890 585 3948 tribuJuda.
1050 3889 1208 3962 buneulus,
1233 3891 1466 3964 smaragdusque
1494 3895 1667 3949 nuscuntur.
1695 3895 1747 3948 Est
1774 3895 1874 3948 eutem

202 3981 318 4050 Dedan,
334 3980 364 4037 in
379 3979 457 4038 tribu
472 3980 559 4037 lude.
1051 3980 1130 4053 regio
1159 3979 1366 4038 adorientem
1398 3995 1530 4053 vergens,
1557 3997 1646 4054 quam
1678 3980 1815 4038 circumit
1839 3982 1876 4038 de

202 4067 316 4136 Benna,
335 4067 365 4124 in
381 4067 460 4125 tribu
487 4067 572 4130 Juda.
601 4067 703 4124 eadem
718 4071 763 4124 cet
777 4071 873 4124 entem
890 4072 998 4140 quaet
1051 4067 1188 4142 paradiso
1207 4067 1313 4124 Phison
1328 4067 1480 4141 egrediens
1495 4085 1501 4122 :
1518 4083 1606 4140 quem
1634 4070 1738 4142 nestri,
1763 4073 1876 4127 mutate

163 4156 260 4218 Dabis
273 4155 378 4214 civitas
387 4155 563 4212 litterarum.
1052 4156 1172 4214 nomine
1187 4157 1207 4228 ³,
1224 4157 1343 4228 Gangen
1358 4160 1471 4212 vocant.
1487 4156 1544 4213 Sed
1559 4159 1588 4213 et
1600 4173 1678 4214 unua
1691 4157 1727 4214 de
1756 4157 1878 4216 minori·

203 4243 318 4304 Dahive
332 4245 353 4312 ¹,
370 4243 430 4301 sive
445 4243 571 4312 Dahiud,
588 4243 618 4299 in
633 4243 713 4300 tribu
726 4243 813 4301 luda.
1052 4247 1109 4302 bus
1124 4245 1184 4302 Nee
1198 4243 1280 4300 Evilu
1294 4243 1390 4301 dietus
1418 4247 1472 4317 est,
1503 4260 1591 4317 quem
1618 4245 1766 4319 losephue
1790 4246 1880 4304 reiert
1957 4277 1961 4283 ⁷

205 4334 313 4402 Duma,
328 4331 359 4388 in
374 4332 455 4390 tribu
465 4331 552 4402 lude,
567 4331 650 4389 vicus
673 4333 795 4406 grandis
816 4332 846 4389 iu
861 4333 996 4400 Daroma,
1053 4350 1120 4392 eum
1136 4333 1276 4390 iratribus
1291 4333 1354 4390 suis
1379 4332 1531 4390 allumine
1558 4333 1694 4408 Cepheus
1707 4339 1736 4392 et
1761 4333 1880 4408 regium

165 4423 224 4481 hcc
238 4425 294 4490 est,
311 4419 347 4516 ad
363 4421 521 4478 australem
541 4420 659 4494 plegem
688 4421 718 4477 in
739 4421 847 4478 fluibus
876 4418 998 4477 'nleeea-
1052 4423 1152 4494 India,
1167 4438 1263 4495 usque
1277 4422 1313 4480 ed
1328 4437 1396 4479 eum
1412 4422 1510 4480 lecum
1529 4425 1579 4498 qui
1595 4423 1760 4498 appellatur
1771 4423 1880 4492 Hierie,

207 4562 510 4621 ¹lluvultllelarrdus
531 4565 683 4632 Arcenam,
714 4581 819 4637 nempe
851 4565 998 4638 regionem
1093 4562 1245 4621 -Reccle
1259 4563 1347 4636 paulo
1362 4564 1498 4638 superius
1512 4582 1612 4624 vocem
1627 4568 1772 4625 Cctctcd
1825 4581 1881 4623 see.

167 4653 238 4710 qua
252 4635 290 4692 ab
305 4640 423 4693 arnone
438 4635 527 4691 lluvio
542 4650 649 4691 nomen
665 4636 798 4691 sortitur.
826 4635 919 4693 Aliter
947 4637 1001 4694 mi·
1018 4622 1041 4688 D
1093 4636 1233 4704 lliuidae,
1249 4640 1304 4692 etc.
1322 4637 1409 4694 Vetus
1424 4637 1515 4694 codex
1537 4637 1733 4711 Gclhertinus,
1762 4638 1801 4696 lle
1822 4639 1881 4708 uio,

169 4705 255 4766 nime
269 4705 389 4764 sibimet
412 4710 546 4763 constare
572 4705 706 4762 videatur
730 4706 933 4781 Hieronymus,
952 4709 1002 4780 qui
1059 4707 1120 4764 sive
1135 4707 1252 4763 Dubuid.
1270 4707 1413 4766 Maurus.

172 4777 214 4835 ad
238 4793 340 4834 vocem
370 4777 486 4834 clodian
515 4777 601 4833 sitem
638 4777 743 4834 dixerit
778 4779 940 4851 Areopolim
968 4781 1004 4835 ad
1094 4779 1151 4833 lla
1167 4779 1248 4834 libris
1275 4780 1470 4836 hebraicorum
1493 4783 1686 4853 (lunationum,
1716 4784 1772 4837 etc.
1802 4777 1882 4835 Buci-

172 4850 334 4920 Arnonem,
349 4847 398 4904 hie
413 4865 480 4904 varo
493 4849 530 4906 eb
545 4865 578 4906 ec
594 4853 658 4904 octe
674 4846 753 4905 mille
777 4866 883 4922 passus
911 4866 1004 4906 remo·
1060 4849 1166 4905 derunt
1180 4849 1245 4903 libri
1262 4847 1303 4906 illi
1316 4852 1517 4907 llcbrniccrum
1530 4854 1716 4921 Quaestionum
1726 4851 1757 4906 in
1772 4849 1883 4906 librum

173 4923 253 4978 veel.
1058 4920 1075 4977 J
1079 4919 1208 4976 udicum.
1226 4921 1308 4976 lluud
1323 4923 1410 4978 dubie
1426 4923 1527 4978 inillis
1541 4924 1664 4980 docebat
1687 4923 1883 4996 Hieronymus

211 4989 601 5059 ‘induedeeimomillicrim
618 4995 672 5046 etc.
698 4989 752 5046 us.
775 5008 852 5048 unus
881 4991 1004 5049 colbert.
1059 4993 1152 5064 Epiro
1167 4992 1545 5076 legendumprcllplrrotc:
1562 5009 1631 5050 nam
1654 4993 1747 5066 Epire
1776 4991 1885 5078 legitur

170 5061 292 5120 Meae.
308 5061 453 5118 Meamne.
1060 5063 1236 5120 inversione
1264 5063 1367 5120 Latina
1394 5063 1628 5137 Heercnymiena,
1657 5069 1685 5121 et
1712 5065 1743 5120 in
1773 5063 1885 5137 aliquot

211 5133 270 5190 ⁸lrr
283 5133 389 5190 cisione
409 5135 505 5188 centro
529 5134 622 5188 Moab.
651 5130 786 5188 Visiones
813 5131 869 5188 illes
893 5133 1007 5190 creber·
1060 5135 1400 5208 exemplaribuedraeis.
1417 5135 1458 5191 lix
1472 5135 1527 5192 hac
1539 5139 1636 5193 autem
1651 5135 1774 5194 lectione
1789 5139 1886 5194 cessat

171 5203 259 5262 rima
275 5204 305 5259 in
322 5203 376 5260 hee
400 5205 543 5260 Locorum
567 5202 641 5258 libro
667 5203 772 5272 citata,
789 5202 918 5276 capitula
938 5211 1007 5261 sunt
1060 5205 1158 5262 omnis
1172 5207 1304 5278 questio.
1323 5207 1462 5264 litamen.

172 5291 230 5350 pro
252 5273 416 5357 heticorum
446 5277 645 5357 contextuum,
684 5291 767 5358 qua·
783 5291 841 5356 uos·
869 5273 1006 5331 distincte
1095 5276 1335 5348 'Allatnllosena
1351 5282 1405 5334 etc.
1424 5276 1677 5350 Fortelegendum
1691 5279 1883 5352 Metcllclouc,

174 5293 375 5406 sethimusrn
395 5345 546 5473 prcyhetrs
574 5349 654 5428 tomo
684 5349 694 5401 l
723 5345 871 5428 edrtrenrs'
888 5350 1004 5404 nestrae.
1061 5348 1617 5428 utsupraadvocesCctctcdhryeea.
1634 5350 1777 5408 Maurum.

172 5415 422 5477 Consuletlector
468 5418 573 5474 tornum
600 5417 767 5489 Hreronymr
793 5415 1006 5475 Biblrotheecm.
1096 5418 1206 5486 ⁸erem
1238 5419 1333 5488 riustri,
1363 5423 1469 5477 medulo
1496 5435 1617 5489 emarus,
1645 5427 1701 5478 etc.
1728 5421 1760 5478 ln
1788 5425 1886 5478 tlrmco

162 5495 322 5552 ,usar-nn.
1062 5487 1198 5560 legimus,
1215 5489 1278 5564 παρ’
1293 5488 1422 5563 Ἐλλησι,
1438 5492 1512 5565 apud
1541 5491 1657 5550 Graece.
1685 5492 1744 5549 Sub
1772 5493 1886 5548 Gracc·

214 5561 412 5634 ‘lnquolcce
440 5563 467 5615 at
497 5557 588 5622 Mores.
620 5561 675 5614 etc.
705 5559 744 5616 Su
768 5576 801 5614 ra
829 5557 857 5614 in
888 5559 953 5615 Cato
979 5563 1008 5615 tc
1061 5565 1240 5616 rumeutarn
1258 5563 1375 5618 nemine
1403 5563 1590 5620 eontinentur
1618 5580 1722 5620 omnes
1751 5565 1888 5619 nationes

178 5631 300 5708 Chrysen
314 5635 408 5688 Moses
430 5629 720 5712 dicituruscripsiese
747 5575 1005 5689 Beutercnemium
1061 5634 1167 5703 prater
1185 5631 1354 5689 laesorum
1382 5639 1509 5708 gentem,
1535 5636 1621 5707 juxte
1643 5635 1716 5692 illud
1744 5629 1888 5704 Apostoli,

170 5703 264 5778 juxta
281 5707 398 5763 mentes
412 5700 477 5759 auri
492 5699 612 5760 iertrles.
627 5706 772 5760 marma.
1060 5702 1160 5762 loono
1171 5705 1295 5776 primam
1307 5707 1333 5762 et
1346 5709 1451 5765 Graece.
1467 5707 1611 5766 Maurus.

340 5829 479 5914 Peraea
498 5825 610 5912 xxlll,
1691 5827 1733 5902 δῦ
