4056 6170
259 293 337 365 tttt
876 295 909 364 S.
932 293 1087 364 sussen
1110 291 1343 364 ataaoatttt.
1856 299 1916 366 aar

256 430 415 506 tepentibus
438 431 526 506 (dara.
549 445 600 504 aaa,
624 427 685 506 l5);
710 433 749 505 et,
775 431 841 503 Quis
865 432 1036 504 iaafirmatar,
1058 439 1085 488 et
1099 435 1126 500 Α
1141 430 1270 504 tratrem,
1287 435 1316 487 et
1331 429 1403 488 nihil
1424 431 1514 490 habat
1527 447 1545 490 a
1559 435 1692 506 serpente
1711 429 1917 506 ampliatam

255 538 302 596 aaa
317 537 372 578 aaa
390 519 562 595 satanam?
578 521 655 578 m
677 521 739 594 puts
761 521 978 588 scandalizatur,
995 524 1020 576 ct
1033 534 1082 591 epa
1137 519 1215 576 enim
1233 521 1332 594 lingua
1348 519 1478 579 hominis
1492 522 1528 579 ud
1544 523 1767 580 benedicendum
1782 527 1807 579 et
1825 523 1856 580 art
1869 525 1919 582 edi·

253 627 308 668 aaa
324 625 392 666 arar
407 611 441 682 (ll
457 609 517 666 Cor.
534 627 572 680 xa,
592 609 662 681 tib?
691 610 779 682 Ligna
800 626 917 682 quoque
932 609 1080 680 scindens,
1135 608 1300 666 ficationem
1326 609 1450 683 proximi
1477 611 1516 668 sit
1539 616 1646 678 ereata,
1671 611 1719 669 ille
1739 629 1798 669 eam
1820 614 1920 684 serpenti

253 699 466 772 periclitabitur
481 700 510 754 in
526 700 579 756 eis.
606 698 738 754 Haeretici
763 700 816 769 pit.
841 698 980 768 haeretiei]
1001 697 1082 770 ligna
1135 697 1276 767 aquatam
1293 697 1371 768 lacit,
1388 699 1459 754 dum
1475 699 1632 755 virtutibus
1648 699 1711 769 ejus
1736 698 1764 754 in
1784 714 1920 772 perversum

252 789 436 845 infructuosa
451 791 530 858 suut,
547 791 575 843 at
587 787 681 844 saltus
695 788 806 858 ubsque
830 787 955 843 utilitate
977 803 1079 858 pomo·
1135 785 1275 841 abutitur.
1288 787 1396 843 Aliter:
1413 788 1544 859 Siquam
1561 802 1681 860 serpens
1693 787 1818 843 diabolus
1837 787 1921 844 occulta

254 895 331 934 rum.
349 877 430 933 Unde
444 883 473 932 et
499 877 530 932 in
554 875 662 947 templo
684 876 734 931 Dei
758 877 930 948 prohibetur
954 876 1079 948 plantari
1135 875 1333 946 momorderit,
1350 881 1378 932 ct
1394 875 1473 931 nullo
1487 878 1613 943 conscio,
1629 893 1697 932 eum
1713 877 1817 948 peccati
1839 892 1920 932 senene

254 982 370 1035 nemus,
386 972 415 1021 et
437 983 510 1021 vana
527 964 673 1034 loliorum,
686 963 714 1019 id
728 970 781 1035 cst,
796 966 948 1021 uerborum
963 969 1078 1020 tautum

254 1055 422 1112 sonantium
439 1056 619 1126 spernantur
635 1051 816 1108 umbracula.
833 1053 1079 1126 Quamvis,igitur

252 1142 292 1198 sit
307 1143 435 1214 prudens
450 1146 478 1197 et
494 1141 597 1197 doctus
611 1142 664 1212 vir,
681 1141 731 1214 qui
751 1140 848 1214 gladio
870 1142 1015 1198 sermonis
1031 1143 1077 1197 sui

250 1230 310 1286 hmo
327 1231 407 1302 ligna
421 1230 603 1300 conscindat,
630 1230 866 1303 periclitabitur¹
890 1231 919 1285 in
945 1231 998 1295 sis,
1021 1231 1077 1287 nisi

249 1318 407 1392 diligenter
422 1318 599 1386 attenderit,
616 1320 743 1375 maxime
769 1319 792 1374 si
818 1319 843 1374 ei
868 1319 923 1374 hoe
939 1321 1015 1390 qaod
1032 1336 1078 1376 ss-

249 1407 359 1480 qaitnr,
377 1408 533 1465 acciderit:
551 1407 583 1462 Si
606 1417 729 1464 retusum
751 1410 839 1478 suerit
858 1413 974 1480 terram,
990 1412 1016 1464 et
1030 1408 1078 1482 sa-

248 1498 320 1552 ciata
336 1497 396 1568 ejas
415 1497 578 1560 turbaverit,
590 1496 619 1550 id
635 1501 690 1566 ast,
703 1496 728 1551 si
739 1495 899 1567 disputatio
914 1498 979 1566 ejus
994 1496 1077 1552 intir-

1134 962 1283 1026 inlecerit;
1301 965 1324 1019 si
1340 965 1463 1021 tacuerit
1478 965 1528 1036 qui
1544 981 1702 1038 percussus
1715 969 1767 1029 est,
1779 969 1806 1020 et
1815 981 1864 1019 nau
1876 981 1920 1036 age·

1133 1051 1172 1107 rit
1186 1052 1398 1124 peonitentiam,
1415 1069 1468 1110 nee
1492 1053 1598 1108 vulnus
1618 1069 1707 1108 suum
1725 1053 1802 1108 lratri
1817 1057 1842 1107 st
1854 1053 1920 1124 magi·

1133 1144 1193 1195 stro
1227 1140 1350 1198 voluerit
1377 1141 1519 1211 confiteri,
1550 1141 1692 1214 magister
1719 1145 1747 1196 et
1780 1141 1866 1202 trater,
1888 1141 1920 1211 qui

1132 1229 1263 1302 linguam
1281 1230 1407 1285 habent‘
1422 1231 1457 1286 ad
1474 1231 1647 1300 curandam,
1665 1229 1751 1285 lacile
1773 1229 1796 1284 ei
1817 1229 1921 1300 prodesse

1132 1334 1190 1374 non
1206 1321 1353 1390 poterunt.
1370 1319 1398 1374 Si
1415 1320 1493 1375 enim
1520 1319 1673 1376 erubescat
1694 1323 1826 1390 aegrotus,
1843 1317 1922 1372 vualnas

1132 1405 1245 1463 modico
1262 1406 1404 1478 coaliteri,
1417 1408 1495 1479 qaod
1510 1408 1626 1479 ignorat
1636 1407 1844 1462 medicinanan
1854 1413 1921 1461 curat.

1168 1516 1182 1544 a
1198 1496 1294 1551 Verba
1306 1497 1365 1552 oris
1381 1496 1522 1568 sapientis
1538 1495 1642 1568 gratia,
1654 1501 1683 1551 et
1699 1495 1778 1551 labia
1789 1494 1922 1566 insipientia

250 1583 326 1640 mier
349 1584 435 1640 luerit
459 1585 586 1655 iuventa,
620 1601 673 1640 nea
703 1600 826 1640 acumen
852 1584 1076 1657 habueritque
1131 1583 1356 1656 precipitabant
1377 1601 1455 1641 eam.
1474 1607 1488 1634 u
1505 1585 1645 1651 Stultitia,
1666 1583 1691 1641 si
1708 1601 1763 1640 sua
1776 1587 1848 1639 esset
1861 1583 1922 1638 rusti·

249 1674 396 1728 contraria
424 1689 547 1744 quaque
580 1677 680 1728 secet:
711 1674 761 1729 sed
790 1672 949 1746 principale
978 1674 1075 1730 cordis
1130 1673 1216 1729 citata
1232 1679 1379 1744 contenta,
1397 1673 1496 1730 minas
1511 1673 1623 1746 aliquid
1639 1673 1761 1730 haberet
1781 1672 1922 1729 matituna

249 1762 315 1830 eiua
331 1761 498 1829 bebetetur;
516 1761 545 1818 in
573 1767 685 1834 partem
710 1762 846 1817 transibit
867 1763 1030 1834 adversam,
1047 1767 1075 1819 et
1091 1805 1113 1870 B
1131 1765 1228 1818 autem
1242 1765 1344 1818 contra
1358 1762 1534 1834 sapientiam
1551 1761 1661 1818 bellum
1678 1762 1763 1836 gerit,
1776 1759 1922 1832 etquidqaid

249 1849 436 1906 confirmabit
451 1867 515 1906 eum
535 1849 675 1906 tortitudo
690 1867 835 1923 perversa.
851 1850 909 1906 Hoc
924 1852 1001 1908 enim
1018 1857 1072 1922 cst,
1130 1849 1291 1923 prudentiae
1307 1851 1335 1905 in
1365 1850 1449 1906 docto
1478 1851 1540 1906 viro
1567 1849 1704 1916 viderit‘,
1734 1846 1922 1906 aelestimulata

250 1939 329 2012 quod
358 1939 549 2012 Septuaginta
578 1941 753 2012 Interpretes
778 1939 1018 1996 transtulerunt:
1045 1942 1076 1997 Et
1130 1955 1187 1996 non
1203 1939 1316 2010 recipit.
1334 1939 1476 2011 Loquitur
1487 1939 1566 1995 enim
1581 1939 1626 1994 vir
1637 1939 1757 2011 sapiens
1768 1937 1922 1994 verbasciea·

247 2027 409 2096 fortitudine
432 2027 658 2097 conformitatem
684 2032 712 2083 et
745 2028 895 2100 superllaa
920 2029 1075 2085 roboratus
1130 2027 1186 2094 tie,
1202 2032 1230 2084 et
1244 2029 1330 2084 verbu
1346 2028 1456 2100 gratia,
1479 2045 1542 2100 quse
1566 2027 1726 2084 utilitatem
1748 2029 1922 2100 possuntpre

251 2116 396 2187 sapientia
410 2115 539 2188 incipiat,
556 2116 662 2189 iuquit,
686 2117 885 2172 tortitudinem
913 2117 1030 2188 habers,
1048 2123 1077 2175 et

249 2204 437 2276 sapientiam,
454 2221 518 2276 quae
534 2205 684 2277 sapsrllua
698 2209 752 2274 est,
769 2209 797 2261 et
811 2223 869 2261 non
881 2206 1001 2277 udJ'uvut
1011 2223 1076 2279 pos·

251 2291 407 2350 sidentem.

285 2443 299 2478 a
316 2426 346 2481 Si
360 2429 491 2482 retusum
509 2416 596 2482 luerit
611 2427 740 2496 lerrum;
757 2431 787 2483 et
798 2427 853 2483 hoe
863 2445 920 2484 non
934 2431 967 2484 ut
982 2429 1074 2502 prius,

249 2514 300 2570 sed
316 2514 522 2569 conturbatum
539 2515 634 2586 luerit,
652 2515 810 2572 virtutibus
825 2518 1074 2574 corroborabitur:

250 2606 279 2658 et
295 2603 438 2675 reliquam
451 2601 633 2660 tortitudinis
653 2604 798 2671 sapientia
823 2612 877 2662 est.
893 2625 906 2658 a
925 2606 954 2663 Si
970 2624 1012 2678 se,
1028 2607 1075 2662 in·

251 2689 325 2762 quit,
356 2690 463 2762 aliquis
492 2691 596 2748 viderit
626 2711 677 2766 per
706 2693 913 2767 negligentium
940 2696 1075 2752 amisisse

251 2778 404 2836 seientiam
429 2779 657 2854 Scripturarum,
682 2785 710 2838 et
734 2797 856 2838 acumen
882 2783 991 2856 ingenii
1010 2785 1075 2856 ejus

251 2868 348 2938 luerit,
360 2869 456 2940 qualis
468 2871 600 2941 essejam
613 2875 748 2943 eruperat.
762 2872 861 2928 llvanit
871 2871 978 2946 quippe
989 2873 1076 2929 intor-

252 2959 334 3028 dam,
361 2963 393 3013 ut
417 2973 483 3014 cum
511 2959 658 3015 medicum
679 2959 807 3016 seientia
837 2962 905 3033 quis
927 2961 1073 3032 habuerit,

249 3045 344 3103 elutus
358 3045 388 3102 in
402 3047 581 3120 superbiam,
608 3048 720 3104 discere
745 3049 868 3104 desistat
882 3054 911 3105 et
926 3049 1029 3122 legere,
1047 3055 1076 3105 et

249 3135 392 3208 paulatim
407 3152 442 3191 ex
456 3152 499 3205 eo,
516 3138 594 3207 quod
606 3137 680 3192 nihil
692 3137 715 3193 ei
727 3137 828 3192 additu
836 3155 857 3208 r,
870 3138 1061 3193 subtrahatur

249 3227 278 3279 et
293 3239 418 3280 vacuam
431 3223 596 3295 disciplinis
607 3230 708 3297 peetus
719 3233 878 3295 ramaneat,
893 3227 1073 3299 terramque,

250 3312 326 3384 quod
343 3315 462 3368 aeutam
478 3312 582 3384 luerat,
598 3313 749 3370 hebetetur
765 3331 772 3382 ;
789 3315 882 3370 otium
895 3314 972 3370 caim
985 3321 1014 3371 et
1028 3318 1074 3372 do-

250 3401 328 3456 sidia
341 3401 426 3473 quasi
441 3401 576 3473 quaedam
592 3401 694 3476 rubigo
708 3403 857 3476 supientiae
871 3409 924 3460 est.
939 3403 968 3461 Si
985 3405 1075 3477 igitur

250 3489 317 3562 quis
344 3489 400 3556 hoe
424 3507 531 3562 passas
557 3489 653 3562 luerit,
679 3508 735 3547 non
764 3493 897 3565 desperet
912 3493 1073 3549 remedium

250 3577 394 3648 sruitatis,
412 3579 461 3636 sed
478 3580 563 3635 vadat
579 3579 615 3636 ad
640 3580 824 3652 nangistrum‚
850 3585 878 3636 et
898 3598 1015 3637 rursum
1030 3599 1073 3637 m-

250 3673 383 3724 struatur
409 3668 446 3724 ab
473 3683 517 3738 eo,
542 3673 568 3724 et
593 3673 659 3741 post
686 3668 814 3726 laborem
837 3675 865 3725 et
886 3670 1073 3741 iudustriam,

250 3758 448 3830 sudoremque
464 3757 599 3825 nimiam,
621 3757 729 3812 valebit
752 3758 926 3830 sapientiam
947 3760 1075 3832 recipere

250 3863 338 3918 quam
353 3847 502 3902 amiserat.
520 3847 577 3902 Hoc
600 3853 654 3918 est,
672 3848 749 3918 quod
775 3847 804 3902 in
832 3850 947 3903 ltebraao
962 3849 1073 3920 signiti-

249 3933 365 3990 eantius
379 3933 505 3990 dieitur:
523 3959 536 3985 u
564 3937 598 3990 ιιι
622 3935 846 3992 1'oatitadinibus
873 3937 1074 3993 corroborabi-

249 4026 308 4091 tur,
327 4043 341 4070 u
360 4021 389 4078 id
416 4027 470 4093 est,
487 4022 596 4095 labore,
621 4029 650 4080 et
672 4026 788 4096 sudore,
813 4031 841 4080 et
864 4024 1021 4096 industria,
1046 4033 1076 4080 et

251 4109 425 4184 quotidiana
453 4111 586 4184 lectione,
617 4113 792 4186 sapientiam
821 4118 1025 4186 consequetur,
1048 4121 1076 4169 et

250 4199 391 4256 tortitudo
416 4199 510 4273 ipsius
535 4199 655 4258 habebit
681 4202 759 4258 hane
786 4203 931 4274 tinemut
953 4201 1076 4274 accipiat

251 4289 439 4362 sapientiam.

289 4427 367 4482 ΔΜ
383 4447 397 4474 u
419 4423 448 4480 si
473 4425 664 4482 momorderit
685 4441 805 4497 serpeus
828 4424 857 4478 in
873 4423 999 4496 silentio,
1018 4442 1075 4480 non

252 4519 297 4570 est
312 4512 440 4586 amplius
455 4513 574 4570 habenti
584 4513 725 4585 linguam.
743 4512 897 4585 »Simplex
909 4513 956 4570 hio
970 4531 1075 4571 sensus

252 4607 314 4657 est:
331 4601 457 4670 Serpens
472 4607 500 4656 et
515 4603 660 4657 detractor
678 4601 806 4673 aquales
832 4607 912 4657 sunt.
928 4601 1078 4666 Quomodo

252 4691 331 4748 enim
357 4689 533 4747 illeoceulte
561 4689 699 4746 mordens
725 4707 868 4745 venenum
896 4691 1017 4760 inserit;
1035 4692 1077 4748 sie

252 4778 309 4836 isto
323 4779 399 4836 olam
416 4777 582 4850 detrahens,
599 4778 679 4834 virus
703 4778 828 4851 pectoris
849 4780 896 4836 sui
912 4780 1035 4836 ellandit
1049 4782 1078 4837 iu

288 4974 296 5008 ¹
315 4975 382 5044 Quia
396 4973 568 5045 infirmatur,
586 4982 611 5031 et
633 4991 681 5045 epa
703 4991 770 5032 aaa.
795 4973 990 5046 Quampluros
1005 4992 1079 5032 mss.

253 5045 395 5102 omittunt
410 5047 537 5104 mediam
555 5052 666 5119 partem
687 5049 776 5118 hujus
800 5047 935 5104 versiculi
961 5054 1081 5120 propter

139 5121 143 5124 “
254 5114 299 5170 bia
315 5117 438 5190 repetita
452 5119 553 5174 eadem
570 5120 666 5189 verba,
683 5123 709 5175 ct
723 5136 771 5190 rgo
786 5135 852 5174 noti.
873 5119 1015 5174 Maurius.

288 5187 299 5220 ²
315 5188 386 5244 Tres
402 5205 485 5256 mss,
504 5189 583 5260 lipao
596 5191 729 5260 tormidet,
741 5191 956 5262 periclitabitur,
969 5194 1025 5245 cto.

1130 2118 1198 2173 bare
1214 2117 1415 2184 audientibus,
1430 2121 1459 2173 et
1473 2133 1561 2173 nares
1576 2116 1659 2172 stulti
1671 2133 1732 2173 non
1743 2115 1923 2186 itasaseipiuut

1131 2222 1197 2278 qum
1211 2207 1359 2277 dieantur,
1376 2210 1409 2261 ut
1424 2206 1502 2262 dieta
1525 2213 1613 2274 sunt;
1638 2206 1691 2262 sed
1714 2222 1730 2260 e
1755 2204 1884 2262 contrario
1895 2203 1923 2255 a'·

1130 2311 1197 2350 rum
1213 2295 1386 2367 prudentem
1404 2294 1593 2366 supplantare
1605 2299 1763 2366 conantur,
1776 2295 1853 2351 etsui
1865 2290 1923 2347 sini·

1130 2383 1188 2440 lem
1212 2385 1316 2439 l'aeere.
1343 2384 1376 2440 Et
1400 2399 1499 2439 revera
1530 2382 1734 2455 precipitatur
1762 2382 1804 2438 vir
1828 2382 1922 2453 sapiens.

1130 2473 1247 2546 quando
1273 2473 1301 2527 in
1327 2487 1426 2528 aurem
1450 2471 1580 2544 loquitur
1603 2469 1925 2546 imprudentissimae

1130 2562 1237 2633 ejusin
1253 2561 1407 2634 protunda,
1435 2565 1467 2616 at
1492 2561 1534 2617 ita
1557 2560 1665 2630 dicam,
1692 2551 1809 2636 gurgite
1823 2561 1924 2634 percunt.

1130 2649 1211 2707 Unde
1226 2651 1339 2720 beatus,
1356 2649 1405 2720 qui
1422 2649 1451 2704 in
1467 2665 1567 2705 aurem
1579 2648 1715 2722 loquitur
1727 2649 1888 2732 audieatisl.

1165 2761 1179 2789 a
1196 2739 1314 2794 Initium
1331 2739 1486 2794 verborum
1507 2739 1590 2810 ejus⁷
1614 2738 1798 2812 insipientia,
1813 2743 1840 2794 et
1852 2735 1924 2791 navis·

1130 2827 1239 2883 simum
1255 2827 1314 2882 oris
1330 2828 1395 2897 ejas
1409 2842 1490 2882 error
1505 2827 1663 2899 pessimus.
1679 2830 1715 2884 Et
1731 2827 1836 2884 stultus
1849 2822 1925 2881 multi-

1129 2915 1217 2988 plicat
1232 2916 1328 2971 verba.
1345 2915 1464 2986 Ignorat
1479 2916 1566 2972 homo
1587 2916 1659 2987 quid
1686 2917 1737 2982 sit,
1754 2917 1829 2988 quad
1844 2917 1924 2970 lactan

1128 3009 1190 3059 est:
1208 3009 1236 3059 ct
1252 3005 1329 3074 quod
1346 3004 1478 3060 laturum
1503 3009 1548 3060 est
1571 3011 1637 3076 post
1661 3021 1744 3072 eum,
1760 3005 1824 3076 quis
1838 3017 1924 3058 aunun-

1130 3092 1212 3148 tiabit
1227 3093 1276 3147 eit
1292 3115 1306 3142 a
1321 3093 1424 3147 Adhuc
1435 3093 1460 3148 ei
1471 3094 1507 3149 de
1519 3093 1610 3149 stulto
1621 3093 1787 3166 disputatio
1800 3099 1849 3159 est,
1863 3090 1925 3159 cujus

1065 3182 1071 3203 ¹
1089 3171 1110 3237 C
1128 3181 1208 3238 labia
1223 3181 1405 3254 praecipitant
1421 3182 1594 3254 sapientem,
1620 3182 1681 3238 sive
1699 3183 1786 3255 juxta
1804 3181 1880 3238 aliam
1895 3177 1924 3231 iu·

1127 3271 1375 3345 terpretationam,
1401 3270 1524 3328 stultum
1551 3271 1650 3344 ipsum
1678 3289 1813 3328 corruere
1833 3271 1924 3326 laeiunt.

1127 3361 1246 3418 Initium
1261 3361 1340 3416 onim
1357 3359 1501 3416 sermonis
1516 3361 1591 3431 ejus,
1609 3364 1638 3415 et
1651 3361 1721 3416 finis
1734 3358 1854 3417 stultitia
1863 3360 1896 3414 ast
1907 3357 1925 3408 at

1128 3467 1208 3506 error
1222 3450 1390 3522 pessimus3
1407 3449 1477 3520 sive,
1508 3453 1539 3504 ut
1567 3449 1767 3521 Symmachus
1796 3443 1924 3504 transtulit.

1031 3581 1036 3594 .
1128 3562 1142 3591 «
1160 3538 1315 3608 tumultus,
1332 3543 1361 3593 at
1376 3539 1509 3610 quadam
1525 3539 1680 3594 verboram
1708 3536 1903 3595 inconstantia;
1915 3551 1924 3576 u

1128 3628 1199 3684 dum
1215 3644 1272 3683 uon
1290 3633 1388 3683 manet
1411 3627 1440 3682 in
1466 3627 1543 3684 m
1569 3628 1727 3698 sententia,
1753 3626 1804 3684 aed
1825 3621 1924 3697 putatia

1129 3715 1370 3789 multiplicatione
1395 3732 1564 3772 sermonum
1587 3717 1718 3788 effugare
1742 3733 1773 3772 se
1787 3725 1924 3788 possepm·

1128 3811 1237 3862 catam.
1254 3809 1325 3860 Cum
1351 3806 1430 3861 enirn
1456 3821 1507 3860 nec
1533 3804 1751 3877 praeteritorum
1776 3797 1922 3864 meminerit

1129 3911 1181 3951 nec
1197 3895 1295 3950 lutura
1314 3899 1480 3966 cognoscat,
1497 3899 1524 3949 et
1545 3894 1572 3948 in
1599 3893 1767 3966 ignorantia
1783 3897 1810 3950 et
1825 3885 1923 3947 tenebris

1128 3983 1284 4052 volutetur,
1302 3982 1405 4037 falsam
1422 3982 1477 4038 sibi
1494 3981 1645 4038 scientium
1662 3974 1922 4056 reproniittens⁸3is

1129 4089 1161 4129 co
1177 4073 1306 4139 doctam,
1324 4071 1353 4125 in
1370 4087 1402 4126 eo
1419 4087 1450 4127 se
1464 4075 1547 4143 putat
1562 4087 1626 4127 esse
1642 4071 1816 4143 sapientam,
1828 4069 1849 4124 si
1863 4065 1927 4120 verba

1129 4159 1314 4232 multiplicat.
1330 4161 1428 4216 Potest
1448 4160 1503 4216 hee
1517 4162 1546 4216 et
1561 4159 1597 4215 de
1621 4159 1768 4216 haereticis
1789 4155 1880 4229 accipi,
1893 4145 1927 4224 qai

1129 4251 1319 4322 prudentium
1334 4248 1463 4305 virorum
1479 4249 1556 4304 dieta
1572 4265 1629 4304 nau
1650 4250 1792 4321 eupiunt;
1808 4247 1853 4304 sed
1867 4259 1892 4298 se
1902 4237 1926 4294 ad

1130 4338 1345 4411 disputationes
1361 4338 1522 4392 contrarias
1533 4343 1746 4410 praeparantes,
1761 4342 1789 4392 et
1803 4329 1929 4390 initiand

1130 4433 1160 4484 st
1176 4429 1263 4483 linem
1279 4427 1418 4498 loquendi
1429 4426 1567 4496 uanitate,
1579 4425 1722 4496 tumultu,
1735 4439 1828 4481 errore
1838 4415 1927 4478 cansol-

1094 4537 1116 4600 p)
1132 4520 1221 4572 suut:
1237 4519 1265 4570 ct
1279 4531 1345 4570 eam
1365 4513 1436 4570 nihil
1449 4514 1545 4570 sciunt
1556 4517 1577 4584 ⁹,
1592 4514 1757 4586 loquuntur
1770 4513 1849 4587 plura
1862 4519 1927 4580 quaa

1136 4608 1253 4661 norunt.

1168 4717 1182 4744 a
1199 4693 1294 4748 Labor
1308 4691 1466 4748 stultorum
1483 4690 1594 4764 alssiget
1620 4707 1681 4757 eoa,
1703 4691 1753 4764 qai
1769 4687 1889 4746 nesciant
1900 4683 1928 4736 ire

1136 4783 1165 4838 in
1182 4782 1342 4839 civitatem.
1364 4803 1377 4830 u
1391 4781 1463 4838 Cum
1478 4779 1680 4853 superioribas
1695 4781 1784 4836 etiam
1800 4779 1849 4834 hoa
1859 4777 1927 4847 jurae

1133 4997 1192 5038 aaa
1204 4979 1314 5052 poterit,

1171 5051 1328 5120 ⁵vatican,
1344 5049 1375 5104 ia
1389 5048 1696 5119 doctaatdcritabsqus
1714 5047 1781 5101 uiro.
1873 5105 1877 5116 ,

1170 5125 1260 5179 “tiss
1279 5121 1379 5188 nasici,
1407 5123 1494 5191 atquo
1516 5119 1586 5176 alim
1611 5119 1727 5175 alcuin.
1754 5129 1818 5172 cum
1841 5103 1928 5192 prudeus

1136 5195 1233 5262 editis,
1251 5191 1325 5250 lladc
1340 5191 1433 5246 beatas
1448 5190 1499 5246 tlte
1512 5198 1562 5262 est,
1578 5195 1633 5246 eta.
1650 5195 1679 5246 et
1703 5205 1769 5244 moa
1793 5177 1929 5240 mactata·

289 5257 442 5329 ³alcuin,
460 5265 496 5315 tt
519 5263 592 5318 vitta
617 5263 695 5318 balcet
710 5280 727 5317 a
740 5270 868 5334 acrpcate
890 5264 995 5316 minias.
1018 5265 1082 5317 Mox
1137 5283 1188 5340 pro
1204 5265 1363 5329 audieatis,
1380 5268 1491 5318 veteres
1505 5263 1586 5333 editi,
1602 5262 1781 5333 sapientiam.

255 5331 366 5383 veteres
382 5329 500 5454 vulgati,
518 5333 556 5386 Αιι
572 5334 783 5389 benedicendam
807 5335 903 5397 Deuca,
920 5339 975 5388 ete.

291 5399 331 5453 Ad
358 5399 423 5454 benc
444 5403 578 5457 tralatam.
604 5405 679 5460 Editi
703 5407 815 5460 addant
839 5405 933 5473 Desara,
961 5403 1024 5474 sed,
1051 5403 1080 5459 ni

256 5466 351 5535 lallor,
368 5473 533 5541 supertlaa:
551 5475 687 5545 quiahoc
704 5477 765 5532 loco
790 5475 947 5531 taeaiediccrc
967 5474 1083 5546 signiti-

256 5545 304 5647 (ιιι
317 5540 450 5667 proxime
467 5544 537 5596 taram
551 5549 682 5613 pracati.
701 5549 846 5603 ltlan'rran'.

330 5613 407 5680 dem,
425 5614 477 5666 Nee
499 5613 598 5666 uulnus
621 5631 701 5670 auam
717 5619 847 5687 magistro
870 5615 986 5672 volucrit
1001 5619 1084 5676 coad-

1173 5339 1182 5374 ⁷
1199 5336 1322 5392 Palatia.
1341 5335 1366 5404 1,
1381 5341 1525 5405 expuncta
1539 5349 1607 5390 voce
1622 5335 1691 5404 ejas,
1703 5309 1929 5409 substituitatullt·

1174 5409 1185 5442 ⁸
1200 5407 1283 5480 Apud
1296 5403 1423 5468 alcuin..
1435 5407 1561 5462 Tenebris
1572 5407 1709 5460 inuolatus
1718 5401 1803 5456 salum
1812 5393 1857 5448 salta
1866 5399 1929 5441 acra.-

1137 5482 1207 5535 tiam
1227 5477 1431 5548 repromittens.

1175 5553 1185 5586 ‘²'
1199 5550 1273 5606 Cum
1288 5548 1411 5604 ldrasme
1422 5553 1450 5604 et
1465 5549 1592 5604 Victoris
1608 5543 1730 5603 Palatini
1742 5543 1868 5598 daomss.
1880 5525 1929 5580 tau

1140 5621 1225 5679 matta
1244 5635 1349 5691 arcora,
1374 5623 1429 5676 ete.
1454 5617 1579 5693 alcuin,
1607 5619 1674 5676 Cam
1695 5613 1781 5672 mutto
1802 5609 1927 5663 ararem·

256 5687 328 5754 part,
353 5683 493 5754 amputa,
520 5683 576 5754 qui
592 5683 715 5753 ttapaam
730 5687 831 5758 ‚tabat
847 5691 876 5742 et
895 5685 1085 5764 coherenter,
1141 5695 1261 5768 mutuant,
1276 5697 1302 5750 et
1317 5707 1390 5766 cum,
1406 5693 1460 5748 ete.
