4100 6156
136 319 195 388 tbi
681 308 887 385 ADVERSUS
909 309 1151 386 toartlsuall
1172 312 1247 382 ula.
1270 307 1296 379 i.
1776 319 1839 388 Μ

134 459 297 530 potestatem
315 467 421 512 amores
442 443 582 524 mulieres,
609 455 652 512 vet
680 469 778 512 uxores
805 453 959 512 circumdo·
973 453 1002 524 Α
1017 452 1098 510 taotlt
1108 452 1263 526 reliquisset
1277 450 1356 508 nolis
1368 466 1470 520 senen,
1484 454 1564 528 prend
1579 453 1693 512 δοάιιιια
1706 470 1835 528 memor,

134 546 213 604 eradi
225 549 239 600 l
251 545 294 602 lix
308 559 366 616 quo
382 546 503 616 apparet
516 558 584 600 eum
600 543 635 599 de
650 542 834 600 aliissanctis
850 543 960 600 dixisse
1015 551 1041 599 et
1053 542 1157 598 similes
1171 546 1308 598 llonwnae
1330 541 1478 610 sumemus
1496 540 1560 612 (leo.
1587 559 1607 597 1.
1623 546 1661 612 t).
1687 545 1742 612 Qui
1766 562 1836 620 ergo

137 634 322 700 mulieribus,
339 647 403 704 qua
414 633 501 705 justa
516 648 628 688 morem
643 632 800 690 iudaicam
809 632 960 706 magistris
1014 635 1098 688 eraut
1112 647 1146 686 ex
1159 629 1282 696 ludaeis,
1296 627 1494 701 virginitatem
1517 645 1605 702 quam
1630 630 1660 688 in
1683 633 1837 692 ludaismo

135 725 173 780 de
187 740 244 781 sua
257 721 424 778 substantia
441 719 660 788 ministrabant,
676 720 889 795 sicutlegimus
902 721 960 794 ipsi
1015 719 1186 786 amiserant,
1202 718 1232 774 in
1249 715 1404 790 Evangelio
1428 716 1536 774 habere
1559 733 1618 774 non
1642 723 1838 792 poterantne

135 828 255 885 quoqne
268 809 390 866 Domiw
406 808 659 867 factitatumNam
675 813 706 867 st
719 809 790 866 ordo
804 811 960 866 verborum
1015 813 1113 864 mmen
1129 808 1259 864 loannes
1275 823 1353 862 uuus
1372 823 1407 862 ex
1431 805 1594 878 discipulis,
1622 807 1672 880 qui
1697 809 1838 868 minimus

135 901 194 957 hoc
214 899 357 974 significat
383 917 394 953 :
415 897 554 970 Numquid
574 914 631 955 non
652 899 783 956 tutemus
795 900 801 950 .’
805 901 962 971 potestatem
1015 897 1144 954 traditur
1157 896 1249 952 luisse
1263 895 1340 950 inter
1354 894 1512 968 apostolos,
1527 899 1658 968 atquem
1672 897 1839 954 fidasGhri-

137 987 335 1054 muadacaadi,
360 987 592 1054 croilandiae
618 1003 724 1044 sorores
749 989 878 1044 mutieres
905 987 961 1044 cir·

132 1076 317 1134 amarandi
329 1075 409 1144 (ltid.
425 1075 453 1143 3,
469 1075 497 1148 5)
513 1076 527 1131 t
542 1075 596 1132 Ubi
614 1076 649 1132 de
663 1077 843 1134 comedendo
867 1079 896 1132 et
916 1075 961 1132 bi·

132 1167 243 1233 bendo,
260 1182 295 1222 ac
310 1166 346 1221 de
360 1164 622 1222 administratione
637 1170 811 1238 sumptuum
835 1165 963 1238 premit-

135 1257 221 1320 titur,
236 1256 266 1310 et
282 1254 318 1310 de
334 1251 508 1310 mulieribus
526 1253 678 1310 sororibus
703 1253 828 1309 infertur
852 1254 872 1322 ¹,
897 1269 963 1326 per-

134 1344 273 1418 spicuum
290 1346 345 1410 est,
360 1357 419 1397 non
434 1357 540 1398 uxores
555 1341 661 1398 debere
676 1339 811 1415 intelligi,
827 1343 877 1398 sed
901 1357 961 1410 eas,

134 1442 166 1490 nt
180 1431 324 1499 diximus,
342 1447 407 1504 ques
422 1431 458 1487 de
477 1447 532 1486 sua
553 1431 720 1487 substantie
745 1429 962 1489 ministrabant.

134 1522 218 1587 Quod
233 1523 264 1577 et
281 1521 312 1576 in
326 1520 417 1576 veteri
428 1518 491 1592 lege
505 1519 541 1576 de
556 1519 741 1576 Sunamitide
752 1517 802 1575 illa
813 1519 964 1589 scribitur,

1016 987 1054 1042 sti
1075 985 1219 1059 virginem
1242 989 1398 1056 repererat,
1424 984 1505 1057 virgo
1529 985 1702 1058 permansit,
1723 992 1753 1042 et
1774 987 1840 1045 ideo

1016 1074 1084 1149 plus
1100 1078 1216 1130 amatur
1231 1090 1248 1128 a
1263 1073 1396 1140 Domino,
1412 1077 1440 1130 et
1455 1073 1600 1130 recumbit
1624 1090 1713 1148 super
1736 1081 1840 1149 pectas

1016 1165 1099 1220 lesu.
1116 1167 1150 1218 st
1162 1163 1239 1235 quod
1256 1161 1396 1232 ‘Petrus
1412 1162 1464 1233 qui
1486 1179 1602 1218 uxorem
1625 1163 1777 1234 babuerat,
1794 1167 1840 1222 in-

1017 1258 1165 1325 terrogare
1181 1269 1239 1308 non
1255 1251 1354 1317 audet,
1371 1249 1454 1307 iilum
1470 1255 1599 1324 rogatui
1622 1252 1790 1326 interroget.
1806 1255 1842 1311 at

1019 1345 1085 1413 post
1103 1340 1347 1398 resurrectionem
1378 1339 1532 1396 nuntiante
1556 1339 1648 1398 Maria
1669 1341 1839 1415 Magdaleno
1917 1352 1922 1364 '

1018 1429 1097 1502 qnod
1117 1430 1260 1486 Dominus
1281 1429 1628 1500 resurrexisset,uterque
1650 1431 1779 1488 cucurrit
1804 1433 1840 1490 ad

1018 1518 1187 1591 sepulcrum
1204 1537 1211 1586 3
1226 1518 1276 1574 sed
1292 1517 1341 1574 illa
1364 1517 1515 1589 pravenit.
1540 1521 1671 1592 Cumque
1689 1523 1789 1578 essent
1810 1521 1842 1578 in

135 1628 198 1684 que
215 1607 511 1666 solitasitlllisaeum
526 1608 710 1680 reciperent
725 1609 865 1681 ponereei
882 1624 964 1664 men·
1020 1608 1084 1664 navi
1112 1611 1141 1663 et
1170 1608 1354 1680 piscarentur
1381 1605 1412 1662 in
1440 1605 1504 1663 lacu
1535 1606 1724 1676 Genezaretb,
1754 1609 1841 1668 lesus

134 1715 209 1769 mm,
226 1703 388 1771 etpanem,
404 1701 433 1754 et
461 1696 683 1766 caudelabrum,
711 1701 740 1754 et
767 1701 882 1755 catera.
906 1699 965 1754 Ant
1020 1696 1117 1754 stabat
1144 1696 1174 1750 in
1204 1695 1310 1762 littore,
1340 1711 1392 1751 nco
1427 1695 1559 1752 sciebant
1593 1697 1718 1769 apostoli
1752 1715 1841 1772 quem

134 1793 213 1846 certe
228 1788 254 1844 si
269 1790 411 1862 γυναῖκας,
426 1801 539 1854 scores,
568 1785 731 1861 accipimus
754 1802 812 1844 non
835 1787 966 1844 mutieres
981 1825 1005 1892 Β
1019 1785 1168 1852 viderent,
1185 1783 1266 1840 solus
1289 1784 1370 1857 virgo
1393 1783 1536 1856 virginem
1557 1786 1701 1859 agnoscit,
1723 1791 1752 1844 et
1772 1787 1844 1846 dicit

136 1878 165 1934 id
181 1876 264 1952 qnod
294 1875 422 1946 additur,
451 1891 564 1944 serores,
594 1874 671 1932 tollit
699 1892 806 1945 uxorea
835 1880 864 1932 et
888 1876 966 1934 218
1020 1873 1129 1930 Ρθῑιο“;
1145 1873 1340 1930 Dmntaacect.
1371 1873 1499 1930 liursurn
1528 1877 1594 1947 post
1622 1875 1754 1932 auditam
1778 1894 1844 1936 sen·

136 1965 273 2024 ostendit
286 1981 336 2022 eas
350 1979 508 2039 germanas
523 1965 553 2020 in
576 1964 683 2038 spiritu
705 1965 808 2034 luisse,
825 1982 882 2022 non
898 1981 966 2022 oon·
1020 1961 1153 2030 tentiam,
1170 1961 1247 2034 quod
1263 1962 1299 2018 ab
1314 1960 1371 2018 alio
1396 1961 1559 2036 cingendus
1576 1967 1654 2022 esset
1677 1964 1790 2037 Petras,
1815 1972 1845 2026 et

133 2055 265 2127 iuges&
284 2055 468 2125 Quanquam,
492 2057 610 2125 excepto
633 2053 764 2126 apostolo
790 2054 884 2122 Petro,
907 2071 966 2111 nou
1022 2050 1176 2107 ducendus
1204 2065 1263 2123 quo
1291 2050 1369 2109 22⁰
1405 2049 1506 2118 nollet,
1542 2055 1570 2108 et
1607 2053 1703 2110 crucis
1740 2055 1846 2114 inisset

139 2143 184 2200 sit
199 2141 349 2199 manifeste
363 2141 488 2199 relatum
503 2142 538 2198 de
554 2139 620 2198 aliis
642 2141 783 2215 apostolis
803 2144 880 2216 quod
896 2160 966 2200 uxo·
1021 2139 1064 2196 illi
1091 2139 1190 2212 passio
1217 2138 1400 2212 prophetata,
1441 2144 1470 2196 et
1498 2138 1673 2200 illediceret
1695 2145 1843 2213 :Domina

137 2248 190 2290 res
205 2231 379 2301 habuerint,
393 2233 423 2288 et
436 2247 505 2288 cum
518 2232 554 2287 de
569 2248 627 2288 uno
640 2231 783 2306 scriptum
806 2233 856 2301 sit,
882 2249 916 2290 ac
931 2235 967 2290 de
1020 2229 1087 2302 qaid
1102 2230 1152 2284 iste
1166 2229 1256 2299 (loon.
1279 2245 1339 2296 ιιι,
1363 2228 1409 2300 21)
1432 2227 1446 2284 ‘l
1472 2228 1576 2286 nolens
1600 2231 1733 2289 deserere
1753 2233 1844 2291 toan·

135 2319 253 2378 ceteris
268 2319 401 2390 mettum,
418 2319 581 2393 intelligere
597 2320 967 2379 debemussineuxoribas
1022 2333 1180 2384 nem,cum
1196 2332 1254 2388 quo
1270 2332 1387 2388 semper
1415 2317 1510 2374 lueret
1539 2318 1702 2390 copulatus,
1732 2321 1804 2378 dicit
1816 2323 1843 2380 ei
1926 2381 1933 2393 ,

134 2426 185 2468 eos
200 2407 345 2477 luisse,de
359 2409 467 2481 quibus
483 2408 557 2464 nihil
571 2408 629 2466 tale
644 2409 795 2484 Scriptura
809 2411 965 2484 significet.
1022 2405 1165 2462 Dominus
1180 2423 1186 2462 :
1204 2405 1278 2477 (laid
1293 2405 1327 2461 ed
1342 2406 1429 2462 teret
1449 2421 1511 2462 cam
1534 2407 1593 2464 uoto
1616 2409 1657 2464 sic
1680 2424 1736 2466 esse
1759 2411 1840 2481 (ltid.

135 2499 171 2556 gs
184 2503 289 2555 umen
304 2495 355 2554 ille
369 2496 418 2570 qui
434 2497 519 2554 nohis
543 2497 652 2570 objecit
671 2499 842 2556 zachariam
867 2503 896 2556 et
909 2500 967 2556 Eli.
1021 2495 1067 2566 22)
1085 2494 1099 2548 l
1114 2494 1195 2550 Unde
1212 2499 1241 2550 et
1255 2510 1352 2550 sermo
1366 2494 1454 2550 exivit
1467 2494 1543 2551 inter
1558 2495 1675 2565 iratres,
1699 2497 1783 2554 illum
1799 2500 1844 2556 di-

137 2587 256 2654 sabetb,
273 2586 393 2642 Petrum
408 2590 437 2642 et
451 2603 569 2644 socrum
584 2587 660 2660 ejus,
678 2587 762 2655 sciat,
779 2589 815 2646 de
829 2589 968 2646 Zaobaria
1023 2583 1170 2656 scipulum
1186 2599 1245 2640 non
1261 2584 1448 2641 moriturum.
1464 2587 1503 2640 Ex
1520 2601 1578 2658 quo
1599 2588 1765 2644 ostenditur
1788 2589 1844 2648 vir-

135 2681 164 2734 et
178 2674 333 2734 Elisabeth
348 2675 492 2736 ioannem
507 2676 600 2734 luisse
618 2682 803 2750 generatum,
817 2677 847 2734 id
861 2683 917 2746 est,
932 2680 968 2736 de
1022 2673 1176 2746 ginitatem
1192 2690 1251 2729 11011
1267 2673 1352 2740 mori,
1368 2689 1421 2730 11⁰0
1435 2672 1538 2730 soldos
1556 2674 1727 2747 nupfitlum
1743 2676 1846 2736 ablue·

136 2763 252 2838 nuptiis
268 2763 424 2836 virginem,
440 2765 476 2820 de
486 2762 549 2838 lege
563 2763 804 2839 Evangeliumde
819 2766 968 2824 matrimo-
1023 2779 1054 2819 re
1068 2763 1079 2797 ⁶
1093 2779 1194 2818 oraora
1210 2762 1352 2836 martyrii,
1369 2762 1420 2818 secl
1436 2778 1554 2820 munere
1577 2781 1645 2820 oum
1669 2763 1796 2835 Christo,
1817 2773 1847 2826 et

136 2855 187 2910 nio
203 2851 372 2910 matrem
399 2857 431 2908 ut
450 2853 621 2926 aprophela
639 2854 752 2927 virgine
766 2855 851 2928 ,virgo
876 2856 970 2914 Domi·
1023 2851 1229 2908 dormitionem
1245 2851 1482 2922 ejustraasitum
1497 2868 1571 2922 esse,
1588 2868 1647 2909 non
1663 2859 1800 2916 mortem.
1814 2857 1846 2914 Si

138 2959 198 3000 nus
214 2945 242 2998 et
258 2941 497 3008 annuntiaretur,
523 2947 552 2998 et
574 2942 782 3015 baptizaretur.
808 2944 969 3002 Possumus
1023 2945 1121 2998 autem
1136 2941 1241 2997 obnixe
1256 2940 1439 2996 contenderit
1461 2940 1604 3010 loannem
1628 2942 1771 3016 virginem
1786 2961 1845 3004 non

139 3035 241 3089 aulem
258 3029 295 3086 de
311 3029 395 3087 Petro
410 3029 516 3102 dicere,
533 3033 611 3104 qaod
634 3032 771 3090 habuerit
793 3050 910 3092 socrum
935 3051 969 3091 eo
1024 3029 1125 3098 luisse,
1137 3031 1228 3086 0i11⁰⁸
1243 3028 1352 3086 ³m⁰li⁸
1364 3028 1503 3102 l¹ls¹³⁰illt¹i
1515 3045 1635 3088 militm
1648 3030 1844 3105 Vilssissiiaiflm

139 3126 276 3193 tempore
290 3135 349 3192 quo
364 3119 530 3188 credidit,et
543 3137 662 3178 uxorem
673 3123 738 3196 J‘am
748 3139 807 3180 non
822 3122 967 3180 babuerit.
1023 3117 1162 3186 diximus,
1179 3122 1306 3190 exponat
1317 3117 1375 3184 ille,
1390 3118 1415 3175 si
1430 3118 1511 3192 virgo
1526 3135 1584 3175 non
1604 3120 1669 3189 luit,
1685 3137 1737 3177 our
1760 3128 1845 3180 oete·

140 3225 319 3284 quanquam
334 3206 449 3280 legatur
461 3210 471 3244 ³
484 3210 514 3266 in
533 3206 672 3284 περιόδοις
696 3215 725 3268 et
746 3228 818 3268 uxor
841 3213 916 3285 eius,
940 3196 1005 3270 etG
1023 3207 1064 3262 ris
1079 3205 1220 3278 apostolis
1236 3205 1302 3278 plus
1318 3210 1435 3263 amatus
1446 3207 1485 3262 sit
1498 3207 1512 3262 t
1526 3211 1564 3263 At
1578 3209 1662 3276 dieis,
1678 3225 1768 3283 super
1790 3212 1846 3270 Pe·

141 3297 276 3356 filiased
291 3313 370 3352 nuno
385 3296 470 3354 nohis
484 3297 521 3354 de
533 3315 644 3356 canone
654 3315 741 3356 omna
755 3305 903 3358 certamen
914 3305 968 3358 est,
1024 3301 1104 3352 irum
1120 3295 1261 3351 illudatur
1275 3294 1403 3352 Ecclesia
1419 3313 1425 3350 τ
1441 3295 1509 3352 licet
1518 3297 1549 3354 l'd
1558 3297 1656 3370 ipsum
1672 3300 1700 3356 in
1711 3299 1769 3357 alio
1783 3300 1846 3360 1000

141 3388 178 3443 Et
193 3385 264 3459 quia
288 3387 326 3442 ad
350 3385 499 3458 apostolos
518 3388 694 3460 provocavit,
720 3391 797 3462 quod
823 3390 971 3463 principes
1024 3401 1115 3458 super
1125 3400 1227 3442 omnes
1243 3384 1389 3456 apostolos
1405 3386 1456 3442 ssat
1470 3387 1491 3452 ⁷,
1507 3390 1536 3442 et
1549 3387 1646 3444 cuncti
1656 3388 1751 3446 claves
1766 3390 1848 3465 regui

141 3474 308 3548 discipline
331 3480 449 3542 nostra,
475 3479 504 3531 et
529 3475 672 3532 Chistiani
698 3477 845 3550 dogmatis
868 3479 969 3548 duces,
1025 3473 1164 3530 coelorum
1180 3473 1336 3546 accipiant,
1351 3479 1380 3531 et
1394 3491 1428 3530 ex
1442 3491 1526 3548 aquo
1541 3493 1629 3549 super
1643 3493 1693 3534 eos
1711 3478 1847 3538 Ecclesia

142 3563 280 3636 virgines
293 3579 349 3619 non
365 3564 486 3631 fuerint,
502 3568 535 3620 ut
554 3580 604 3622 cos
621 3565 739 3622 interim
760 3565 887 3640 virgines
902 3584 969 3626 cou-
1025 3563 1164 3620 fortitudo
1185 3562 1327 3620 solidetur
1352 3567 1450 3620 tamen
1471 3569 1624 3637 propterea
1643 3566 1719 3624 inter
1737 3569 1847 3628 duode-

148 3651 293 3707 cedamus
308 3668 361 3708 non
375 3652 469 3709 tuisse
479 3653 586 3726 (neque
600 3653 679 3709 enim
705 3654 759 3712 boc
787 3659 891 3727 prater
918 3661 970 3714 Pa·
1025 3652 1082 3710 cim
1095 3670 1171 3709 unus
1185 3651 1315 3724 cligitur,
1331 3657 1364 3708 ut
1379 3653 1473 3724 capite
1488 3654 1656 3722 constituto,
1679 3655 1848 3714 schismatis

147 3747 231 3796 trum
247 3740 361 3812 probari
382 3741 488 3814 potest)
511 3742 624 3798 noverit
646 3741 701 3799 bos
723 3759 789 3800 esse
812 3742 970 3816 apostolos,

144 3830 182 3886 de
198 3829 308 3902 quibus
330 3828 421 3888 lanias
442 3829 621 3887 vaticinatur
646 3848 653 3887 :
679 3833 740 3888 Nisi
762 3833 895 3890 llomiaos
918 3833 971 3890 Sa-
1025 3831 1106 3902 virgo
1121 3830 1135 3885 ‘l
1149 3829 1237 3886 AEtnli
1252 3829 1383 3890 delatum
1398 3831 1531 3902 estquis
1544 3831 1648 3888 Petrus
1662 3831 1761 3890 senior
1774 3837 1846 3904 erat,

183 3953 192 3986 ¹
208 3952 302 4010 lidem
319 3968 398 4015 mss..
407 3953 453 4010 Sic
467 3955 597 4025 intartae.
1026 3967 1123 4010 errore
1139 3952 1313 4009 obtinuisse.
1325 3953 1371 4010 Sic
1383 3970 1446 4010 eam
1460 3956 1520 4012 volo
1534 3972 1655 4025 manac,
1678 3961 1744 4026 ela,
1768 3960 1847 4030 quod

179 4025 191 4059 ¹
206 4023 427 4094 menacensis,
441 4025 473 4082 ln
487 4027 590 4096 spirita
603 4027 690 4097 tabee
703 4027 840 4100 conjuges.
1026 4024 1114 4081 etiam
1130 4024 1160 4080 in
1177 4024 1411 4097 Hieronymianis
1426 4025 1538 4100 aliquot
1563 4044 1635 4085 mss.
1661 4029 1848 4088 Martianaeua

177 4095 328 4166 ’tepow
349 4099 379 4152 in
408 4091 556 4168 περιόδοις.
587 4097 725 4154 Periodos
753 4099 888 4157 attribuit
913 4100 973 4157 Cle·
1026 4095 1147 4152 invenit.
1162 4093 1235 4152 Vide
1252 4113 1315 4169 quse
1339 4099 1374 4153 ad
1406 4114 1473 4154 eum
1500 4097 1597 4156 locum
1626 4100 1772 4174 Evangelii
1795 4103 1848 4158 ad-

145 4167 238 4224 menli
255 4167 385 4240 suprain
401 4184 433 4223 ca
458 4168 596 4241 .1Epist.
628 4169 663 4224 ad
690 4169 784 4227 Galat.
811 4170 911 4228 dicens
937 4174 974 4229 de
1028 4171 1175 4224 pommus.

146 4239 409 4304 Petrotaan,ut
444 4238 556 4296 lerneus
580 4239 610 4295 in
634 4239 762 4312 periodis
786 4242 852 4314 ejus
874 4243 972 4311 relert,
1062 4238 1633 4312 ⁸Prooletuere,quodpraleruntmss.
1662 4240 1848 4299 Martianaeus

144 4309 293 4366 calvitiem
308 4309 473 4367 haberetis
489 4311 594 4383 capite.
614 4331 629 4362 ιι
652 4311 795 4368 Missua.
811 4345 846 4354 —
868 4314 974 4371 Memo·
1028 4309 1136 4384 aliique
1151 4314 1237 4367 antea
1250 4311 1376 4368 editores
1391 4311 1468 4367 attat
1477 4309 1587 4384 legunt,
1604 4327 1692 4369 sensu
1703 4328 1761 4369 nou
1776 4313 1848 4371 satis

142 4384 229 4438 ratur
243 4380 366 4453 quidam
379 4399 451 4440 uxor
470 4381 547 4439 Petri
568 4383 793 4450 Reooprtittoaum
816 4383 866 4440 lib.
890 4401 931 4442 vu
945 4391 975 4442 et
1027 4399 1079 4438 con
1103 4399 1167 4438 rue.
1512 4450 1516 4458 Ι

141 4452 220 4510 libro
236 4469 277 4518 rx,
294 4453 417 4510 minime
436 4469 504 4510 vero
527 4452 598 4510 filia.
625 4453 720 4518 Quare
742 4456 892 4512 diversum
916 4457 972 4512 lor·
1062 4455 1072 4488 ⁷
1114 4454 1229 4510 idestur
1243 4453 1447 4535 Hieronymus,
1466 4454 1589 4512 loannis
1615 4454 1751 4527 aposloli,
1766 4471 1800 4512 ex
1813 4468 1847 4514 eo

141 4529 221 4582 tasse
248 4523 285 4580 ab
310 4525 389 4581 edito
412 4524 560 4598 exemplar
589 4523 729 4582 hahuisse
753 4542 811 4599 prae
836 4527 973 4586 manibus
988 4564 1012 4630 D
1027 4525 1105 4596 quod
1120 4525 1201 4599 virgo
1217 4525 1387 4598 perstiterit,
1402 4525 1541 4584 meritum
1557 4528 1693 4599 prnl'erre
1711 4528 1846 4586 esteris:

97 4642 104 4653 .
140 4595 169 4651 S.
186 4595 971 4669 Doctoremsuspieamur.daeteruminnuitbooloco,
1027 4601 1156 4652 attamen
1185 4595 1319 4652 Ecclesia
1344 4601 1432 4670 caput
1460 4614 1478 4653 a
1506 4597 1629 4655 Domino
1657 4599 1848 4656 constitutum

140 4671 173 4722 ut
185 4665 317 4732 videtur,
334 4667 488 4724 dimissam
506 4685 524 4723 n
547 4667 630 4723 Petro
655 4683 789 4733 uxorem,
814 4673 971 4741 postquam
1028 4667 1119 4722 luisse
1134 4683 1191 4722 non
1207 4668 1361 4733 loannem,
1378 4669 1428 4724 sed
1449 4667 1578 4738 Petrum,
1604 4668 1726 4726 minime
1741 4671 1848 4727 dildte-

139 4737 327 4794 credidisset.
343 4741 424 4794 Gerte
438 4738 517 4794 idem
542 4737 645 4794 statuit
664 4739 694 4794 iu
716 4737 971 4812 epist.l18,u.l,
1027 4742 1086 4794 tur.
1103 4737 1164 4794 imo
1179 4736 1259 4794 hisee
1277 4739 1373 4796 verbis
1395 4739 1514 4796 delinite
1536 4740 1675 4806 declarat,
1701 4739 1848 4812 apostolos

139 4809 176 4864 ad
191 4807 360 4874 lulianum,
376 4808 426 4866 ubi
440 4825 517 4882 eam,
530 4825 594 4865 cam
606 4810 739 4869 novitatis
752 4819 778 4866 ct
802 4813 856 4868 reti
894 4813 972 4870 dere·
1027 4808 1145 4880 quidem
1161 4812 1280 4865 cataros
1295 4809 1405 4868 bonore
1420 4811 1510 4868 simul
1537 4817 1567 4869 et
1615 4815 1736 4868 otestate
1763 4827 1849 4884 pares

141 4881 260 4951 liquisse
274 4878 374 4936 tradit.
1027 4881 1117 4935 luisse
1128 4879 1222 4947 Petro,
1257 4879 1308 4936 uia
1321 4897 1423 4938 omnes
1435 4883 1544 4954 pariter
1558 4899 1575 4938 a
1593 4829 1708 4940 guasto
1724 4897 1848 4956 evange-

176 4954 293 5008 ‘Vetus
308 4950 397 5006 editio
410 4966 446 5006 ea
459 4967 523 5024 pao,
544 4955 583 5019 et,
604 4951 675 5023 quod
698 4953 757 5024 ipsc
785 4954 971 5026 interrogem
1026 4950 1143 5016 lizsndi,
1159 4897 1317 5023 ligandane
1332 4951 1463 5009 solvendi
1478 4951 1645 5009 facultatem
1661 4957 1846 5026 acceperunt,

140 5023 273 5106 deniqne
287 5020 364 5078 inira
384 5037 455 5106 cum·
474 5023 594 5094 optimis
617 5039 702 5091 msa,
735 5025 871 5094 Virginem
894 5041 972 5082 reco—
1026 5022 1158 5078 omnium
1180 5027 1278 5104 tamen
1311 5029 1399 5105 caput
1428 5039 1519 5106 unum
1545 5023 1663 5080 Petram
1690 5023 1847 5090 exstitisse,

138 5103 260 5235 Μεθ’·
290 5097 499 5233 diffinssiffotlattc.
524 5165 633 5222 Similis
657 5164 706 5222 hio
724 5181 809 5247 error
833 5166 971 5240 antiqno·
1026 5095 1847 5248 3132?&midaii:filffsssstbtliisssigrottcsutapssdstldigsRisu

140 5253 210 5294 rum
224 5235 413 5294 librariorum
428 5237 550 5308 est,ejus
561 5237 612 5309 qui
626 5236 745 5310 irrepsit
755 5253 784 5292 m
800 5241 970 5294 contextum
1026 5236 1219 5292 srmrlrtudrue
1233 5235 1354 5293 bonores
1370 5237 1425 5292 luit
1450 5237 1584 5309 quedam
1607 5237 1743 5296 discretio
1766 5243 1847 5313 pota·

140 5307 352 5390 Evangelicum
369 5309 642 5366 lacuniasiceam
669 5309 728 5366 voto
760 5323 883 5376 meane,
913 5313 970 5366 etc.
1026 5308 1233 5377 statis,etcum
1249 5305 1667 5381 omniumparesseteiectio,
1684 5311 1848 5368 unitamen

140 5381 215 5436 Nam
230 5397 262 5436 ιιι
281 5379 379 5436 tribus
397 5395 469 5436 mss.
486 5380 635 5437 codicibus
650 5379 705 5437 boo
729 5380 816 5436 modo
840 5379 968 5453 legitur:
1026 5380 1196 5444 detumeat,
1215 5382 1245 5433 ut
1259 5379 1369 5435 catoris
1384 5381 1596 5461 praemineret.
1622 5403 1636 5432 ιι
1660 5382 1725 5439 Hac
1752 5383 1847 5440 obiter

141 5451 383 5518 Orddedlelcic
395 5467 460 5506 eam
476 5452 678 5523 ooloasmpro
693 5450 822 5524 genuina
836 5449 970 5516 lectione,
1026 5451 1171 5507 iueorum
1209 5449 1323 5516 retiam,
1340 5465 1389 5523 qur
1406 5450 1573 5525 Hieronymi
1589 5452 1685 5510 locum
1704 5453 1784 5511 hunc
1798 5471 1847 5512 oa-

139 5524 172 5578 δι’
186 5521 324 5580 eemoolo
340 5525 381 5578 sio
407 5538 474 5579 erse.
505 5523 650 5580 Mesenen.
675 5553 710 5564 -
738 5523 782 5604 lta
810 5524 971 5596 praeierunt
1025 5521 1174 5578 vittantur.
1188 5465 1331 5577 {aterum
1343 5522 1409 5578 vide
1423 5523 1570 5606 Gelasium
1591 5541 1697 5600 papam
1719 5529 1846 5582 tractatu
1890 5525 1897 5542 ²

140 5593 569 5651 nostriomnesmss.etvetus
605 5608 643 5650 uo
664 5593 968 5652 uenditiocoueinit:
1025 5593 1381 5668 l‚n.5,etdaperpetua
1405 5597 1528 5654 ioannis
1551 5595 1579 5653 vi
1616 5597 1717 5654 initote
1742 5597 1769 5654 S.
1785 5601 1846 5654 Aa·

141 5665 171 5720 Si
186 5665 405 5732 crawemerse,
421 5609 609 5738 qoidodteql
638 5609 701 5724 lion
731 5668 828 5722 tamen
857 5662 969 5723 iddcis·
1024 5661 1544 5746 guauscelindeaoeecoejepatt,
1560 5685 1586 5728 o.
1640 5685 1703 5742 ,ιι
1724 5669 1770 5742 tt,
1786 5671 1845 5742 eto,

141 5751 210 5798 mar
221 5737 287 5816 Jen
302 5735 353 5797 diu
367 5735 439 5801 otu
452 5735 483 5798 ln
497 5736 600 5800 toanis
614 5734 771 5814 Evangebo
778 5736 967 5802 librariorum

1026 3741 1146 3798 tollatur
1160 3742 1285 3798 occasio.
1302 3741 1358 3798 Sed
1373 3757 1426 3797 our
1445 3757 1503 3798 uon
1518 3742 1646 3800 ioannes
1669 3743 1779 3801 electus
1802 3749 1849 3803 est
1961 3735 1968 3748 ’
