4066 6162
171 245 230 378 teo
764 313 921 384 coarat
941 307 1123 382 nusttbtt
1145 309 1218 380 trs.
1241 305 1281 382 ll.
1804 298 1879 385 stt

170 441 200 502 in
213 441 335 505 homine
363 447 463 507 tutum
491 448 540 518 sit,
568 447 737 510 innocentia
751 451 911 509 criminosa
924 446 992 508 esti
1007 449 1135 518 Alsaia.
1153 447 1283 506 Tertium
1298 447 1328 506 in
1344 445 1493 507 Zacharia.
1509 447 1650 516 Quartum
1665 443 1871 512 lnProse'rbils

169 533 931 611 Dormientepatreiamiliasinimicushomozizania
946 556 994 596 so·
1047 539 1188 604 Quintum
1204 556 1286 612 aeqne
1305 539 1336 595 in
1360 538 1444 596 lesia.
1470 539 1552 604 Quod
1576 538 1662 598 multi
1688 541 1870 617 ignorantes,

169 623 378 696 perseminavit
397 628 570 699 (llattltmur,
595 629 650 698 25).
679 653 689 679 ι
717 629 928 686 Exterminavit
950 627 993 682 vi·
1047 627 1281 701 apocryphorum
1314 626 1506 686 deliramenta
1532 631 1691 699 sectantur,
1715 634 1744 687 et
1769 632 1870 690 iberas

169 728 254 770 neem
268 729 339 787 aper
353 715 389 772 de
400 716 484 782 silva,
495 721 525 774 et
534 717 695 791 singularis
705 719 784 775 ierus
794 719 934 790 depastus
950 721 994 772 eet
1047 717 1156 774 neanias
1171 716 1255 773 libris
1270 717 1447 774 authenticis
1462 717 1621 790 praeierunt
1634 719 1655 774 ⁸.
1667 719 1776 778 &usas
1789 737 1869 778 erro·

169 817 236 858 eam
248 804 333 870 (Pssl.
350 820 446 860 mix.
464 805 520 878 13).
541 829 555 856 o
572 807 631 880 Dgo
646 810 739 875 taceo,
758 811 787 863 et
808 806 911 864 littere
935 821 992 860 non
1047 806 1087 862 ris
1102 823 1160 862 non
1175 815 1219 862 est
1233 821 1332 862 meum
1348 823 1501 880 exponere.
1521 807 1599 864 MD
1610 806 1705 864 iudei
1731 808 1868 881 prudenti

174 906 244 947 mear
259 889 417 964 loquuntur
428 897 530 952 contra
544 911 601 952 me.
618 898 722 970 ignoro
744 897 865 960 crimen,
890 899 921 951 et
935 895 992 950 cri·
1046 895 1155 951 factum
1172 895 1274 952 dieunt
1287 911 1351 952 esse
1366 894 1497 965 consilio,
1518 911 1555 952 ne
1580 895 1755 954 Ptolomeus
1779 899 1869 955 unius

176 994 241 1036 men
256 979 284 1036 in
298 985 358 1038 toto
374 981 445 1039 orbe
460 983 609 1042 confiteor.
624 1007 640 1036 «
656 989 718 1042 Heu
730 984 912 1056 mihi‚mater
926 999 992 1039 mea
1046 983 1096 1040 Dei
1110 983 1217 1054 cultor,
1233 984 1311 1056 apud
1326 977 1461 1041 llebraeos
1475 985 1564 1042 etiam
1590 984 1737 1059 duplicem
1763 985 1870 1044 divini·

175 1067 285 1140 utquid
301 1085 348 1126 me
364 1071 503 1144 genuisti,
513 1073 608 1129 virum
620 1073 793 1146 quijudicer
803 1072 992 1129 etdiscernar
1044 1076 1135 1130 tatem
1148 1073 1378 1145 deprehenderet
1394 1090 1400 1128 :
1417 1075 1495 1146 qnod
1511 1073 1638 1130 maxime
1660 1073 1770 1132 idcirco
1785 1075 1870 1134 lacie-

171 1156 249 1212 omni
264 1161 349 1214 terre
364 1160 473 1233 (terem.
488 1179 536 1230 xv,
556 1163 597 1232 10,
612 1179 664 1218 sec.
681 1163 752 1235 hllll)
768 1163 782 1217 ‘l
799 1185 812 1213 a
1045 1161 1207 1235 bant,quia
1220 1162 1251 1217 in
1276 1162 1407 1218 Platonis
1437 1163 1544 1236 dogma
1572 1163 1676 1220 cadere
1705 1163 1870 1222 videbatur.

198 1244 246 1301 25.
262 1246 437 1321 Sel'rolopo
453 1249 671 1308 indemin-
700 1251 807 1308 Omnes
823 1249 990 1306 Prmiatiun.
1044 1251 1176 1323 Denique
1204 1250 1373 1324 ubicunqne
1407 1255 1556 1308 sacratum
1581 1250 1693 1324 aliquid
1718 1252 1870 1326 Scriptum

164 1332 236 1390 culae
246 1336 358 1393 veteris
370 1338 572 1412 lustramenti,
585 1357 710 1412 quarum
722 1357 757 1396 ea
768 1343 849 1413 parte
860 1337 993 1410 exempla
1044 1343 1170 1397 testatur
1184 1341 1220 1396 do
1235 1339 1318 1396 Patre
1340 1344 1369 1396 et
1397 1340 1467 1396 Filio
1482 1345 1511 1398 et
1538 1339 1648 1415 Spiritu
1676 1344 1789 1411 sancto,
1818 1345 1870 1399 aut

163 1422 291 1496 subjeci,
307 1423 377 1482 huic
391 1425 432 1482 rei
448 1431 538 1484 testes
558 1431 636 1486 sunt.
666 1430 700 1486 llt
726 1428 908 1501 superfluum
935 1429 990 1492 est,
1046 1426 1130 1485 aliter
1143 1427 1325 1502 interpretati
1339 1433 1418 1496 sunt,
1436 1433 1487 1486 aut
1501 1428 1621 1487 omnino
1645 1432 1809 1496 tacuerunt,
1833 1433 1868 1486 ut

162 1511 243 1584 qnod
257 1513 290 1568 in
305 1513 366 1572 illis
380 1513 492 1572 dietum
507 1520 562 1586 est,
579 1517 655 1575 MD
670 1517 754 1574 aliter
767 1533 856 1591 quam
882 1515 922 1572 ihi
947 1515 990 1570 di·
1045 1524 1073 1574 et
1088 1518 1148 1591 regi
1163 1517 1377 1584 satisfacerent,
1392 1523 1423 1574 et
1437 1533 1576 1574 arcanum
1592 1516 1660 1574 lidei
1685 1533 1743 1574 non
1772 1516 1866 1574 divul-

161 1605 242 1658 ctum
258 1603 459 1662 estsoribere.
476 1605 617 1678 Incipiam
633 1606 725 1680 igitur
740 1625 758 1663 a
773 1605 889 1675 Genesi,
906 1604 991 1676 cujus
1044 1611 1155 1681 gerent.
1171 1607 1205 1663 st
1220 1606 1317 1664 nescio
1333 1607 1399 1680 quis
1413 1607 1528 1680 primm
1551 1609 1653 1664 auctor
1677 1605 1868 1680 septuaginta
1904 1627 1907 1634 ⁴

160 1687 307 1763 Pmlogus
320 1690 390 1748 telis
404 1697 469 1749 est:
490 1715 505 1745 «
519 1693 662 1751 Desiderii
678 1695 735 1751 mei
747 1695 927 1752 desideratas
942 1709 990 1749 ac·
1044 1694 1163 1752 cellulas
1190 1694 1370 1752 alexandrie
1403 1694 1555 1752 mendacio
1592 1711 1646 1751 suo
1680 1695 1865 1766 exstruxerit,

160 1777 223 1852 cepi
240 1779 394 1852 epistolas,
419 1782 470 1855 qui
493 1783 621 1855 quodam
648 1783 789 1857 presagio
813 1783 989 1852 futurorum,
1005 1819 1029 1884 B
1044 1786 1153 1858 quibus
1166 1785 1253 1842 divisi
1274 1786 1377 1841 eadem
1401 1784 1605 1857 scriptitarint,
1634 1800 1702 1841 eum
1725 1783 1867 1854 Aristeas,

158 1883 226 1923 cum
242 1867 365 1926 Daniele
379 1870 504 1928 sortitus
525 1876 572 1928 eet
598 1889 716 1942 nomen,
747 1872 929 1930 obsecrantis
957 1874 990 1928 ut
1044 1875 1177 1947 eJusdsm
1206 1873 1352 1931 Ptolemaei
1378 1872 1590 1946 ὑπερασπιστὴς,
1624 1876 1654 1930 et
1681 1872 1774 1930 multo
1798 1876 1867 1947 post

158 1955 340 2014 translatum
356 1957 387 2014 in
406 1957 539 2032 linguam
564 1961 699 2018 Latinam
722 1960 758 2018 de
782 1961 902 2018 llebreo
927 1977 989 2016 ser·
1043 1967 1175 2036 tempore
1188 1961 1345 2035 losephne,
1362 1960 1682 2030 nihiltaleretulsrint;
1696 1963 1746 2019 sed
1765 1961 1868 2021 inune

162 2059 254 2100 mone
267 2045 499 2104 Pentateuchum
514 2053 683 2107 nostrorum
693 2050 817 2106 auribus
829 2050 988 2106 traderem.
1043 2051 1166 2109 basilica
1191 2053 1201 2087 ²
1228 2054 1418 2124 congregatos
1447 2049 1607 2108 contulisse
1635 2051 1778 2123 scribant,
1808 2065 1866 2109 non

165 2131 364 2191 Periculosum
388 2153 464 2209 opus
489 2143 577 2205 certe,
602 2141 632 2194 et
653 2139 881 2195 obtrectatorum
901 2138 989 2194 latra-
1043 2140 1245 2215 prophetasse.
1257 2138 1342 2197 Aliud
1359 2143 1403 2195 est
1421 2139 1500 2195 enim
1529 2143 1637 2208 vatem,
1667 2139 1746 2197 aliud
1773 2138 1865 2198 inter·

164 2218 250 2277 tibus
262 2225 363 2294 patens
376 2226 388 2259 ³
403 2242 411 2291 ;
430 2225 482 2297 qui
498 2241 546 2282 ms
561 2228 736 2283 asseruntin
746 2225 989 2300 Septuagintain-
1043 2234 1155 2304 protem
1169 2246 1244 2286 esse.
1262 2228 1303 2285 lbi
1318 2227 1440 2302 spiritus
1454 2232 1577 2284 ventura
1590 2228 1733 2300 predicit,
1744 2228 1867 2286 hioeru·

161 2312 326 2382 terpratum
347 2312 594 2386 saggillationem‚
621 2332 695 2373 nova
708 2333 761 2388 pro
777 2316 921 2372 veteribus
937 2331 988 2372 ou·
1043 2319 1115 2375 ditio
1130 2321 1158 2374 ct
1170 2317 1326 2375 verborum
1341 2315 1424 2388 copia
1436 2332 1470 2372 ea
1484 2332 1548 2388 que
1562 2314 1701 2389 intelligit
1712 2316 1864 2374 transfert.

158 2396 231 2454 dere
249 2414 257 2452 :
272 2397 318 2455 its
332 2400 496 2474 ingenium,
512 2403 597 2476 quasi
611 2403 712 2460 vinum
736 2403 903 2478 probantes,
920 2420 987 2460 oum
1042 2407 1104 2464 Nisi
1119 2407 1191 2462 torte
1205 2404 1355 2480 putandus
1368 2407 1413 2461 est
1427 2403 1543 2461 'l'ullius
1563 2402 1782 2478 &boemicum
1806 2405 1866 2462 Xe·

157 2501 211 2560 ego
228 2487 397 2562 sepissime
409 2493 611 2562 testatussim,
624 2509 671 2550 me
682 2511 734 2567 pro
745 2493 821 2550 virili
833 2494 844 2529 ³
854 2493 988 2566 portione
1042 2495 1211 2568 nophontis,
1226 2497 1255 2550 et
1271 2492 1399 2549 Platonis
1415 2492 1648 2567 Protagoram,et
1661 2491 1866 2551 Demosthenis

155 2575 185 2631 in
200 2577 399 2635 tabernaculo
414 2580 464 2637 Dei
480 2581 583 2639 offerre
598 2598 663 2657 que
687 2582 799 2657 possim
816 2601 823 2651 ;
841 2599 892 2639 nec
917 2597 987 2656 opes
1042 2600 1094 2656 pro
1109 2582 1296 2654 Ctesiphonte
1314 2581 1477 2638 orationem
1492 2581 1609 2638 aillatus
1632 2580 1776 2638 rhetorico
1801 2581 1865 2654 spi-

154 2663 294 2732 alterius,
310 2666 438 2724 aliorum
454 2675 624 2744 paupertate
639 2671 751 2728 loedari.
769 2672 850 2738 Quod
875 2675 909 2727 ut
934 2689 987 2728 au·
1042 2673 1099 2728 ritu
1111 2669 1299 2728 transtulisse
1320 2674 1377 2740 ,ut
1401 2668 1485 2726 aliter
1510 2668 1547 2726 de
1570 2668 1681 2727 eisdem
1706 2663 1866 2742 libris3'psr

154 2753 269 2823 dmem,
287 2755 425 2855 origenis
440 2773 487 2814 me
506 2760 639 2816 studium
656 2761 831 2834 provocavit,
857 2759 907 2833 qui
924 2760 987 2817 cdi·
1041 2760 1233 2834 Septuaginta
1246 2759 1430 2832 interpretes,
1446 2758 1530 2816 aliter
1553 2775 1605 2832 per
1625 2757 1772 2832 apostolos
1796 2757 1862 2833 Spi-

153 2841 230 2899 tioni
244 2843 380 2916 antiqua
395 2846 618 2906 translationem
632 2848 840 2907 Theodotionis
856 2848 985 2906 miscuit.
1041 2851 1116 2907 ritus
1132 2855 1251 2906 sanctus
1267 2847 1434 2905 testimonia
1451 2846 1574 2904 texuerit
1589 2866 1596 2917 ;
1612 2851 1645 2904 nt
1660 2848 1740 2920 quod
1763 2845 1806 2902 illi
1820 2851 1864 2904 ta·

153 2932 301 2990 asterisco
324 2941 363 3004 ÷‚
378 2940 408 2992 et
422 2935 550 2994 obelisco
566 2940 622 3010 Ἓξ.
638 2938 667 2994 id
683 2944 738 3008 est,
752 2938 838 2995 stella
860 2943 888 2995 et
902 2955 984 3006 veru,
1041 2939 1164 3006 cuerint,
1179 2937 1209 2994 hi
1226 2937 1368 3011 scriptum
1383 2952 1448 2992 esse
1462 2936 1578 2994 mentiti
1594 2936 1663 2993 sint.
1679 2935 1753 3001 Quid
1773 2934 1865 3010 igitur

153 3036 229 3094 epna
243 3039 338 3080 omne
353 3024 539 3099 distinguens
550 3043 557 3084 :
570 3029 642 3084 dum
652 3031 703 3084 aut
713 3027 831 3084 illucere
841 3027 985 3100 facitque
1040 3029 1217 3086 damnamus
1227 3027 1361 3084 veteres?
1372 3026 1503 3083 Minime.
1517 3026 1572 3083 Sed
1584 3029 1650 3099 post
1660 3023 1790 3099 priorum
1800 3028 1863 3082 stu·

153 3109 256 3168 nunus
266 3116 340 3169 ante
355 3112 689 3189 luerent,autsuperilua
699 3132 821 3190 queque
832 3115 986 3190 jugulatet
1039 3118 1098 3190 dia,
1113 3118 1144 3175 in
1161 3119 1247 3174 domo
1262 3116 1377 3173 Domini
1394 3117 1471 3188 quod
1487 3131 1657 3190 possumus,
1677 3113 1858 3171 laboramus.

153 3200 300 3270 confodit,
316 3203 505 3276 maximeque
521 3221 585 3278 quse
600 3206 850 3280 evangelistarum
865 3209 894 3262 et
913 3221 983 3277 apo·
999 3183 1020 3251 0
1040 3207 1084 3264 llli
1094 3205 1273 3279 interpretati
1285 3205 1593 3262 suntanteadventum
1604 3201 1710 3262 Christi
1721 3219 1728 3272 ;
1739 3202 1858 3276 etquod

153 3287 303 3347 stolorum
318 3291 479 3349 auotoritas
495 3293 699 3368 promulgavit.
715 3296 747 3351 ln
762 3293 871 3368 quibus
890 3293 984 3350 multa
1038 3296 1217 3364 nesciebant,
1235 3294 1332 3351 dubiis
1346 3294 1492 3368 protulere
1516 3292 1679 3351 sententiis.
1708 3292 1768 3348 Nos
1792 3294 1860 3366 post

155 3373 194 3430 da
206 3378 301 3433 reteri
314 3378 502 3436 Testamenta
514 3379 719 3454 legimus,quas
736 3383 766 3438 in
781 3382 890 3438 nostris
906 3381 984 3438 codi·
1038 3384 1205 3458 passionem
1222 3387 1251 3440 et
1265 3384 1508 3440 resurrectionem
1523 3383 1598 3455 ejus,
1622 3398 1681 3439 non
1705 3385 1766 3438 tem
1789 3396 1857 3454 pro·

154 3463 244 3521 cibus
257 3483 318 3522 non
332 3467 489 3538 habentur,
510 3473 601 3526 otest
624 3470 697 3527 illud
724 3487 730 3526 :
757 3493 771 3520 ιι
799 3471 839 3527 lix
861 3472 984 3544 AEgypto
1039 3472 1179 3546 phetiam,
1196 3487 1284 3544 quam
1301 3471 1455 3528 historiam
1478 3469 1645 3527 scribimus.
1666 3467 1758 3526 Aliter
1780 3466 1859 3525 enim

157 3555 264 3609 vocari
276 3553 368 3612 lilium
383 3573 483 3614 meum
499 3557 577 3630 (Osee
590 3576 630 3628 xi,
646 3559 673 3631 l)
687 3575 698 3622 ,·
715 3581 729 3610 n
745 3564 774 3616 et
790 3577 796 3614 :
815 3561 984 3628 «Quoniam
1040 3560 1149 3628 audita,
1167 3560 1251 3617 aliter
1265 3560 1327 3616 visa
1343 3565 1510 3616 narrantur.
1527 3559 1609 3624 Quod
1629 3555 1736 3614 melius
1749 3554 1862 3613 intelli·

162 3637 474 3702 Nazareusrooabitur
487 3647 594 3717 (linttb.
611 3665 643 3716 ιι,
663 3648 709 3720 23)
727 3666 733 3716 ;
751 3671 766 3698 »
791 3653 842 3704 et:
862 3673 875 3700 ιι
898 3649 985 3706 Vide·
1040 3649 1149 3723 gimm,
1165 3647 1273 3706 melius
1288 3651 1316 3704 et
1330 3647 1516 3720 proterimus.
1537 3645 1613 3703 Audi
1635 3645 1726 3719 igitur
1747 3643 1861 3711 emula,

160 3729 242 3786 hunt
256 3730 286 3786 in
302 3747 381 3803 quem
396 3741 634 3808 compunxerunt
648 3737 740 3810 (sart,
756 3738 888 3810 x11,10);
905 3759 920 3788 n
936 3742 985 3795 et:
1041 3742 1070 3795 et
1084 3738 1261 3794 obtrectator
1281 3737 1415 3792 ausculta
1431 3754 1437 3792 :
1453 3735 1516 3791 Non
1536 3735 1655 3802 damno,
1685 3747 1743 3788 non
1767 3745 1863 3805 repre·

156 3845 174 3872 «
191 3819 330 3878 Flumina
343 3822 378 3878 de
391 3825 570 3898 ventreejus
585 3825 679 3883 lluent
693 3841 775 3899 aque
801 3828 870 3883 viver
894 3829 985 3898 (loen.
1041 3826 1138 3882 hendo
1161 3823 1352 3899 Septuaginta
1367 3842 1375 3893 ;
1390 3824 1440 3880 sed
1464 3821 1645 3880 confidenter
1667 3820 1781 3878 eunctis
1803 3819 1863 3878 illis

151 3927 206 3977 vn,
223 3911 272 3984 38)
285 3928 293 3979 ;
308 3933 323 3960 a
338 3915 368 3967 et
384 3929 391 3968 :
408 3933 422 3963 ιι
439 3915 506 3980 Que
522 3930 575 3971 neo
595 3913 698 3972 oculus
722 3916 805 3984 vidit,
833 3933 885 3972 nec
907 3917 988 3974 auris
1042 3913 1191 3988 apostolos
1205 3912 1335 3986 prefero.
1352 3913 1406 3969 Per
1419 3911 1545 3970 istorum
1569 3929 1602 3968 os
1631 3909 1705 3967 mihi
1730 3909 1864 3966 Christus

156 3998 285 4066 audivit,
303 4000 401 4057 necin
417 4002 604 4061 aorhominis
614 4005 748 4062 ascendit
762 4005 783 4073 ⁸,
798 4020 862 4077 que
873 4021 989 4078 prepa-
1043 4007 1138 4069 sonat,
1160 4003 1233 4060 5²1
1249 4017 1323 4074 quos
1339 4004 1406 4057 ante
1420 4000 1578 4075 prophetas
1598 3999 1674 4058 inter
1697 3997 1864 4073 spiritualia

157 4087 235 4144 ravit
249 4087 331 4145 Deus
346 4088 539 4164 diligentibus
555 4109 585 4150 se
602 4093 627 4165 (1
640 4093 700 4150 Cor.
712 4109 743 4161 ιι,
758 4093 787 4166 9)
803 4109 810 4162 ;
832 4115 845 4143 »
857 4097 885 4150 et
895 4092 989 4151 multa
1043 4090 1221 4149 charismata
1236 4089 1347 4164 positos
1362 4089 1426 4163 lego
1443 4107 1450 4146 ι
1465 4088 1495 4145 in
1511 4089 1622 4162 quihus
1636 4087 1776 4146 ultimum
1791 4102 1867 4161 pene

153 4177 225 4235 alis.
242 4193 312 4252 que
325 4178 479 4251 proprium
494 4179 635 4258 σύνταγμα
658 4181 835 4239 desiderant.
862 4182 989 4241 interro·
1044 4181 1169 4256 gradum
1183 4179 1359 4253 interpretes
1371 4182 1481 4235 tenent.
1498 4177 1573 4244 Quid
1588 4176 1678 4234 livore
1691 4175 1839 4248 torqueri
1852 4175 1867 4231 l

153 4283 265 4342 minus
281 4283 429 4340 argaeos,
447 4268 496 4325 ubi
511 4269 573 4328 hec
588 4270 697 4344 scripta
715 4271 774 4328 sint
792 4289 798 4340 ;
816 4275 844 4328 et
864 4287 933 4329 curn
948 4273 991 4328 di·
1046 4269 1115 4343 quid
1142 4269 1334 4342 inperitorum
1364 4266 1479 4323 animos
1508 4270 1609 4322 contra
1635 4281 1683 4320 me
1708 4261 1867 4321 concitas?

152 4373 217 4414 sere
231 4373 296 4414 non
313 4357 475 4428 potuerint,
491 4358 527 4416 de
541 4358 624 4416 libris
639 4359 768 4417 Hebraeis
794 4360 989 4434 proteramus.
1046 4359 1145 4416 Siouhi
1159 4358 1213 4415 tibi
1228 4359 1258 4414 in
1273 4355 1464 4414 translatione
1479 4371 1577 4411 errare
1590 4353 1700 4422 videor,
1716 4351 1869 4426 interroga

148 4447 291 4506 Primum
317 4447 521 4504 testimonium
544 4453 589 4506 est
614 4448 645 4505 in
669 4450 749 4507 Osce.
765 4450 935 4508 Secundum
960 4452 991 4508 in
1048 4447 1194 4520 llebrecs,
1210 4447 1391 4504 diversarum
1407 4444 1525 4502 urbium
1540 4442 1697 4518 magistros
1721 4440 1866 4499 consuls:

187 4579 195 4610 ¹
212 4571 410 4654 Martiannaeue
424 4575 474 4645 qui
491 4573 598 4646 judicet
608 4578 637 4631 et
660 4574 798 4632 discernat
813 4593 820 4644 ;
837 4575 911 4633 alibi
936 4577 988 4649 qui
1004 4549 1028 4614 D
1044 4589 1124 4630 mero
1140 4573 1321 4655 ascenderent
1337 4570 1554 4654 interpretetur,
1572 4582 1606 4625 ao
1619 4567 1708 4642 legat,
1723 4583 1761 4624 ne
1775 4566 1868 4624 varia·

146 4644 294 4770 {edient-et
324 4659 355 4698 ru
383 4641 608 4730 Graecouautem
644 4649 697 4714 est,
737 4642 912 4720 δικαζόμενον
942 4647 987 4701 καὶ
1042 4648 1111 4727 rent
1123 4642 1313 4726 eremplarra,
1332 4641 1394 4724 ¹hoc
1415 4646 1501 4698 etiam
1528 4657 1559 4697 in
1586 4639 1650 4698 loco
1678 4637 1866 4764 mendemffit,

168 4713 459 4843 ιξκῖὲνξμεεέονρΐιὲιΐᾮ
474 4733 614 4844 amiur
636 4801 760 4844 mmm
797 4787 852 4844 sed
878 4789 908 4844 in
933 4788 988 4846 huo
1042 4719 1181 4843 {ggtrutmt
1196 4719 1359 4772 tametsirn
1376 4711 1568 4784 sternere,
1586 4711 1759 4769 haberrnon
1784 4710 1813 4766 dr

151 4873 248 4930 quem
291 4857 414 4915 modum
430 4827 725 4933 st'subsequentibus
739 4828 925 4916 illustrandis
940 4860 987 4917 hic
1077 4826 1379 4939 ⁸Pu’tealterationem
1399 4855 1491 4938 lenire,
1520 4858 1548 4909 ot
1571 4852 1754 4926 Apocalypsin
1782 4849 1855 4908 stis

149 4945 227 5013 nom
244 4929 463 5012 immoramur,
480 4931 558 5012 quod
583 4947 637 4988 suo
660 4928 725 4986 loco
749 4935 816 4986 ante
831 4930 988 5003 scripture
1043 4943 1078 4983 ex
1090 4928 1199 4999 quihus
1210 4926 1434 5050 hbmhssfffhffl
1445 4939 1621 5051 eEntpregsuffi¹
1621 4921 1774 5049 &gesom
1773 4920 1854 5049 01:1ss

150 4999 571 5146 rpgossdzoorgfflsfflgfi.
590 5073 672 5130 Rom.
702 5087 790 5140 unus,
808 5070 883 5127 alter
905 5070 988 5128 Pala·
1043 4997 1482 5148 ΙΙ(1)ιέιῗιιῐιῐι]ιιἰιεινίιῑιιιιῦῑίιῐιιΠὶιιιιοίῗᾶιιίιι,
1508 5013 1708 5148 ςὺιῐιωιοιίιιίε
1747 5035 1864 5146 deceptae

147 5144 252 5210 tinas,
306 5158 322 5198 o
336 5144 399 5198 viti.
1042 5151 1106 5198 aunt
1119 5139 1387 5220 mulierositaetc,
1405 5141 1437 5192 ut
1451 5151 1514 5209 rpse
1528 5134 1740 5208 lirenloqurtur
1753 5151 1783 5218 ιιι
1798 5150 1863 5220 oap.

184 5213 265 5270 ‘Ali
290 5213 411 5270 intelle.
427 5213 493 5270 Mox
507 5228 560 5285 pro
574 5213 697 5281 illucere,
720 5214 863 5270 Drasmue
886 5216 915 5268 et
938 5213 987 5268 Vi·
1044 5209 1419 5284 iss.nx1v.quaetramde
1445 5223 1535 5264 causa
1563 5206 1654 5264 iberas
1681 5219 1790 5265 nentes
1817 5207 1866 5265 bic

145 5287 272 5344 storius
286 5285 423 5358 legerunt
435 5285 561 5341 illustria
587 5290 621 5340 ut
635 5285 799 5353 concinius,
814 5289 895 5357 puto,
910 5283 988 5368 lege·
1043 5283 1098 5341 loci
1114 5286 1206 5339 vocat.

146 5363 234 5428 rent,
253 5373 313 5413 non
330 5361 363 5412 ut
376 5355 485 5412 verius.
501 5329 573 5412 ldihl
588 5355 868 5430 subintelligendum
891 5359 989 5428 potrus
1078 5355 1167 5411 lNou
1183 5351 1347 5426 spernenda
1361 5348 1468 5406 veteris
1483 5348 1620 5406 editionis
1634 5347 1729 5418 lectio,
1752 5349 1787 5404 st
1810 5360 1867 5404 non

142 5431 277 5486 videtur
292 5427 415 5482 verbum
430 5428 555 5484 illustris
576 5435 643 5500 post
661 5430 783 5500 suerent,
809 5431 888 5484 textu
915 5426 989 5483 nihil
1043 5427 1129 5482 molto
1143 5427 1202 5499 post
1218 5427 1337 5497 ternpore
1353 5423 1409 5496 ipse
1422 5422 1563 5494 Iosephus,
1578 5421 1652 5478 nihil
1680 5419 1735 5504 tole
1762 5417 1866 5475 reuu-

141 5501 328 5558 immutatc.
344 5499 393 5556 Sic
407 5499 438 5554 in
453 5499 568 5556 Preiat.
585 5499 622 5554 ad
638 5499 765 5573 Paralip.
778 5500 927 5565 asteriscis,
942 5499 988 5553 in·
1043 5500 1100 5553 rint
1116 5523 1124 5564 ς
1139 5497 1186 5554 sed
1200 5513 1232 5552 m
1245 5512 1302 5551 nno
1317 5494 1441 5551 basilica.
1458 5497 1513 5552 eto.
1530 5497 1592 5551 Vox
1613 5507 1670 5550 aas
1697 5489 1745 5546 hrc
1773 5503 1864 5562 penes

145 5574 235 5648 quit,
252 5570 403 5642 deuiam
417 5585 477 5644 pce
490 5571 583 5628 miore
595 5573 659 5627 onte
672 5574 795 5644 tameat.
1043 5569 1245 5626 Martianeum
1258 5567 1368 5626 deerat.

186 5647 199 5682 ¹
215 5641 385 5715 waterlos,
399 5643 477 5719 qnod
493 5641 562 5702 alibi
577 5641 772 5722 hieronymus
786 5641 917 5719 plurium
933 5656 988 5699 nu·
