4072 6164
145 261 209 333 arr
639 265 691 333 ou
714 267 805 337 siro
826 269 877 336 er
898 267 1038 336 nonin.
1060 269 1146 335 noo.
1169 249 1352 334 naeniis.
1788 269 1851 342 eie

144 397 224 458 mine
237 396 385 458 Bethasan
401 399 437 458 ad
462 399 565 460 AEliam
581 403 743 477 pertinens,
758 405 788 462 in
804 405 906 479 quinto
921 408 970 465 de·
985 418 1014 484 Α
1063 405 1146 462 Avirn
1161 407 1183 476 ³,
1198 406 1228 462 in
1243 405 1322 462 tribu
1337 401 1501 477 benjamin.

142 488 221 546 aimo
236 489 274 546 ab
293 505 328 546 ea
342 489 480 548 milliario
500 493 508 528 ¹
1060 493 1169 568 Aphro,
1195 495 1225 551 in
1254 495 1333 552 tribu
1360 494 1524 566 Benjamin.
1548 495 1598 552 Est
1625 499 1653 553 et
1680 497 1746 555 odie
1766 497 1849 556 vicus

176 581 283 646 Asana,
298 578 328 634 in
345 580 425 636 tribu
440 580 534 638 luda.
1025 584 1131 641 illlrem
1146 587 1167 654 ⁸,
1182 586 1211 642 iii
1228 583 1332 658 quinto
1348 583 1485 641 milliario
1501 583 1640 658 Betbelis,
1655 588 1691 643 ad
1707 587 1848 647 orientem

175 667 301 742 Agziph,
317 667 347 723 in
365 668 442 726 tribu
456 670 552 728 ludu.
1024 673 1196 746 respiciens.

177 757 272 827 Anab,
288 757 318 812 in
333 757 413 814 tribu
427 759 443 814 J
448 761 511 816 uda
528 779 535 817 :
552 777 631 818 nunc
646 763 830 835 usquevicus
848 765 919 822 iti
938 766 969 822 in
1058 761 1243 834 amoeniam,
1259 763 1289 818 in
1304 761 1382 818 tribu
1398 761 1559 834 Benjamin.

141 845 254 903 finibus
269 845 553 922 llleulbeoropoleos.
581 852 632 908 Est
645 857 675 908 et
689 852 747 908 aliu
765 854 886 926 grandis
901 854 969 912 villa
1057 850 1168 923 Aphni,
1184 851 1214 908 in
1230 850 1309 908 tribu
1324 851 1489 924 Benjamin.

141 934 323 1006 Judaeorum,
344 938 463 994 nominc
491 942 580 1011 apen,
599 940 629 997 in
656 942 791 1012 Daroma,
807 948 969 1001 continau-

142 1024 396 1100 stralemplegem
411 1027 582 1098 chebronis,
608 1047 712 1088 novem
739 1032 824 1090 aben
837 1031 968 1090 millibus
1057 1028 1148 1101 irim,
1179 1028 1207 1084 iii
1233 1029 1311 1085 tribu
1340 1029 1502 1101 Bcnjamin.
1534 1031 1583 1085 list
1610 1033 1640 1086 et
1667 1029 1736 1088 villu
1764 1033 1847 1104 juxta

140 1117 289 1188 separata.
1021 1116 1181 1190 Diospolim
1223 1119 1299 1190 (qua
1328 1134 1406 1174 nunc
1439 1134 1534 1192 usque
1566 1118 1721 1192 appelatur
1760 1121 1848 1180 Bata-

177 1207 326 1276 astemoe,
337 1205 368 1261 in
383 1203 461 1262 tribu
477 1206 560 1264 ludae
575 1208 670 1277 vicus,
680 1209 780 1282 etipse
790 1211 966 1283 ludaeorum,
1022 1207 1088 1281 riph
1104 1208 1135 1280 ⁵).

139 1293 170 1348 in
186 1292 324 1364 Daroma,
341 1295 376 1350 ad
392 1295 560 1368 aquilonem
576 1296 631 1354 luci
646 1300 748 1355 Auem.
1055 1296 1156 1365 Amen,
1172 1296 1203 1352 iu
1219 1295 1295 1352 tribu
1308 1297 1471 1368 licnjamin.

175 1382 275 1451 Anim,
300 1383 330 1438 in
358 1384 437 1440 tribu
464 1385 556 1443 ludia.
586 1388 637 1444 Est
665 1387 744 1444 vicus
772 1391 860 1458 Auca,
884 1392 968 1461 juxta
1056 1386 1140 1454 Aser,
1156 1384 1186 1440 ln
1201 1385 1459 1457 tribuSymeonis·

139 1471 277 1540 alterum,
294 1473 331 1528 de
354 1490 413 1546 quo
442 1491 533 1548 supra
560 1476 699 1545 diximus,
729 1479 765 1534 ad
795 1479 967 1536 orientalem
1056 1477 1145 1544 Aean,
1164 1473 1193 1530 in
1210 1474 1288 1530 tribu
1309 1475 1472 1547 symeonis·

139 1560 259 1635 plagam
288 1562 470 1636 respiciens,
499 1565 613 1622 cunctis
640 1566 856 1625 habitatoribus
883 1569 967 1625 Chri·
1058 1564 1135 1621 154
1152 1562 1367 1631 amarchabob,
1383 1563 1413 1619 111
1428 1564 1507 1621 tlibu
1523 1563 1687 1638 Syfflfflnifl·

139 1649 259 1708 stianis.
1057 1652 1124 1721 liiii,
1142 1653 1171 1708 in
1188 1652 1267 1708 tribu
1281 1651 1374 1720 luda,
1391 1652 1450 1709 sive
1466 1653 1619 1726 Symeonis
1634 1655 1737 1714 ciritae
1752 1671 1850 1713 sacer·

174 1739 308 1813 apheca,
323 1740 353 1798 iii
365 1741 446 1798 tribu
459 1742 552 1802 ladae.
982 1791 1006 1855 B
1023 1739 1141 1797 dotibus
1169 1745 1313 1813 seperate.

173 1831 323 1898 Ammaia,
335 1830 364 1886 in
379 1831 459 1888 tribu
473 1832 567 1888 luda.
1057 1833 1184 1902 Assone,
1202 1831 1231 1886 in
1243 1830 1322 1887 tribu
1339 1831 1504 1904 Symeonis.

173 1918 299 1990 Arebbe,
310 1919 339 1974 in
355 1918 433 1976 tribu
448 1921 541 1978 lude.
707 1953 712 1958 -
1055 1919 1209 1989 Amathai,
1226 1920 1256 1976 in
1271 1918 1350 1976 tribu
1365 1921 1509 1977 Zabulon.

173 2007 429 2079 atharoth,juxta
443 2009 597 2067 Rammam
613 2013 635 2080 ²,
650 2011 680 2066 iii
695 2011 775 2069 tribu
790 2012 911 2088 loseph.
1056 2011 1150 2076 anua,
1181 2009 1210 2064 in
1245 2008 1325 2066 tribu
1365 2008 1506 2066 Zabulon·
1549 2010 1600 2067 llll
1627 2012 1656 2067 el
1694 2009 1752 2069 alie
1778 2009 1849 2069 ville

175 2096 329 2164 atharoth,
344 2097 553 2156 civitastribus
564 2100 703 2174 Ephraim
720 2118 727 2157 ε
746 2105 917 2162 nuncvicus
930 2106 965 2162 ad
1021 2099 1112 2166 Anna,
1128 2097 1266 2154 euntibus
1282 2098 1317 2154 de
1332 2097 1450 2171 Neapoli
1481 2097 1584 2155 AEllam
1599 2097 1630 2155 in
1651 2099 1765 2158 decimo
1781 2099 1847 2158 mil·

135 2185 966 2262 aquilonemSebastae,inquart0ejusmilliario,Atbarus
1019 2186 1115 2244 llario·

135 2274 257 2331 dicitur.
1054 2275 1222 2344 Ananlhon,
1238 2275 1268 2332 iii
1284 2275 1364 2332 tribu
1378 2275 1519 2333 Zabulon.

171 2365 262 2433 Adur,
279 2365 382 2422 civitas
397 2365 492 2422 tribus
507 2367 657 2440 Ephraim.
1053 2363 1258 2434 Asabaselutb,
1276 2363 1380 2422 clvites
1394 2366 1491 2422 tribus
1507 2365 1641 2422 lesachar
1656 2383 1663 2422 :
1681 2365 1848 2440 appellatur

116 2461 140 2472 ’“
168 2455 255 2522 Aser,
277 2453 379 2511 civitas
407 2455 503 2512 tribue
531 2457 666 2514 Manasse
695 2475 702 2513 :
734 2474 812 2514 nunc
840 2461 964 2516 demon·
1019 2459 1117 2512 autem
1133 2459 1162 2510 et
1177 2454 1296 2527 quidem
1311 2453 1394 2510 vicus
1423 2454 1577 2521 Chrsalus,
1602 2455 1689 2526 iuxta
1714 2459 1845 2513 montem

133 2545 250 2601 stratur
277 2543 345 2600 villa
374 2544 622 2602 descendentibus
663 2565 679 2603 a
709 2547 811 2620 Napoli
841 2549 963 2622 Scytho-
1019 2544 1146 2612 Thabor,
1162 2541 1192 2599 in
1207 2542 1433 2615 campestribus,
1454 2543 1484 2599 in
1499 2548 1599 2600 octavo
1615 2542 1752 2602 milliario
1779 2544 1848 2603 Dio·

132 2633 239 2707 polim,
269 2633 298 2689 in
328 2633 442 2690 decimo
470 2633 684 2709 quintolapide
702 2637 788 2707 juxta
816 2637 964 2712 viumpu-
1019 2649 1149 2690 casareae
1163 2634 1200 2689 ed
1215 2631 1358 2689 orientem
1372 2632 1535 2708 respiciens
1550 2633 1638 2707 (sicot
1666 2634 1845 2706 supradixi-

135 2721 260 2780 blicam.
1021 2723 1109 2795 mus).

173 2809 329 2875 Atharotb,
356 2809 458 2868 civitas
485 2809 581 2868 tribus
596 2813 756 2884 benjamin.
774 2817 847 2870 Sunt
865 2819 964 2872 autem
1054 2811 1206 2885 Aphraim,
1221 2809 1322 2867 civitas
1341 2809 1437 2868 tribus
1453 2810 1587 2868 issachar
1604 2829 1611 2868 ε
1628 2814 1730 2885 estque
1758 2811 1845 2870 hodie

133 2901 203 2958 dua
217 2898 361 2955 Atharotb
378 2899 456 2956 haud
472 2901 574 2974 procul
589 2902 625 2958 ab
639 2902 722 2959 AElia.
1017 2899 1086 2957 villa
1100 2901 1214 2956 Allarca
1230 2899 1358 2969 nomine,
1379 2899 1409 2955 iii
1436 2903 1516 2956 sexto
1540 2899 1677 2958 milliario
1707 2900 1843 2976 Legionis

171 2987 333 3054 Anathoth,
363 2987 465 3045 civitas
480 2990 569 3047 sortis
584 2990 737 3062 Benjamin
762 2992 964 3050 sacerdotibus
1018 2993 1120 3047 contra
1134 2987 1364 3061 septentrionem
1377 2989 1397 3044 ⁶.
1828 3001 1832 3008 ’

134 3081 287 3153 separata,
313 3077 341 3132 in
369 3077 456 3134 tertio
483 3079 519 3135 ab
536 3079 609 3136 AElia
624 3079 761 3138 milliario
783 3099 789 3138 :
812 3084 847 3139 de
862 3099 920 3155 qua
934 3089 963 3140 et
1053 3077 1185 3147 Anerilh‚
1202 3076 1232 3132 in
1247 3081 1325 3134 florio
1337 3077 1432 3134 tribus
1448 3077 1591 3135 Imachar-

133 3164 283 3225 ieremias
297 3165 442 3238 propheta
456 3166 520 3224 luit.
977 3160 999 3227 G
1054 3169 1161 3237 AEmes,
1177 3167 1208 3222 iu
1223 3171 1302 3224 sorte
1315 3166 1411 3223 tribus
1426 3166 1587 3224 leesacbur.

173 3256 284 3322 Addaia,
301 3255 403 3312 civitas
417 3256 506 3313 sortis
519 3257 682 3329 Benjamin.
1050 3257 1177 3330 Acsaph,
1194 3257 1224 3312 in
1240 3255 1318 3312 tribu
1333 3257 1412 3314 Aser.

174 3343 301 3413 AElmon,
317 3344 420 3401 civitas
447 3345 542 3404 tribus
570 3347 734 3420 benjamin,
764 3350 964 3407 sacerdotibus
1053 3344 1221 3416 elimelech,
1238 3343 1419 3401 sortisiiser.

137 3435 287 3508 separata.
1053 3433 1173 3502 Amath,
1189 3435 1220 3488 in
1234 3434 1314 3489 tribu
1329 3436 1412 3490 Aser.

177 3521 362 3579 Amet-(lasis
377 3522 417 3596 (id
433 3525 488 3592 est,
518 3522 604 3580 vellis
619 3524 721 3598 Canis),
738 3525 766 3581 iii
791 3525 869 3582 tribu
894 3531 965 3582 lien-
1055 3524 1167 3592 Abdon,
1183 3522 1213 3578 iii
1227 3522 1307 3578 tribu
1334 3525 1416 3593 Aser,
1434 3523 1535 3580 civitas
1563 3529 1702 3598 separata
1724 3523 1842 3582 Levitis.

134 3610 249 3686 jamin.
1056 3611 1149 3682 Anici,
1165 3611 1195 3668 in
1210 3610 1289 3667 tribu
1305 3612 1379 3668 Aser
1392 3613 1412 3666 ⁷.
1431 3611 1480 3668 Est
1494 3613 1628 3686 quadam
1643 3609 1713 3668 villa
1726 3612 1846 3670 nomine

182 3735 190 3769 ¹
206 3733 296 3789 Addit
320 3734 426 3791 lluseb.
446 3732 515 3810 πρδς
532 3732 645 3808 δυσμὰς,
662 3738 695 3792 cd
709 3739 883 3804 occidentem,
903 3744 967 3796 tuin
1057 3739 1066 3772 ³
1082 3736 1198 3806 Insigne
1217 3735 1369 3803 mendum,
1382 3735 1460 3806 quod
1470 3735 1533 3805 jam
1548 3736 1584 3792 ab
1599 3735 1663 3809 ipso
1678 3733 1845 3808 Hieronymi

139 3806 281 3864 milliario
294 3805 398 3862 decim
412 3811 488 3864 aenio
502 3825 555 3880 pro
570 3809 674 3865 decim
688 3811 793 3882 quinto.
1022 3824 1082 3864 nvo
1098 3806 1281 3862 lihonscrdus
1297 3809 1380 3878 putat
1396 3806 1560 3877 irrepsisse,
1589 3806 1698 3863 codicis
1713 3806 1848 3862 Vaticani

176 3877 189 3912 ²
208 3875 299 3934 Vetus
318 3877 407 3933 editio
432 3887 526 3936 contro
539 3881 692 3936 ltnminnnr.
1024 3880 1170 3952 scripturn
1185 3877 1403 3960 ipsaflmcndosa
1418 3877 1556 3948 prodit,et
1570 3895 1628 3950 quo
1663 3883 1726 3936 acto
1741 3876 1848 3951 corrigi

174 3948 489 4019 ’llocnomenluim
518 3967 570 4022 pro
599 3967 657 4023 quo
687 3952 855 4008 Bonirerius
877 3953 968 4021 sinim,
1024 3949 1118 4027 possit
1141 3949 1318 4006 subindicat.
1335 3947 1450 4004 Scilicet
1464 3949 1624 4006 Eusebium
1640 3896 1676 4006 Se
1689 3965 1758 4007 voce
1772 3950 1848 4006 Anee

137 4019 401 4079 Eusebianioodd.
419 4027 665 4094 nonagnoscunt.
696 4023 751 4079 Sed
788 4023 969 4096 roeopaulo
1026 4021 1169 4097 peculiari
1197 4020 1282 4075 titulo
1312 4021 1406 4092 egisse
1435 4027 1618 4092 compertum
1646 4026 1769 4078 estium
1784 4019 1851 4078 eliis

137 4091 268 4149 inferius
284 4090 394 4148 habeut
421 4096 507 4169 ”ang
537 4095 614 4165 quod
643 4111 732 4166 penes
761 4041 969 4168 llieronymum
1026 4093 1219 4167 argumentis,
1233 4107 1302 4146 cum
1346 4091 1410 4146 ruci
1436 4108 1471 4146 ue
1499 4092 1849 4150 suomettestimonioad

139 4163 343 4222 desideratur.
1024 4182 1125 4222 vocem
1143 4109 1352 4232 Βηθαναθὰμιὲἰ
1369 4163 1404 4218 de
1414 4107 1566 4220 liethanea
1580 4180 1699 4220 rursum
1714 4162 1847 4236 loquens,

175 4234 363 4318 {llosterad
381 4233 420 4290 lle
443 4235 496 4318 'ne
512 4251 567 4291 ms.
584 4238 701 4308 Elraim.
730 4237 760 4292 ln
790 4237 970 4294 Notitialm-
1027 4253 1119 4312 quom,
1136 4233 1386 4316 inquitetsnpre
1406 4233 1739 4316 subnomineillld'AE
1757 4234 1850 4305 peani-

141 4305 657 4460 “titillet“tnttttflttf‘
675 4307 766 4435 liiii
795 4383 913 4436 parium
942 4387 971 4435 s.
1024 4304 1850 4456 titii‘ltt,t⁰.‘¹.tli¹‘tittttl⁰lltttttltltttt

140 4447 291 4508 Dominici
308 4449 386 4520 apud
401 4449 563 4520 Tolosates,
590 4467 642 4523 pro
657 4450 786 4522 Betoinpt
803 4451 907 4507 retinet
923 4452 972 4506 Re·
1027 4455 1148 4524 ejusque
1164 4449 1238 4505 situs
1248 4452 1277 4504 et
1287 4447 1451 4529 salubrium
1464 4464 1528 4520 qua
1539 4448 1568 4503 in
1578 4465 1612 4506 ea
1622 4451 1692 4506 sunt
1705 4463 1850 4522 aquarum

141 4519 274 4593 cbaripi.
291 4519 430 4576 Minriin.
989 4527 1079 4598 Dper
1094 4527 1191 4594 partes
1207 4519 1349 4590 meminit.
1364 4517 1441 4574 Nihil
1458 4535 1544 4592 porro
1573 4520 1696 4577 dubium
1720 4535 1785 4577 esse
1801 4519 1852 4576 de·

181 4621 219 4634 -
249 4591 292 4646 lta
320 4593 478 4664 presserunt
514 4589 730 4664 Hieronymiani
748 4591 813 4648 libri
843 4593 912 4648 editi
941 4611 973 4648 ac
1030 4599 1087 4661 bet,
1099 4599 1225 4656 Ariorum,
1241 4608 1306 4662 quse
1317 4591 1504 4662 nusquamin
1519 4591 1658 4649 boclibro
1673 4596 1852 4661 recensetur,

145 4679 223 4720 mss.
240 4662 409 4720 Bonirerius
424 4667 521 4719 tamon
538 4663 657 4720 rescribi
688 4663 750 4719 vult
777 4665 926 4728 dedorim,
944 4669 975 4718 iit
1030 4666 1077 4720 liic
1088 4664 1204 4735 proprie
1219 4661 1273 4719 loci
1292 4663 1382 4719 luisse
1399 4663 1435 4717 ab
1450 4668 1567 4720 auctore
1577 4664 1714 4737 positam,
1731 4663 1854 4720 sectum·

146 4735 281 4805 aliquam
298 4751 364 4789 rum
381 4750 449 4790 voco
477 4737 555 4790 Arirn
583 4733 754 4790 affinitatem
770 4735 886 4790 babeat.
903 4735 976 4791 Vide
1031 4752 1087 4808 que
1103 4735 1288 4789 librariorum
1305 4733 1470 4799 oscitantia,
1487 4738 1519 4789 ut
1542 4736 1686 4791 excideret
1713 4733 1797 4790 luciis
1816 4731 1853 4787 ob

150 4819 229 4862 num
255 4804 291 4861 sit
324 4808 442 4872 lictoris,
472 4811 523 4861 eut
551 4811 678 4874 fleterne,
721 4822 784 4887 qua
815 4807 845 4861 in
890 4807 976 4862 ltine·
1031 4806 1201 4863 carumdem
1217 4803 1378 4861 litterarum
1395 4821 1550 4861 occursum
1567 4808 1595 4862 iii
1609 4822 1678 4863 voce
1706 4803 1854 4878 baclieire

149 4875 234 4934 rario
248 4876 364 4932 Antonii
380 4877 456 4934 inter
470 4877 631 4933 Cesaream
647 4882 677 4932 et
704 4876 865 4948 Diospolim
895 4877 976 4951 poni·
1031 4878 1141 4934 nitela
1152 4874 1203 4949 qui
1218 4875 1358 4932 solemnis
1369 4881 1414 4931 est
1424 4877 1638 4950 descriptorum
1649 4874 1855 4948 lapsuslgitur

149 4953 215 5006 tur.
1034 4967 1097 5023 quai
1122 4952 1188 5021 post
1202 4946 1296 5021 Ἀνηρ,
1316 4942 1422 5020 κλήρου
1447 4947 1531 5020 Ἀσὴρ
1547 4947 1594 5003 liic
1622 4947 1854 5019 subsequuntur,

186 5021 199 5054 ⁶
229 5017 329 5076 Corano
356 5021 578 5090 septentrionem.
606 5019 637 5075 ln
675 5022 761 5074 antea
787 5017 873 5073 editis
896 5018 980 5074 libris
1033 5020 1114 5092 κώμη
1143 5015 1310 5091 percenseri,
1335 5023 1401 5084 etc,
1431 5021 1539 5073 temere
1569 5019 1772 5090 innoteseat,
1797 5015 1856 5072 mi·

148 5087 284 5148 maxima
299 5089 345 5145 hio
361 5098 406 5146 cst
426 5089 556 5147 locorum
571 5095 600 5146 et
619 5090 772 5146 nominum
788 5090 978 5162 perturbatio,
1035 5093 1172 5163 nimcque
1188 5089 1223 5144 ad
1245 5103 1351 5143 nomen
1382 5087 1471 5171 'Aieip
1487 5092 1539 5144 aut
1556 5091 1638 5145 Anici
1653 5087 1809 5161 pertinent.
1824 5085 1856 5142 ld

171 5159 382 5220 uamomniuo
407 5161 594 5233 sustulimus,
612 5160 803 5233 manuscripti
824 5163 886 5232 juin
918 5160 980 5216 lau·
1036 5163 1130 5236 primo
1160 5160 1270 5217 indicat
1298 5159 1367 5215 God.
1396 5157 1566 5228 Vaticanus,
1595 5160 1646 5233 qni
1672 5163 1739 5233 poet
1761 5157 1857 5234 Ἀνήρ.

147 5181 226 5300 lati,
257 5237 285 5288 et
314 5233 458 5315 precipuo
487 5231 643 5290 colbertini
670 5232 758 5288 unius
782 5232 981 5303 antiquissimi
1032 5239 1178 5308 jacentem
1195 5229 1331 5286 lineolam
1349 5229 1465 5302 punctis
1479 5231 1617 5303 utrinque
1632 5232 1801 5288 distinctam
1824 5245 1860 5287 ex

151 5303 291 5364 subsidio
321 5304 434 5376 adjut13
456 5322 518 5378 quae
548 5305 667 5377 quidem
697 5301 841 5359 restitutio
869 5308 903 5358 ut
930 5321 982 5360 car·
1037 5305 1127 5361 minio
1144 5302 1235 5376 ponit,
1252 5306 1286 5356 ut
1299 5302 1386 5356 finem
1401 5318 1466 5358 esso
1480 5303 1544 5374 ejus
1565 5302 1642 5360 tituli
1656 5304 1767 5361 doceat.
1782 5301 1859 5357 'lum

149 5381 342 5434 icrnomnes
370 5375 460 5448 hujus
489 5377 636 5442 editionis,
666 5373 862 5447 ipsob'usebii
892 5375 981 5430 Gracci
1037 5373 1187 5432 exorditur
1214 5371 1319 5438 itini,
1345 5377 1432 5444 alque
1459 5373 1514 5430 hoc
1539 5375 1700 5432 rectissime
1727 5373 1859 5447 quidem.

149 5450 291 5506 contextu
322 5447 482 5502 verissimus
512 5465 545 5503 ac
575 5448 730 5504 tutissimae
766 5451 885 5518 reportas
915 5451 983 5500 sunt
1039 5445 1302 5502 utcxconoinino
1327 5443 1482 5515 peculiaris
1508 5445 1613 5502 titulus
1643 5445 1773 5519 incipiat.
1803 5441 1861 5499 Sed

151 5519 185 5574 in
228 5519 416 5574 contentione
457 5519 589 5576 codicum
622 5520 788 5574 latinorum
821 5519 983 5572 nianuscri-
1039 5525 1141 5574 catera
1166 5516 1307 5572 lacinioso
1335 5515 1486 5585 distractu,
1515 5535 1548 5574 uc
1578 5535 1730 5592 perperam
1759 5533 1766 5572 ι
1792 5525 1863 5592 nam

156 5595 274 5663 piorum
301 5605 368 5647 cum
400 5590 565 5648 Eusebiano
580 5589 737 5664 exemplari
768 5589 877 5646 Gracc.
902 5588 985 5646 blen-
1039 5587 1320 5661 spatiointerposito
1336 5593 1486 5645 revocetur
1512 5589 1608 5661 κώμη,
1637 5608 1691 5648 vox
1717 5582 1864 5660 superiori

153 5675 234 5719 risu.
1040 5657 1184 5718 versiculo
1225 5657 1372 5732 descripta
1410 5661 1457 5718 cui
1499 5661 1631 5720 succedit
1657 5657 1734 5734 βαίτο
1765 5661 1868 5713 Kaira·
