4056 6170
248 311 327 374 rrae
880 313 913 374 s.
936 304 1093 375 nosnen
1114 307 1348 376 alanorum.
1832 315 1910 387 uu

248 442 336 498 dicat.
365 441 443 496 488
472 455 529 512 quo
558 437 686 514 populus
715 441 838 498 libenter
865 441 1021 511 auscultat,
1051 444 1080 497 et
1093 442 1200 508 Adest
1214 440 1415 497 adolescentis
1429 439 1591 514 frugalitas,
1607 441 1633 498 si
1647 445 1756 500 senecta
1767 443 1868 502 duamur
1883 448 1911 512 ¹iu
1974 421 1975 436 ἵ

248 531 379 586 secunda
394 528 505 600 aspirat
519 545 590 584 aurs
606 530 743 600 rumoris,
764 533 843 586 sator
871 528 1022 603 negligens
1046 534 1075 584 et
1128 528 1209 584 luxu.
1227 529 1257 584 ln
1276 545 1452 600 quacunque
1467 529 1545 586 enim
1558 529 1605 586 dia
1616 531 1714 602 justus
1726 533 1854 602 errauerit,
1875 550 1912 592 va

247 617 372 690 ignarus
386 616 515 690 agricole
530 623 584 674 est.
607 619 639 672 ln
655 618 727 689 ipsis
739 619 817 673 enim
832 619 989 690 prosperis,
1002 617 1073 672 dum
1128 621 1204 672 teres
1219 633 1288 673 cunr
1301 617 1424 688 justitiae
1441 635 1457 672 a
1473 623 1566 674 morte
1580 617 1703 676 liberare
1717 637 1769 678 non
1795 625 1911 694 poterunt.

247 706 407 774 nescimus,
438 707 560 762 adversa
583 710 775 778 consurgunt.
806 707 862 762 Sed
900 712 1074 779 opportune.
1128 705 1208 770 Quod
1225 705 1344 776 sijuxta
1367 711 1522 778 utramque
1544 706 1803 780 interpretationem
1822 725 1913 781 semper

247 794 428 867 importune,
445 811 499 850 suo
514 798 614 849 fenore
630 795 650 862 ¹,
667 791 716 849 Dei
732 809 828 848 sermo
846 796 891 847 est
920 792 1075 862 pradican·
1128 793 1315 862 benefeceris,
1331 798 1360 850 et
1377 793 1456 850 omni
1473 795 1706 868 etatemqualem
1719 812 1826 854 cursum
1834 797 1916 856 mbae

246 883 620 954 dus(llfim.1v,2):nec
644 881 712 937 fidoi
739 885 871 952 tompore
894 879 1073 936 adversaria·
1128 883 1170 938 ris
1197 881 1309 937 videbis
1334 882 1426 938 Deum
1455 883 1580 950 Patrem,
1606 883 1799 942 dulcissimam
1824 883 1913 954 lucem
1976 920 1977 1001 p

246 987 314 1040 rum
342 971 465 1026 nubium
481 969 696 1026 consideranda
710 972 878 1040 tempestas.
904 968 944 1024 De
969 985 1028 1039 qua
1043 967 1072 1022 in
1127 969 1239 1026 videbis
1254 969 1413 1042 Christum,
1429 971 1522 1027 solem
1534 971 1667 1043 justitie.
1685 977 1767 1028 Porro
1782 973 1805 1028 si
1818 979 1843 1028 ot
1856 973 1914 1036 mul·

246 1059 410 1116 Proverbiis
422 1059 542 1114 dicitur:
559 1057 636 1113 Sicut
648 1059 747 1129 pluuia
761 1057 901 1114 ciclumeus
916 1061 941 1113 ct
952 1055 1071 1126 inutilis,
1126 1057 1165 1113 tis
1182 1058 1266 1113 annis
1277 1057 1393 1129 vixeris,
1409 1063 1438 1114 et
1453 1060 1552 1116 omnia
1567 1060 1644 1116 bona
1658 1060 1800 1128 habueris,
1814 1061 1917 1118 rclhom

245 1149 286 1203 sic
301 1147 551 1220 quideretr'uquunt
565 1148 742 1218 rapientium,
764 1155 790 1201 cl
814 1147 986 1217 impietatem
1011 1146 1072 1200 lau·
1127 1161 1214 1216 opera
1234 1146 1420 1219 perpetraris,
1436 1152 1464 1201 et
1480 1147 1580 1204 scieris
1596 1153 1623 1204 te
1643 1165 1756 1221 semper
1781 1165 1839 1206 essa
1850 1149 1918 1204 mori·

244 1236 413 1306 dautll’roe.
434 1236 599 1302 xxvur,30t
628 1235 665 1306 l).
693 1235 810 1306 Absque
841 1233 1073 1289 consideratione
1127 1238 1238 1301 turum,
1256 1239 1284 1290 ct
1313 1239 1379 1290 ante
1409 1235 1508 1292 oculos
1538 1239 1604 1292 tuos
1628 1237 1808 1292 tenebrarum
1828 1252 1917 1309 sempor

244 1339 312 1397 ergo
326 1325 451 1380 nubium
468 1329 496 1380 et
510 1324 616 1379 timore
631 1327 796 1394 ventorum,
814 1322 842 1377 in
853 1323 1073 1394 mediistempe·
1126 1327 1257 1379 versetur
1269 1324 1430 1380 adventus:
1448 1324 1602 1395 presentia
1614 1325 1698 1398 quasi
1723 1323 1808 1392 fluxa,
1831 1323 1919 1398 fragilis

244 1411 371 1468 statibus
401 1409 609 1468 seminandum
637 1411 765 1466 est.Nec
793 1410 969 1466 dicendum:
999 1409 1072 1465 illud
1126 1411 1289 1467 etcaduca
1320 1417 1512 1469 comtemnes.
1542 1413 1725 1486 Symnachus
1753 1414 1835 1470 finem
1853 1412 1919 1484 huus

242 1502 361 1572 tempas
376 1501 577 1570 commodum,
594 1499 649 1556 hoc
665 1499 779 1569 inutile,
805 1515 872 1554 cum
902 1499 1073 1570 ignoremus
1127 1500 1278 1554 sententia
1306 1499 1349 1554 ila
1377 1500 1586 1572 interpretatus
1610 1501 1721 1558 estzsi
1747 1503 1824 1558 cuuis
1848 1501 1918 1556 muttit

244 1603 307 1661 qum
334 1588 390 1659 via,
419 1593 447 1644 et
473 1605 536 1660 qum
566 1587 703 1644 voluntas
724 1587 763 1643 sit
788 1585 909 1658 spiritus
938 1586 1074 1642 universa
1126 1589 1230 1644 uicerit
1245 1588 1334 1658 boma
1350 1593 1376 1644 et
1391 1590 1515 1646 amu-itur
1531 1589 1574 1644 liis
1599 1589 1707 1646 balatus
1729 1591 1918 1662 [ucmttrrcrr

243 1675 451 1748 dispensantis.
1126 1675 1278 1732 doridebet
1308 1680 1335 1731 et
1363 1676 1421 1732 dies
1451 1677 1507 1747 [el.
1537 1678 1658 1749 dicrum]
1680 1677 1918 1749 tenebrarumque

279 1785 295 1815 a
315 1764 465 1828 Quomodo
482 1781 539 1820 non
555 1763 746 1836 cognoscistu
758 1778 822 1835 quse
834 1762 923 1818 sitvia
938 1762 1071 1835 spiritus,
1128 1765 1222 1822 mutter
1238 1768 1327 1832 cruat,
1344 1771 1370 1819 ct
1386 1767 1416 1820 iu
1431 1767 1529 1836 quibua
1543 1768 1671 1821 omuibus
1688 1768 1776 1822 ueniet
1803 1782 1853 1821 erec
1874 1765 1921 1822 aa·

242 1855 272 1908 et
287 1851 363 1909 sicut
378 1867 446 1908 ossa
462 1852 490 1908 in
506 1853 589 1908 utero
605 1850 803 1924 praegnantis:
819 1850 862 1907 sio
878 1851 973 1906 nescis
987 1869 1075 1923 opera
1128 1869 1203 1908 uere.
1218 1852 1322 1908 Aliter:
1351 1853 1537 1924 llcpromittit
1564 1853 1594 1909 iu
1618 1852 1675 1909 alio
1701 1853 1850 1926 Scriptura
1870 1851 1920 1918 loeo,

242 1941 303 2008 Dei,
320 1941 368 2011 qui
386 1941 608 1997 holtemma.»
629 1941 711 1995 Sicut
737 1940 834 1996 nescis
854 1939 930 1996 viam
953 1939 1074 2011 spiritus
1129 1941 1206 1998 Deus
1221 1941 1344 1996 dicens:
1366 1941 1438 1996 Doto
1458 1940 1532 1996 vobis
1557 1943 1683 2014 pluuium
1712 1948 1922 2014 temporaneae

242 2033 271 2086 et
301 2029 404 2084 anima
432 2029 627 2102 ingredientis
653 2027 871 2100 imperantem,
898 2033 927 2082 ct
956 2027 1074 2099 ignores
1128 2029 1511 2100 serotiuomloeut.xr,ll),
1530 2037 1612 2086 vetus
1646 2029 1761 2086 seilicet
1788 2031 1922 2085 Testamen·
1978 2041 1979 2092 l

242 2119 355 2174 ossium
368 2122 546 2174 etvenarurn
557 2119 715 2175 varietates
726 2117 755 2170 in
766 2117 1072 2188 ventreprregnantis:
1129 2121 1381 2183 tum,etnovum,
1406 2123 1435 2172 et
1464 2123 1586 2190 utroque
1614 2135 1665 2174 vos
1694 2119 1790 2176 imbre
1816 2113 1922 2189 irrigabo.

242 2208 390 2279 quomodo
405 2223 439 2262 ax
453 2205 501 2262 vili
517 2206 662 2262 elemento
679 2221 785 2277 corpus
814 2202 943 2261 hominis
971 2205 1001 2258 iu
1029 2205 1073 2260 di·
1130 2205 1211 2260 Unde
1229 2211 1257 2261 et
1273 2222 1350 2260 nunc
1365 2206 1568 2278 admonemur,
1585 2211 1618 2261 ut
1634 2209 1677 2262 sic
1693 2204 1825 2280 legemus
1848 2206 1923 2276 upa

242 2311 343 2352 versas
358 2295 469 2366 efligies
502 2298 645 2366 artusque
656 2291 1075 2358 varietur,etdeeodomsemi-
1128 2295 1265 2360 veterem,
1278 2309 1314 2348 ne
1329 2291 1519 2364 Evangelium
1544 2298 1771 2350 contemnamus
1786 2311 1792 2349 :
1818 2293 1857 2349 sic
1869 2307 1925 2364 que·

241 2399 288 2454 ne,
306 2383 385 2440 aliud
402 2383 552 2439 mollescat
567 2383 596 2436 iu
615 2381 763 2446 carnibus,
780 2380 859 2435 aliud
888 2381 1024 2435 durescat
1044 2379 1073 2435 in
1129 2396 1230 2436 ramus
1246 2379 1427 2451 spiritualem
1443 2381 1471 2435 in
1492 2381 1587 2438 Veteri
1618 2384 1817 2439 [estrumento
1845 2379 1924 2436 inulli-

244 2471 373 2539 0ssibus‚
391 2470 472 2526 aliud
490 2471 518 2525 in
534 2469 619 2528 venis
635 2469 765 2541 palpitet,
783 2473 812 2524 et
826 2467 905 2523 aliud
920 2467 1028 2540 ligetur
1043 2467 1073 2522 in
1129 2469 1269 2540 gentiam,
1285 2485 1320 2524 ne
1336 2469 1365 2523 in
1382 2468 1568 2541 evangelistis
1595 2475 1624 2526 et
1638 2470 1781 2543 apostolis
1809 2469 1858 2526 hoc
1880 2471 1926 2524 ua·

243 2561 359 2617 nervis:
373 2559 415 2614 ita
431 2558 479 2614 Dei
493 2575 581 2631 opera
593 2558 670 2614 sciro
686 2571 743 2612 non
761 2555 879 2629 poteris,
909 2555 959 2627 qui
983 2555 1075 2612 factor
1129 2559 1191 2612 tum
1208 2561 1344 2629 putemus
1364 2573 1468 2613 sonare
1484 2557 1559 2628 quod
1585 2557 1703 2630 legitur.
1724 2559 1855 2632 ignorare
1872 2555 1927 2612 euim

243 2653 288 2704 est
303 2647 447 2703 omnium.
464 2647 504 2702 lix
518 2663 577 2718 quo
587 2645 674 2701 docet
688 2644 833 2700 contraria
848 2659 905 2700 non
930 2645 1072 2714 timenda,
1129 2661 1187 2699 uon
1212 2645 1241 2699 in
1258 2661 1316 2716 quo
1337 2645 1431 2718 magis
1460 2645 1581 2702 scientia
1606 2646 1692 2702 nobis
1708 2664 1726 2702 a
1743 2649 1798 2702 Deo
1814 2643 1929 2702 tribuatur

243 2751 299 2793 neo
312 2739 421 2792 temere
436 2735 471 2791 da
485 2735 578 2790 ventis
595 2738 624 2790 et
640 2735 780 2799 nubibus,
797 2749 870 2805 quas
886 2749 977 2804 supra
1000 2731 1073 2786 dixi·
1128 2732 1270 2803 etmutia,
1287 2733 1459 2806 felicemque
1474 2749 1541 2790 sum
1567 2751 1642 2800 esse,
1667 2735 1720 2807 qui
1748 2740 1892 2806 utrumque
1909 2731 1928 2784 in

244 2838 321 2889 mus,
334 2823 530 2895 judicandum
543 2840 550 2877 ε
563 2831 631 2878 cum
649 2838 704 2877 suo
719 2825 856 2876 tenoreet
871 2837 959 2876 cursu
969 2821 1075 2876 debeat
1129 2821 1460 2886 communesocieverit,
1476 2828 1504 2878 et
1528 2823 1612 2893 quasi
1637 2839 1733 2878 unum
1758 2839 1859 2895 corpus
1880 2817 1927 2875 elfe-

242 2915 325 2968 sator
353 2927 481 2984 pergere,
505 2916 535 2967 et
558 2915 696 2967 eventum
724 2911 735 2944 ¹
764 2908 880 2964 Domini
925 2908 1073 2964 sententia
1129 2909 1210 2964 cerit.
1225 2908 1307 2972 Quod
1330 2909 1381 2981 qui
1403 2910 1491 2966 fuerit
1510 2917 1698 2980 consecutus,
1724 2911 1831 2969 videbit
1847 2910 1928 2970 lucem,

243 3015 400 3058 reservare.
421 3001 480 3056 Nou
495 3001 570 3054 euim
598 2999 713 3055 volemis
740 3013 825 3068 oeque
852 2998 999 3064 currentis,
1028 2997 1074 3054 aad
1127 2995 1238 3054 videbit
1253 2997 1415 3066 Christum,
1436 2998 1526 3055 solem
1537 2999 1671 3070 justitia.
1695 3001 1729 3058 ut
1744 3001 1767 3056 si
1784 2999 1863 3056 annis
1883 2993 1929 3068 plu·

241 3089 290 3144 Dei
303 3089 458 3144 miserentis
473 3091 614 3157 erithone.
628 3105 667 3154 ix,
685 3087 741 3155 lit).
1130 3085 1210 3141 ribus
1239 3085 1350 3151 vixerit,
1382 3087 1410 3142 in
1437 3103 1556 3144 summa
1584 3087 1683 3144 latitia
1713 3093 1742 3144 et
1767 3086 1930 3146 delectatione

277 3199 291 3228 a
313 3159 1111 3245 lnmalatinosemimasemontaum‚ctadvespe-G
1131 3173 1304 3246 versabitur,
1336 3173 1447 3230 habens
1472 3175 1624 3231 scientiam
1659 3175 1882 3250 scripturarum,
1912 3173 1930 3225 cl

242 3280 361 3321 rumne
385 3262 515 3319 dimittas
539 3277 663 3318 manum
688 3264 789 3316 tuam:
811 3259 950 3332 quonlam
977 3261 1094 3316 nescis·
1128 3263 1223 3333 magis
1238 3262 1274 3317 ad
1302 3262 1380 3318 hune
1409 3261 1538 3319 laborum
1562 3261 1929 3332 reeordatione⁸futurilu
1981 3299 1982 3302 η

241 3352 311 3426 quid
341 3352 485 3424 placeot⁸,
505 3351 559 3406 hoo
587 3351 642 3416 [Al.
664 3355 716 3404 eut
743 3349 819 3418 hoel,
841 3365 876 3404 an
906 3348 989 3404 illud.
1014 3348 1072 3404 Etsi
1126 3349 1194 3404 dicii
1221 3349 1433 3422 compelletur:
1464 3351 1534 3423 quis
1563 3355 1741 3424 perpetuum
1771 3351 1930 3409 tenebrarum

242 3445 412 3512 utrumque,
430 3440 622 3511 quasiunum
641 3436 1070 3508 bouumest,etduloclumeu‚
1126 3439 1576 3510 tempusadvcnlet,etaeterua
1597 3456 1687 3512 pmnae
1718 3441 1931 3514 praeparabuntur
1981 3433 1982 3456 l

242 3533 271 3585 et
290 3530 400 3584 bonum
416 3525 508 3583 oculis
523 3525 623 3584 videre
638 3525 744 3582 solem:
757 3525 828 3597 quia
843 3526 867 3580 si
884 3526 969 3581 annis
999 3525 1074 3580 rnul-
1126 3523 1180 3588 eis,
1194 3524 1244 3595 qui
1262 3540 1318 3580 non
1336 3525 1543 3582 seminaverint
1559 3543 1644 3582 mane
1659 3533 1689 3583 et
1702 3530 1739 3584 ed
1752 3543 1900 3601 vesperam,
1912 3525 1931 3578 et

240 3616 280 3673 tis
294 3617 397 3672 vixerit
411 3615 508 3686 bomo,
525 3615 555 3670 in
571 3615 712 3670 erunibus
728 3613 774 3668 his
789 3613 912 3680 letetur,
924 3619 952 3670 et
968 3615 1072 3669 memi-
1127 3628 1313 3684 nequaquam
1329 3613 1582 3687 necutrumque
1603 3615 1817 3674 sociaverunt:
1846 3609 1930 3672 necd-
1981 3613 1982 3696 l

241 3701 951 3775 noritdiestenebrarum,quiaplurimserunt.
980 3703 1071 3758 Omns
1126 3699 1523 3768 deruntlucemnecsolern,
1541 3703 1732 3775 andeipsum
1751 3704 1931 3774 lumenegu·
1981 3709 1982 3716 ’

1975 1279 1977 1318 l

241 3793 319 3866 quod
335 3797 490 3848 venturum
507 3795 561 3860 est,
577 3792 704 3847 vanitas.
719 3812 733 3838 a
749 3790 790 3845 Ne
806 3789 898 3863 eligas
927 3790 973 3845 eui
999 3791 1072 3846 bene
1127 3786 1207 3843 ditur
1221 3787 1275 3859 [ll.
1291 3789 1478 3862 egredieturl.

242 3881 545 3950 facias3sedeteum
574 3879 765 3945 benefeceris,
797 3879 1071 3951 nunquamabono
1161 3876 1331 3950 (Capilli)
1359 3879 1477 3951 Laetare,
1508 3877 1680 3937 adolescens
1695 3883 1717 3950 ⁸,
1743 3881 1773 3937 in
1799 3879 1931 3954 juventute
1981 3893 1982 3946 j

242 3967 836 4040 operedesistas.Matuliaamjostitiam
860 3983 964 4039 vesper
992 3967 1070 4023 inve·
1125 3967 1186 4036 tuo,
1203 3966 1276 4020 etin
1293 3966 1367 4022 hono
1384 3965 1584 4024 sitcortuum
1602 3969 1630 4024 in
1659 3968 1769 4026 diebus
1790 3963 1929 4040 juventutis
1981 3957 1982 4022 i

244 4057 316 4114 niat.
333 4057 367 4113 ut
381 4057 510 4129 vesperis
540 4057 593 4130 [Al.
617 4056 744 4128 vesperi]
770 4055 1002 4111 misericordiam
1027 4055 1070 4112 sol
1125 4057 1192 4120 tum,
1207 4059 1235 4109 et
1249 4053 1369 4110 ambula
1385 4055 1414 4110 in
1431 4056 1486 4112 viis
1503 4057 1598 4112 cordis
1613 4058 1666 4128 tui,
1681 4063 1711 4114 et
1727 4059 1929 4115 inintuiluoru·

243 4145 397 4219 [lisolis]
425 4151 507 4202 ortus
540 4144 717 4202 accumulet.
747 4149 893 4200 lacertum
918 4149 962 4200 est
990 4146 1069 4200 onim
1124 4142 1219 4198 lorum
1235 4147 1352 4198 tuorum
1368 4145 1388 4198 ⁷.
1407 4144 1440 4199 tlt
1454 4145 1526 4200 scito
1543 4144 1606 4214 hirc,
1623 4145 1692 4216 quis
1707 4164 1801 4220 super
1814 4145 1929 4202 omuibus

242 4235 320 4307 quod
336 4252 411 4308 opus
427 4233 521 4306 magis
535 4233 648 4305 placeat
663 4233 731 4299 Deo,
748 4239 776 4288 et
791 4250 824 4288 ex
835 4233 1070 4304 quotihlfractus
1126 4231 1170 4286 his
1186 4231 1311 4287 adducet
1324 4235 1351 4287 te
1367 4231 1443 4288 Deus
1459 4232 1487 4287 in
1499 4233 1657 4303 judicium.
1674 4234 1709 4289 m
1726 4235 1834 4308 repelle
1845 4236 1931 4291 frama

243 4324 323 4380 1¹88
333 4324 454 4394 justitiae
470 4327 658 4394 praeparetur.
676 4321 773 4376 l‘olest
801 4325 898 4376 autem
929 4319 1069 4386 accidere,
1123 4320 1209 4375 eorde
1235 4325 1293 4388 tuo,
1320 4326 1349 4376 et
1374 4321 1456 4376 aufer
1485 4320 1766 4380 molitianracarno
1794 4331 1859 4379 tua:
1878 4318 1931 4392 quir

242 4416 339 4469 utnon
352 4429 455 4478 unum,
470 4411 522 4467 sed
538 4415 698 4481 utrumque
727 4407 841 4480 placeat
868 4408 936 4464 Deo.
966 4407 1068 4465 Aliter.
1123 4406 1321 4464 adolescentia
1336 4413 1364 4464 et
1380 4408 1506 4465 stultitia
1529 4409 1641 4466 vanites
1665 4416 1720 4466 est.
1749 4413 1783 4468 sc
1807 4409 1930 4468 memento

244 4501 280 4558 at
293 4501 324 4558 ln
340 4499 546 4564 adolescentia,
563 4505 592 4554 st
606 4499 639 4554 in
652 4498 780 4564 senecta,
795 4513 895 4567 aquus
912 4496 962 4551 tibi
987 4496 1070 4553 labor
1086 4519 1109 4584 D
1123 4495 1267 4551 Creator-is
1282 4495 1324 4551 tui
1340 4497 1369 4552 in
1384 4497 1490 4553 diebus
1511 4497 1676 4569 juventutis
1699 4502 1770 4570 tum,
1794 4503 1930 4569 antequam

244 4589 290 4646 sit.
322 4587 379 4643 Nae
400 4588 500 4644 dicas:
531 4587 603 4642 dum
629 4584 725 4655 potui,
756 4584 895 4652 laboravi,
925 4586 1015 4642 debeo
1039 4586 1069 4640 in
1123 4583 1240 4639 veniunt
1267 4583 1329 4640 dics
1359 4585 1475 4641 malitiae
1497 4591 1526 4641 et
1550 4587 1792 4660 appropinquent
1818 4585 1882 4643 anni
1909 4582 1931 4636 in

243 4679 393 4735 senectute
408 4675 601 4748 requiescere.
623 4672 809 4728 Nescisonim
821 4673 956 4728 utrumin
965 4674 1070 4745 juven·
1126 4671 1234 4744 quibus
1250 4672 1348 4729 dices:
1365 4673 1427 4730 Non
1443 4677 1488 4730 est
1503 4673 1573 4730 mibi
1593 4674 1622 4730 in
1640 4675 1697 4731 illis
1723 4676 1879 4732 voluntas·
1893 4669 1931 4740 [ll.

145 4758 153 4768 ”
247 4764 516 4839 tute,auinmlete
538 4759 797 4834 longaevapluccas
825 4761 893 4817 Deo.
923 4762 980 4818 Nec
1008 4779 1072 4834 pro·
1124 4759 1299 4831 voluptaria
1327 4762 1358 4816 ln
1388 4761 1442 4818 hoc
1482 4762 1621 4836 capitulo,
1659 4763 1778 4820 diversa
1818 4762 1931 4819 omnium

280 4891 455 4949 ²Vatic.ruo
470 4896 598 4960 tempore.
626 4882 752 4954 dicuin,
781 4887 949 4958 Quapropter
974 4903 1072 4958 oppor·
1126 4883 1561 4941 maximnenimostdistanlia
1585 4885 1724 4958 antiquas
1744 4887 1822 4944 inter
1844 4883 1932 4942 Biblio-

246 4963 533 5034 tuuouelimporturro
560 4962 679 5030 tempere
705 4957 898 5028 predicandus
923 4961 961 5014 est
983 4973 1072 5014 rlrmo
1127 4973 1192 5010 rum
1208 4971 1358 5012 sacrorum
1387 4972 1420 5012 ac
1440 4957 1595 5012 hodiernus
1619 4958 1790 5022 divisiones,
1808 4963 1838 5013 ut
1854 4956 1931 5012 viden

251 5035 310 5090 nes,
1127 5026 1678 5100 estiaProlegomeaisnostrisl'fom.
1699 5033 1844 5086 hlasrrsu.
1914 5095 1917 5104 Ι

283 5103 413 5161 ¹Verius
435 5103 566 5158 videatur
596 5097 699 5174 lep'sse
724 5098 971 5156 dicuin.:liebcat
998 5107 1074 5155 sator
1164 5099 1269 5154 -Duo
1288 5115 1359 5155 mss.
1387 5097 1599 5171 castigatiores.
1627 5101 1743 5162 Loetore.
1767 5099 1884 5173 juvenis,
1909 5105 1930 5146 ts

250 5182 425 5300 'pff'sse'l'e’tss'
441 5181 578 5300 alietatum.
593 5176 649 5297 ¹gatte.
716 5243 725 5297 l
796 5247 805 5297 ι
1127 5169 1309 5295 adeicsclcoulga
1332 5177 1398 5296 truc,t
1418 5170 1667 5293 {quemadmodum
1689 5172 1767 5226 infra
1791 5171 1826 5226 ab
1851 5167 1931 5224 llisro·

429 5286 434 5298 .
588 5259 596 5296 r
673 5259 685 5296 a
809 5285 815 5298 .
1128 5258 1146 5295 u
1360 5257 1384 5294 cr
1431 5258 1475 5296 ur.

286 5261 537 5370 *Mhitiiilnficeirii
551 5244 849 5384 iieriiiiogt‘iiaeiuss.
866 5312 1073 5383 editorumque
1148 5257 1173 5346 yf
1186 5257 1440 5396 hildricntslfrilepini
1456 5312 1514 5366 duo
1530 5311 1613 5394 codd.
1640 5312 1705 5368 Siue
1728 5311 1930 5386 reprehensore·

209 5433 213 5440 ’
253 5385 696 5524 αῦὲθὲοἲᾞξιῖωὲῗνὲἒὲἶὲἀωιιί
724 5454 758 5509 aa
777 5455 849 5509 boue
877 5454 1007 5519 laborem,
1033 5469 1074 5510 re·
1129 5381 1695 5534 qu⁸⁰i¹lloirxcgtffliuciiripsspiilgeririiriiiiaa
1717 5453 1853 5532 Erasmus
1875 5445 1931 5518 legii

252 5527 509 5590 semicremata.
1128 5525 1191 5580 ootu
1201 5531 1268 5586 rum
1284 5526 1372 5598 idque
1388 5531 1531 5581 retentum
1544 5525 1627 5582 estin
1638 5525 1858 5600 quamplurimis
1870 5531 1929 5576 mss·

288 5595 709 5677 irerereeceueeaaualn
738 5595 945 5667 antiquissimo
975 5596 1074 5652 radios
1129 5594 1161 5650 ln
1183 5541 1299 5651 tiebrmo
1328 5599 1373 5653 est
1399 5607 1465 5660 verr
1482 5595 1616 5666 blreplieta,
1633 5597 1706 5670 quod
1723 5586 1930 5652 uvoluulalernin·

254 5691 310 5738 ms.
326 5665 492 5732 Gorberensl
505 5663 660 5736 eupliulufr.
674 5667 754 5722 istud
765 5671 936 5724 numeratur
949 5683 1072 5736 aravum
1128 5671 1326 5740 terpralanlur
1336 5667 1423 5726 etium
1441 5667 1509 5724 LXX
1524 5667 1733 5728 translatores.
1755 5667 1884 5726 uineae
