4078 6162
149 267 222 344 -ttc
780 271 814 332 S.
834 269 989 335 uusuun
1009 269 1243 334 arduorum.
1802 264 1863 348 556

163 401 206 456 tui
221 399 357 468 intrabis,
373 405 406 457 ut
420 400 571 474 possideas
590 406 699 459 terrani
729 418 831 459 eorum
849 419 855 457 :
879 402 930 457 sed
955 401 985 456 in
1000 405 1028 470 Α
1042 401 1152 459 boves?
1167 403 1237 475 qnid
1253 401 1350 459 asini?
1362 399 1435 475 quid
1452 399 1582 475 peoora?
1598 399 1654 458 Fac
1670 399 1726 456 Dec
1750 396 1863 456 calum-

162 489 314 562 impietate
328 505 430 546 eorum
444 490 587 548 Dominus
602 491 679 548 Deus
695 495 765 548 tuus
775 493 986 548 consumeteos
1040 491 1119 547 niam
1135 509 1225 566 querc
1240 509 1317 548 unus
1332 491 1503 564 peccaverit,
1519 497 1546 548 et
1562 506 1629 564 pars
1645 486 1747 562 populi
1765 486 1858 544 truci·

163 578 269 635 slacio
284 583 345 648 tua,
361 583 394 634 ut
413 579 535 636 suscitet
558 581 680 637 verbum
701 581 778 652 quod
809 580 925 636 locutus
942 585 986 635 est
1040 580 1108 636 data
1123 581 1253 636 sit‘lCur
1267 585 1297 637 et
1312 581 1374 653 ipse
1394 579 1542 654 lapidatur
1564 579 1618 652 [Al.
1643 575 1815 650 lapidaturi,
1836 579 1866 632 et

162 667 379 740 patribustuis,
395 667 554 736 Abraham,
573 671 652 725 lsoac
675 673 703 726 et
726 669 827 725 Jacob.
853 669 887 724 Et
909 668 984 724 scies
1040 669 1213 741 omniaque
1229 669 1337 726 habere
1365 668 1504 742 potuerit,
1526 667 1616 724 ultrix
1640 666 1763 723 flamma
1794 681 1862 721 con·

162 756 241 828 quod
255 773 313 812 non
329 756 357 812 in
370 756 487 829 justitia
498 761 549 812 tua
563 756 704 813 Dominus
720 757 797 814 Deus
811 761 880 812 tuus
904 756 986 812 dabit
1040 758 1201 830 sumpserit
1212 759 1226 813 l
1236 759 1373 814 Dicamus
1388 760 1416 814 ot
1430 757 1509 814 aliud
1525 775 1532 812 :
1549 780 1562 807 ιι
1576 757 1638 813 Non
1655 759 1729 822 erat,
1757 753 1862 826 inquit,

165 843 219 900 tibi
234 849 342 900 terram
357 845 510 917 optimum,
527 850 559 901 ut
575 845 726 918 possideas
736 861 811 914 eam,
838 844 908 916 quia
931 860 985 916 po·
1040 846 1152 912 civitas,
1169 864 1258 919 quam
1275 865 1332 902 non
1348 847 1470 903 tradidit
1488 845 1632 903 Dominus
1660 843 1728 901 liliis
1762 842 1862 911 lsrael,

164 931 253 1006 pulus
267 933 347 989 dura
363 933 483 990 cervicis
499 951 530 990 es
548 938 577 989 tu
593 934 683 1006 (Dect.
702 952 739 1003 rx,
763 935 831 1005 do).
858 957 873 984 »
897 935 928 988 ln
953 949 985 989 eo
1040 935 1152 1008 absque
1168 935 1330 1008 Hevaeoqni
1355 935 1508 992 habitabat
1534 935 1564 990 in
1590 933 1734 991 Gabaon:
1760 947 1863 990 omnes

96 1075 99 1084 Α
166 1025 263 1079 autem
279 1022 356 1095 qnod
372 1022 497 1079 dixit:«
513 1023 661 1080 Perfectus
686 1023 743 1079 eris
770 1040 837 1079 cum
862 1021 985 1078 Domino
1041 1025 1361 1097 pugnandoceperunt‚
1379 1024 1475 1096 quiae
1500 1023 1625 1080 Domino
1653 1022 1763 1080 lactum
1791 1025 1862 1091 erat,

163 1113 414 1182 Deo¹tuo(Deut.
444 1129 524 1182 xviri,
555 1114 609 1186 13),
638 1136 652 1164 »
682 1131 739 1186 quc
762 1130 849 1170 seusu
870 1112 985 1176 dixerit,
1041 1118 1073 1168 ut
1087 1112 1237 1169 induraret
1251 1129 1301 1170 cor
1314 1130 1426 1182 eorum,
1443 1117 1470 1170 et
1486 1115 1651 1186 pugnarent
1666 1114 1741 1170 131
1763 1115 1863 1168 centra

167 1203 668 1275 exconsequcntibusapprobatur.
686 1225 698 1252 e
724 1203 797 1259 Cum
822 1202 984 1276 ingressus,
1041 1201 1141 1268 lsrael,
1167 1205 1200 1258 ut
1228 1203 1482 1260 interficerentur:
1513 1206 1541 1257 et
1566 1218 1624 1258 non
1656 1201 1739 1258 lieret
1761 1200 1791 1256 in
1818 1201 1861 1258 eis

163 1289 270 1362 inquit,
288 1290 378 1346 tueris
406 1295 525 1360 terram,
537 1308 626 1364 quum
651 1291 792 1348 Dominus
815 1292 893 1348 Deus
916 1295 986 1346 tuus
1041 1290 1252 1359 misericordie,
1270 1295 1297 1347 ct
1312 1292 1451 1364 perirent,
1466 1291 1543 1347 sicut
1561 1290 1699 1363 pracepit
1720 1291 1864 1348 Dominus

163 1378 322 1447 dabittibi,
339 1396 397 1436 non
425 1379 520 1437 disces
538 1380 632 1436 lacere
655 1380 889 1437 abominationes
913 1395 985 1451 gen·
1040 1379 1286 1452 Moysitlosuexr,
1305 1379 1347 1448 19,
1365 1381 1422 1452 20).
1441 1403 1454 1429 u
1484 1381 1514 1436 Si
1540 1379 1657 1436 Domini
1685 1380 1797 1436 tactum
1822 1383 1865 1436 est

163 1466 385 1538 humidorum,
401 1485 455 1525 nee
480 1468 642 1526 invenietur
668 1470 698 1524 in
728 1475 756 1526 te
779 1469 828 1542 qui
854 1469 988 1525 traducet
1040 1467 1198 1534 voluntate,
1214 1471 1358 1541 utpacem
1368 1485 1425 1525 non
1446 1469 1608 1542 reciperent
1618 1484 1672 1524 nec
1682 1468 1865 1542 susciperent

166 1558 242 1615 736
255 1556 350 1614 illium
365 1557 407 1614 vel
423 1557 514 1614 filiam
531 1575 616 1616 suum
628 1575 679 1632 per
693 1559 802 1631 ignem.
827 1558 986 1614 Divinatio·
1042 1557 1149 1615 lsrael:
1174 1559 1308 1614 dicamus
1326 1559 1413 1629 juxta
1436 1559 1609 1632 Apostolum
1627 1576 1661 1614 z«
1686 1557 1760 1622 Quid
1796 1574 1864 1633 ergo

170 1646 635 1721 nibusvelomnibusauguriis²
653 1653 682 1704 et
707 1647 848 1716 maleficis
874 1647 987 1703 artibus
1043 1646 1482 1720 quariturt‘lvoluntatienim
1512 1648 1577 1718 ejus
1602 1647 1669 1719 quis
1700 1651 1796 1720 potest
1821 1663 1864 1704 rs-

164 1740 193 1792 et
207 1736 456 1808 incantationibus
472 1754 530 1793 non
546 1738 664 1805 servies,
686 1742 718 1792 ut
741 1737 902 1810 interroges
925 1755 986 1794 ma·
1043 1736 1242 1809 sisterellicm.
1260 1753 1298 1792 ιιι.
1316 1737 1406 1808 19)).

165 1843 218 1900 gos
230 1830 259 1882 et
275 1826 381 1883 ariolos
401 1831 429 1883 et
444 1833 586 1884 mortuos.
616 1826 803 1883 Abominatio
827 1827 907 1883 enim
935 1834 987 1884 Do·
1078 1825 1670 1897 dalisRepumlidris.-DeSamuelet
1696 1826 1864 1884 Malacbim.

165 1915 239 1988 mini
258 1920 303 1973 est
330 1916 427 1973 omnis
456 1917 507 1989 qui
532 1917 601 1974 loolt
628 1916 698 1972 haec.
726 1917 759 1972 bt
787 1922 905 1989 propter
932 1918 986 1974 bns
1041 1915 1182 1972 Jonathas
1197 1915 1295 1972 levum
1311 1914 1406 1972 mellis
1421 1916 1550 1988 gustavit
1566 1917 1595 1972 in
1611 1917 1736 1989 sceptro,
1751 1921 1779 1973 et
1800 1916 1866 1972 illu-

165 2005 398 2062 abominationes
412 2005 555 2064 Dominus
570 2006 647 2063 Dens
661 2010 730 2062 tuus
745 2011 898 2063 consumet
909 2022 989 2064 ensa
1043 2004 1162 2060 minatis
1177 2003 1280 2071 oculis,
1292 2004 1483 2078 periclitatur,
1499 2007 1577 2078 quod
1597 2005 1731 2062 nesciens
1751 2005 1864 2062 lecerit.

165 2095 239 2151 lucie
264 2099 337 2152 tua:
363 2095 509 2168 perlectus
537 2095 595 2152 eris
619 2111 686 2152 cum
704 2095 827 2152 Domino
850 2096 909 2152 Deo
938 2100 988 2152 tuo
1044 2094 1102 2149 lloc
1117 2095 1195 2149 enim
1211 2093 1363 2166 Scriptura
1376 2097 1511 2164 testatur,
1541 2095 1619 2166 quod
1641 2093 1820 2167 ignoraverit
1847 2112 1868 2151 a

76 2251 82 2266 ,
165 2183 248 2256 (leid.
263 2183 354 2252 9-12).
372 2183 528 2256 »Denique
542 2183 682 2240 inlcrt:«
698 2183 771 2248 Quia
799 2189 902 2256 gentos
926 2184 988 2240 ista
1044 2187 1126 2256 putre
1150 2199 1215 2239 csse
1242 2187 1423 2256 preceptum,
1455 2201 1490 2240 ne
1528 2182 1687 2256 quisquam
1723 2187 1866 2258 gustaret,

164 2289 239 2347 quea
260 2276 292 2329 tu
322 2272 496 2345 possidebis,
525 2272 630 2329 ariolos
659 2276 688 2329 et
711 2272 825 2329 divinos
853 2272 987 2331 audiunt.
1043 2273 1135 2328 donec
1155 2272 1276 2328 victoria
1304 2271 1420 2328 Domini
1444 2273 1649 2346 compleretur.
1681 2273 1712 2330 ln
1749 2277 1867 2331 tanturn

166 2361 231 2431 Tibi
247 2366 346 2419 autem
361 2378 420 2418 non
436 2361 478 2418 sie
492 2361 574 2418 dedit
587 2361 731 2418 Dominus
744 2362 896 2418 Deustuus
907 2362 988 2434 (idid.
1044 2365 1141 2418 sutem
1157 2361 1249 2417 iratus
1264 2365 1308 2417 est
1319 2361 1471 2429 Dominus,
1492 2367 1525 2417 ut
1536 2378 1601 2419 sors
1612 2361 1757 2419 inveniret
1769 2363 1867 2422 occul-

166 2452 222 2524 11).
240 2451 433 2523 »Statimque
449 2451 626 2525 subjungit:
653 2475 666 2502 a
697 2451 873 2524 prophetam
897 2468 989 2508 unum
1044 2453 1118 2520 tum,
1134 2455 1164 2506 et
1179 2451 1241 2524 ipse
1252 2451 1391 2507 fateretur
1403 2450 1554 2508 dicerer«
1582 2451 1703 2509 Gustnvi
1725 2452 1756 2508 in
1785 2470 1868 2510 sum·

166 2541 296 2598 extede
317 2539 459 2596 iratribus
487 2540 548 2596 tuis
577 2541 653 2597 sicut
679 2557 725 2596 me
754 2541 909 2596 suscitabit
935 2540 990 2596 tibi
1045 2539 1146 2595 mitate
1164 2540 1281 2612 sceptri,
1308 2539 1384 2612 qnod
1419 2539 1514 2596 estin
1544 2539 1634 2597 manu
1660 2557 1736 2614 mea,
1762 2559 1868 2616 parum

166 2629 310 2686 Dominus
332 2631 408 2686 Deus
430 2633 524 2685 tuus:
548 2630 645 2702 ipsum
666 2630 767 2686 audies
791 2630 870 2701 (leid.
901 2631 956 2702 15).
975 2653 989 2680 a
1046 2629 1465 2702 mollis,etecceegomorior
1490 2631 1515 2698 (l
1537 2631 1601 2700 ltep.
1627 2647 1685 2700 xrv,
1715 2633 1772 2700 13).
1790 2655 1803 2682 r
1833 2633 1870 2688 llt

167 2720 280 2790 Exque
308 2719 476 2776 ostenditur
503 2720 665 2791 perlectum
694 2718 741 2774 bic
766 2717 823 2774 dici
852 2735 909 2774 non
940 2720 989 2791 qui
1044 2724 1144 2792 posteo
1163 2719 1371 2776 intercessione
1391 2723 1420 2774 et
1443 2719 1579 2792 precibus
1601 2719 1700 2793 populi
1724 2721 1869 2780 liberatus

167 2813 289 2870 cunctas
317 2807 440 2864 virtutes
468 2807 585 2872 habeat,
616 2808 666 2863 sed
691 2807 740 2879 qni
771 2807 932 2879 perlectum
962 2812 991 2865 et
1044 2806 1520 2879 est,dicentisodSaul:«Num
1543 2808 1686 2866 Jcnathas
1712 2811 1867 2882 morietur,

167 2918 260 2960 unum
290 2902 431 2972 sequatur
454 2896 557 2953 Deum.
589 2896 752 2968 Narratque
787 2897 923 2954 similiter
954 2899 990 2956 de
1045 2896 1733 2971 quilecitsnlutemhancmagnaminlsruel‘l
1755 2901 1866 2958 Absit?

168 2990 337 3054 conditione
349 2986 485 3045 exsulum
500 2987 550 3058 qui
575 3002 627 3059 per
642 2986 837 3060 ignorantiam
854 3002 989 3060 peccave·
1045 2987 1119 3044 Vivit
1129 2987 1270 3042 Dominus
1286 3003 1293 3041 :
1310 2985 1335 3042 si
1349 2985 1485 3042 ceciderit
1498 2987 1535 3043 de
1549 2986 1663 3060 capillis
1679 2989 1784 3062 capitis
1801 2991 1869 3064 ejus

171 3089 249 3149 runt,
266 3095 324 3151 quo
339 3077 496 3149 confugere
521 3075 645 3132 debeant
655 3077 675 3143 ³,
701 3079 789 3146 atque
813 3077 988 3150 subjungit:
1045 3076 1210 3144 interram,
1229 3075 1378 3148 quiscum
1395 3075 1517 3131 Domino
1534 3075 1601 3133 lecit
1615 3076 1692 3133 diam
1715 3077 1816 3136 hanc:
1840 3085 1871 3138 et

168 3193 182 3221 ι(
193 3167 323 3234 ,Quando
338 3164 525 3222 edificaveris
541 3164 662 3220 domum
673 3181 788 3232 novam,
810 3165 897 3222 tocies
921 3165 989 3223 lori·
1005 3145 1026 3212 C
1046 3164 1179 3222 liberavit
1206 3162 1353 3238 populus⁵
1367 3163 1525 3234 Jonathan,
1541 3168 1570 3220 et
1596 3170 1715 3223 nonest
1731 3173 1870 3226 mortuus

171 3255 268 3315 culam
279 3254 353 3310 lecto
367 3258 417 3310 tuo
432 3253 462 3308 in
478 3251 612 3319 circuitu,
628 3269 664 3310 nc
679 3254 832 3327 sanguinis
848 3270 915 3312 reus
939 3255 992 3328 sis,
1047 3257 1128 3328 (ibid.
1145 3255 1200 3328 45).
1216 3277 1229 3305 r
1247 3253 1364 3310 Samuel
1380 3254 1516 3311 irascitur
1530 3254 1622 3323 Sauli,
1637 3259 1666 3312 et
1680 3273 1739 3313 non
1753 3257 1872 3315 cultim

170 3361 246 3403 eum
262 3342 369 3416 aliquis
385 3339 521 3398 ceciderit
535 3357 569 3397 cx
583 3357 617 3397 ea
633 3341 721 3412 (Dect.
746 3358 816 3414 xxvi,
845 3345 883 3416 8).
915 3367 929 3394 »
958 3347 993 3402 Et
1047 3349 1338 3418 cumrega;postea
1358 3343 1492 3415 precibus
1515 3343 1653 3413 vincitur,
1677 3350 1711 3402 ut
1734 3348 1872 3406 ostendat

171 3438 334 3496 iterum:«
350 3431 381 3487 Si
396 3428 522 3486 fueritin
539 3435 567 3486 te
591 3430 644 3499 vir,
675 3430 725 3502 qui
749 3447 806 3487 non
837 3433 876 3488 sit
905 3451 991 3490 mun·
1046 3434 1170 3490 humani
1193 3433 1285 3489 animi
1308 3431 1338 3488 in
1363 3432 1510 3488 diversum
1537 3433 1742 3491 mutationem.
1772 3435 1873 3510 Pergit

170 3525 227 3580 dus
238 3527 408 3579 anocturnc
420 3520 500 3576 lluxu
511 3519 677 3592 egredietur
687 3524 767 3576 extra
778 3527 884 3590 castra,
894 3528 923 3578 et
934 3541 991 3580 non
1047 3522 1205 3590 Bethleem,
1221 3521 1353 3595 singulos
1368 3521 1497 3577 tiliorum
1510 3522 1592 3580 Jesse
1606 3527 1690 3596 putat
1708 3523 1789 3598 ipsos
1803 3541 1872 3584 esse

170 3611 351 3688 ingredietur
365 3609 497 3666 medium
512 3615 685 3678 castrorum,
702 3626 828 3681 cumque
844 3611 993 3668 advenerit
1046 3612 1271 3686 quosDominus
1287 3611 1462 3684 requirebat.
1479 3611 1609 3685 Cumque
1623 3611 1746 3671 vidisset
1773 3614 1870 3685 Eliab,

168 3718 301 3776 vespera,
317 3699 425 3757 lavabit
439 3715 470 3755 se
485 3715 571 3771 aqua,
587 3703 615 3754 et
639 3703 705 3771 post
728 3698 897 3757 occubitum
922 3701 991 3758 solis
1046 3701 1108 3758 nit:
1126 3725 1140 3753 a
1157 3702 1229 3757 Doce
1244 3700 1273 3756 in
1287 3704 1445 3773 conspectu
1460 3699 1575 3756 Domini
1592 3701 1725 3760 Christus
1740 3705 1815 3776 ejus.
1833 3705 1873 3762 itt

169 3787 814 3865 ingredieturmediumeorum(Decorum,
832 3791 875 3860 10,
893 3791 947 3860 ll).
976 3813 989 3840 n
1045 3791 1086 3847 ait
1099 3789 1243 3846 Dominus
1267 3789 1303 3844 od
1331 3804 1422 3845 enm:
1452 3788 1493 3845 Ne
1521 3790 1661 3863 respicias
1690 3793 1728 3848 ad
1750 3793 1870 3849 vultum

186 3881 250 3935 137.
267 3881 411 3937 Eulaeum
426 3879 508 3934 libro.
533 3910 567 3918 -
591 3883 630 3934 De
654 3879 724 3935 Jesu
748 3879 808 3936 filio
831 3881 908 3936 Nave
933 3881 990 3936 duo
1045 3881 1120 3952 ejus,
1137 3883 1165 3936 et
1179 3879 1216 3934 ad
1227 3881 1371 3935 staturam
1380 3877 1510 3951 eorporis
1520 3877 1612 3949 illius,
1622 3880 1760 3952 quoniam
1771 3880 1870 3952 abjeci

167 3974 287 4028 tantum
302 3984 408 4042 ponam
419 3967 597 4024 testimonia.
612 3967 857 4038 PeccavitAchan,
870 3973 899 4025 et
911 3974 990 4026 totus
1046 3986 1124 4026 eum.
1140 3967 1231 4024 Aliter
1246 3968 1325 4024 enim
1340 3967 1419 4023 videt
1432 3967 1531 4036 homo,
1552 3968 1636 4026 aliter
1661 3975 1745 4027 Deus.
1769 3969 1869 4026 Homo

171 4058 299 4133 populus
328 4056 450 4114 ollandit
475 4057 610 4130 Dixitque
634 4057 776 4114 Dominus
804 4059 841 4114 ad
876 4059 988 4115 losue:
1045 4058 1124 4115 enim
1139 4057 1216 4113 videt
1228 4056 1258 4112 in
1274 4056 1358 4123 lucie,
1373 4057 1450 4113 Deus
1464 4056 1495 4112 in
1507 4059 1594 4114 corde
1618 4059 1641 4131 (l
1661 4063 1730 4132 llep.
1754 4073 1813 4126 xvi,
1839 4059 1871 4128 6,

172 4171 186 4201 a
201 4147 263 4205 Non
279 4150 416 4222 poterunt
430 4150 507 4204 stare
522 4145 574 4202 filii
589 4146 678 4203 lsrael
693 4147 723 4203 in
751 4152 909 4218 conspeetu
934 4149 990 4204 ini·
1044 4147 1082 4218 7).
1099 4171 1110 4199 ι
1128 4149 1222 4218 Atque
1237 4144 1356 4200 iabunc
1376 4145 1495 4201 modum
1515 4162 1567 4218 par
1586 4163 1688 4204 omnes
1708 4151 1795 4217 errat,
1815 4163 1872 4220 per

171 4237 466 4306 micorumsuorum;
497 4236 547 4292 sed
571 4237 658 4293 dorsa
680 4240 793 4292 vertent
816 4237 990 4294 adversariis
1045 4251 1147 4291 omnes
1161 4233 1327 4308 corrigitur,
1344 4240 1375 4289 nt
1389 4237 1487 4306 pateat
1501 4235 1637 4292 humana
1653 4236 1761 4294 mentis
1782 4235 1871 4292 intir-

170 4327 244 4397 suis,
261 4327 331 4396 quia
346 4327 513 4383 factumest
527 4325 684 4382 anathema
699 4325 728 4380 in
743 4325 795 4381 eis.
812 4329 845 4379 Et
860 4342 918 4382 non
944 4327 991 4382 ad·
1046 4323 1142 4380 mitae.
1172 4322 1321 4380 isboseth⁶
1350 4322 1419 4380 Saul
1448 4322 1525 4380 lilius
1550 4324 1725 4382 interficitur
1757 4325 1826 4382 dolo
1853 4341 1872 4382 a

171 4417 239 4473 dam
282 4420 315 4472 ut
341 4415 397 4472 sim
426 4414 589 4482 vobiscum,
620 4413 677 4469 nisi
705 4413 863 4470 contritum
903 4417 991 4473 luerit
1045 4413 1160 4470 liechab
1176 4417 1205 4469 ot
1220 4414 1317 4469 Beana
1333 4411 1402 4469 filiis
1418 4413 1560 4470 Remmon
1578 4415 1720 4472 Berotitae.
1735 4415 1872 4487 Cumque

170 4503 329 4560 anathema
356 4504 392 4558 de
416 4503 513 4560 menie
538 4505 668 4558 vostrum
698 4505 790 4572 (Jecur
818 4519 868 4572 vu,
892 4505 946 4574 12).
974 4527 988 4558 a
1005 4515 1029 4580 Ι)
1045 4504 1230 4560 nuntiassent
1245 4500 1342 4570 David,
1359 4505 1388 4558 et
1402 4507 1490 4576 caput
1506 4504 1664 4562 adversarii
1679 4506 1869 4563 demonstra·

169 4593 301 4665 Cumque
317 4590 504 4665 sacrilegium
520 4594 707 4664 quaereretur,
728 4595 757 4646 et
769 4608 833 4648 sors
848 4591 988 4652 latentem
1045 4597 1119 4658 rent,
1132 4591 1218 4648 occisi
1235 4594 1305 4648 suut
1319 4608 1336 4647 a
1351 4591 1453 4658 David,
1468 4592 1582 4649 dicente
1598 4610 1605 4650 :
1624 4616 1638 4644 ι(
1649 4592 1804 4668 Viriimpii
1815 4609 1874 4650 oe·

167 4681 328 4744 invenisset
355 4697 449 4752 reum,
472 4681 688 4737 interficiuntur
710 4697 778 4737 cum
804 4682 902 4739 Arban
936 4684 989 4740 filii
1044 4682 1178 4740 ciderunt
1193 4680 1416 4750 virumjustum
1434 4681 1462 4736 in
1479 4681 1567 4736 domo
1582 4699 1636 4738 sna
1651 4687 1680 4738 et
1699 4683 1730 4739 in
1757 4681 1869 4740 lectulo

167 4773 242 4846 ejus,
253 4775 281 4829 ct
294 4771 369 4839 filia,
386 4770 485 4839 boves,
499 4769 585 4838 asini,
600 4786 727 4844 pecora:
754 4771 988 4838 tabernaculum,
1044 4787 1097 4828 suo
1111 4771 1144 4844 (ll
1159 4771 1221 4840 Req.
1238 4787 1276 4837 iv,
1292 4769 1347 4841 11).
1373 4790 1387 4820 r
1415 4775 1495 4826 (torte
1523 4770 1656 4828 isboseth
1681 4773 1784 4845 justus
1807 4789 1870 4829 non

166 4866 393 4937 etquecunque
427 4860 534 4918 babere
559 4859 665 4933 potuit,
693 4860 760 4933 igne
785 4861 880 4918 deleta
909 4869 987 4921 sunt.
1043 4865 1114 4930 arat,
1149 4864 1178 4917 ct
1199 4863 1298 4916 tamen
1327 4859 1356 4915 in
1386 4875 1419 4914 ec
1446 4859 1545 4929 jnstue
1574 4860 1748 4934 appellatur,
1787 4861 1869 4934 quod

166 4950 247 5020 Esto,
261 4951 325 5024 ipse
339 4948 500 5025 peccaverit
515 4967 522 5007 ι
539 4949 610 5022 quid
624 4950 796 5007 commisere
810 4949 864 5006 lilii
879 4952 893 5006 t
917 4951 987 5024 quid
1044 4951 1155 5023 absque
1170 4965 1244 5007 noxa
1254 4949 1424 5006 interiectus
1440 4956 1492 5004 cst.
1510 4949 1568 5005 Ona
1586 4949 1699 5021 levites,
1715 4967 1783 5008 oum
1798 4965 1871 5008 area

203 5166 209 5198 ¹
226 5164 308 5222 Unus
318 5167 411 5249 Vatic.
423 5184 513 5226 coram
525 5167 640 5250 Domiqo
654 5168 717 5223 Deo.
736 5169 810 5248 (316.Ι
1078 5170 1088 5205 ⁵
1105 5166 1186 5224 Falso
1202 5165 1344 5223 hactenus
1358 5165 1480 5239 vulgati,
1509 5167 1648 5224 Liberavit
1672 5166 1805 5224 Dominus
1820 5168 1871 5223 Je-

201 5234 307 5318 ’ldem
328 5240 420 5295 vatic.
449 5239 680 5305 Divina-trontius,
695 5237 869 5307 stomachus,
884 5245 910 5294 et
937 5257 988 5296 eu·
1041 5242 1155 5298 nmium
1170 5254 1222 5320 pro
1235 5238 1364 5317 popolus,
1380 5238 1458 5308 quod
1474 5255 1547 5295 mss.
1568 5255 1671 5296 omnes
1695 5237 1871 5312 preferant,

163 5311 415 5434 Qffi'sseth'mnes
430 5395 498 5435 cum
512 5380 601 5435 veteri
616 5379 742 5437 editione
758 5382 825 5450 Quo,
854 5391 879 5438 et
902 5398 988 5454 quove·
1041 5309 1461 5449 iechqqnahqqsqtgqqpltqffi
1479 5384 1648 5439 constanter
1670 5380 1871 5455 lliphibosetb,

166 5448 215 5506 dia
230 5453 374 5520 oonlupere
388 5449 513 5518 debeant,
529 5455 595 5506 etc..
1042 5454 1119 5581 quod
1132 5451 1237 5524 legisse
1251 5449 1343 5505 voluit
1359 5449 1498 5508 lirasmus
1517 5469 1635 5525 quoquc
1660 5470 1727 5511 cum
1746 5452 1876 5538 scripsit

1040 5549 1047 5582 i

202 5523 373 5580 ‘Hactenus
388 5521 469 5586 editi,
482 5520 552 5590 Quid
570 5537 635 5590 erpa
651 5525 787 5592 quaeritur
800 5528 812 5577 ?
825 5525 987 5584 limandae·
1065 5520 1225 5598 eplticosetlr
1242 5521 1391 5578 :tonellus
1404 5522 1483 5579 lilius
1507 5529 1552 5580 est
1576 5542 1593 5581 a
1616 5525 1714 5584 Daune
1737 5541 1871 5595 occisus,

166 5597 215 5656 tur
228 5611 246 5655 a
259 5593 387 5671 scriptis,
403 5597 433 5650 et
447 5595 545 5650 Gracc
559 5595 639 5649 textu
654 5593 681 5648 τί
697 5589 736 5650 ἔτι
753 5595 907 5676 pauperat:
1041 5603 1073 5658 ut
1083 5613 1118 5653 ex
1132 5595 1157 5656 ll
1172 5593 1243 5669 Reg.
1259 5593 1343 5668 libro,
1361 5611 1413 5672 cap
1430 5611 1459 5654 ur
1472 5601 1497 5655 et
1510 5611 1586 5678 seqq.
