4066 6162
125 337 178 406 ιιι
354 313 357 318 ’
751 313 1212 402 commanducamus:
1767 339 1830 404 :ros

125 470 277 530 summm.
293 471 385 540 &aare
408 471 563 530 luminario
588 471 623 528 ad
650 469 832 543 avennacum
852 479 947 528 occenss
963 473 988 539 Α
1003 474 1031 526 te
1045 469 1132 526 vilem
1146 467 1352 540 pulvisculum.
1369 467 1452 526 oilert
1466 468 1589 528 Domino
1616 469 1771 541 sacrificia,
1795 475 1827 530 et

123 561 294 618 denturi-
304 559 519 618 Cereosautam
529 559 747 618 nonciarsluoe
759 559 948 618 accendimus
1001 557 1134 616 tumeries
1148 573 1249 614 corum
1264 557 1372 616 Christi
1386 557 1546 614 arbitratur
1559 557 1690 616 altaria?
1706 561 1741 616 tit
1764 576 1824 618 non

123 648 545 719 sieutirustracalumaiaris‚
561 650 613 707 scd
638 653 671 706 ut
694 650 789 708 noetis
814 649 950 705 tenebras
1003 646 1309 712 solumaniusurbis,
1335 647 1386 704 scd
1410 647 1500 704 totius
1528 647 1608 704 orbis
1637 652 1736 706 errant
1762 649 1825 723 epi·

123 739 177 796 beo
190 737 300 797 solatio
314 741 514 812 temperemus
528 757 535 809 ;
551 741 580 796 ct
592 737 749 810 vigilemus
774 738 810 793 ad
835 737 947 794 lumea.
1003 734 1149 809 scopi,qui
1165 751 1328 808 cauponem
1343 733 1535 808 Vigilantiam
1551 738 1827 808 contemnentesin-

125 845 161 885 ne
175 827 351 887 canliacum
362 827 548 885 dormiamus
558 828 587 884 in
601 827 730 884 tenebris
742 825 846 892 ¹.Quod
860 826 883 883 si
898 825 949 882 ali·
1002 825 1177 898 gradiuntur
1192 824 1328 882 basilicas
1342 829 1538 894 mortuorum,
1554 826 1584 882 in
1607 826 1715 899 quibus
1730 826 1827 900 pulvis

128 917 179 991 qui
193 933 246 991 per
259 916 446 989 imperitiam.
473 921 502 974 et
515 915 742 990 'simplicitatem
764 915 947 974 secularium
1002 913 1164 972 vilissimus
1179 918 1208 970 ot
1223 913 1341 983 favillis,
1358 914 1456 972 neseio
1469 931 1542 986 qua,
1555 915 1634 987 jacet
1657 913 1827 974 linteamina

128 1005 278 1064 hominnm
303 1006 350 1064 vel
375 1011 452 1064 certe
475 1005 680 1080 religiosarum
702 1005 889 1073 seminarum,
914 1005 950 1061 de
1003 1001 1157 1061 convoluta
1171 1003 1191 1058 ³.
1209 1005 1242 1058 ut
1265 1001 1377 1076 polluta
1405 1001 1505 1060 omnia
1535 1003 1655 1076 polluat,
1685 1009 1713 1062 at
1741 1005 1827 1079 qussi

128 1096 232 1168 quibus
246 1111 315 1152 vem
330 1109 491 1166 possumus
510 1094 606 1152 dicere
624 1113 630 1150 :
646 1117 661 1146 ιι
677 1094 830 1162 conamur,
853 1093 948 1150 zelum
1003 1093 1137 1165 sepulcra
1151 1091 1318 1148 Pharisaioa
1333 1089 1405 1148 ioris
1421 1090 1556 1148 dealbata
1578 1091 1639 1148 sint
1662 1109 1729 1150 curn
1744 1093 1827 1153 intus

123 1184 169 1242 ltu
184 1184 311 1252 hahent,
326 1183 379 1241 sed
393 1200 452 1242 non
467 1185 630 1242 secundum
645 1182 797 1241 seientiam
815 1183 903 1256 (horn.
919 1200 948 1250 x,
1003 1181 1157 1238 immundo
1169 1181 1275 1247 cinere,
1290 1181 1366 1238 885
1384 1181 1469 1250 iuxta
1489 1184 1527 1247 te,
1550 1181 1705 1240 immunda
1728 1183 1829 1242 omnia

122 1274 156 1346 i),
172 1295 188 1324 a
204 1273 263 1332 boe
279 1290 334 1346 pro
350 1272 462 1332 honore
474 1277 637 1347 martyrum
655 1272 776 1342 iaciunt,
793 1273 863 1346 quid
882 1272 950 1329 inde
1003 1270 1100 1328 oleant
1114 1273 1201 1342 atque
1215 1271 1353 1326 sordeant
1371 1270 1390 1324 ⁴.
1408 1269 1444 1324 ut
1466 1272 1533 1341 post
1555 1269 1616 1326 heo
1638 1271 1674 1328 de
1688 1271 1827 1331 barathro
1864 1297 1868 1302 ·

123 1361 245 1436 perdis?
258 1363 468 1422 causabantur
489 1361 638 1432 quondam
663 1364 693 1418 et
717 1359 853 1433 apostoli,
870 1361 949 1432 quod
1003 1360 1128 1432 pectoris
1142 1358 1188 1416 sni
1203 1374 1349 1416 coenosam
1365 1357 1538 1430 spurcitiam
1551 1372 1697 1430 eveniens,
1714 1365 1766 1420 aut
1780 1361 1825 1418 di·

123 1452 230 1525 perirst
244 1453 435 1524 unguentum
452 1449 524 1518 ;sed
539 1449 655 1508 Domini
666 1466 735 1507 voce
743 1450 867 1522 correpti
880 1453 950 1507 sunt
1004 1465 1067 1506 cere
1083 1466 1090 1506 ι
1110 1470 1124 1500 a
1139 1451 1213 1522 Ergo
1225 1448 1337 1504 cineres
1348 1463 1418 1504 suos
1428 1452 1527 1504 amant
1538 1448 1642 1506 anime
1650 1453 1825 1522 martyrum,

123 1541 226 1614 (meat.
244 1556 324 1604 xxvi,
350 1543 365 1594 8
390 1547 417 1596 et
437 1538 511 1594 liare
536 1556 595 1607 xiv,
606 1541 646 1608 8).
666 1539 766 1612 Neque
780 1539 858 1597 enim
869 1538 951 1594 Chri·
1003 1541 1032 1594 st
1046 1536 1258 1594 circumvolant
1272 1553 1331 1604 eos,
1354 1552 1526 1609 semperque
1547 1541 1705 1609 presentes
1730 1541 1824 1611 suaip

121 1633 181 1687 dns
195 1628 357 1704 indigebat
371 1634 532 1701 unguento,
547 1644 601 1686 neo
616 1633 760 1702 martyres
775 1627 889 1684 lamine
903 1643 949 1684 ce·
1003 1643 1040 1684 aa
1055 1627 1128 1682 forte
1143 1627 1167 1682 si
1183 1625 1316 1698 aliquie⁵
1337 1629 1471 1698 precator
1485 1626 1545 1697 [At.
1567 1631 1709 1699 peccator]
1736 1628 1825 1685 adve-

120 1734 238 1778 rsorum
255 1733 263 1774 ι
280 1722 313 1775 et
335 1722 436 1774 tamen
463 1715 514 1774 illa
542 1716 648 1776 mulier
676 1717 706 1774 in
736 1716 845 1774 bonore
871 1719 950 1774 m
1004 1715 1090 1785 nerit,
1107 1716 1244 1773 absentes
1258 1715 1360 1770 andire
1371 1731 1428 1771 non
1440 1713 1577 1787 possint?
1594 1737 1607 1766 o
1622 1715 1643 1772 0
1658 1721 1827 1789 portentum

120 1807 230 1866 Christi
247 1806 305 1863 hoc
321 1806 400 1870 iecit.
416 1803 590 1879 devotioque
605 1806 713 1864 mentis
724 1807 793 1878 ejus
812 1806 951 1879 recipitur
1005 1805 1138 1862 interrae
1153 1803 1274 1862 ultimas
1289 1804 1505 1876 deportandum
1523 1804 1529 1859 t
1546 1803 1635 1862 Rides
1648 1809 1679 1863 et
1693 1805 1826 1881 reliquiis

121 1896 356 1971 etquicunque
370 1896 535 1952 accendunt
549 1911 658 1964 cereos,
675 1897 839 1954 seeundum
862 1895 951 1954 fidem
1007 1896 1180 1966 martyrum,
1197 1898 1227 1950 et
1241 1909 1308 1949 cum
1325 1896 1441 1950 auctore
1456 1892 1547 1965 hujus
1569 1893 1714 1953 hereseos
1729 1901 1827 1954 buno·

121 1987 206 2044 susm
221 1985 335 2042 babent
349 1984 526 2054 mercedem,
541 1983 655 2041 dicente
666 1982 815 2057 apostolo:
825 2007 840 2037 a
852 1987 950 2042 Unus·
1006 1983 1076 2050 mio,
1093 1981 1231 2040 Ecclesiis
1246 1982 1353 2038 Christi
1368 1981 1546 2040 calumniam
1569 1985 1660 2042 struis
1676 2003 1683 2042 ι
1698 2001 1751 2044 neo
1775 1984 1828 2046 tali

124 2075 255 2148 quisque
267 2074 299 2129 in
312 2091 366 2131 suo
381 2090 471 2130 sensa
487 2073 617 2130 abundet
631 2074 716 2148 (lions.
729 2075 847 2147 x1v,5).»
859 2073 952 2131 Idolo·
1006 2071 1144 2128 societate
1159 2070 1287 2139 terreris,
1304 2075 1336 2127 ut
1346 2072 1447 2127 eadem
1475 2076 1576 2129 contra
1602 2090 1655 2132 aas
1683 2073 1829 2147 loquaris-

127 2161 224 2220 latres
239 2161 364 2235 appellas
379 2161 552 2232 hujusmodi
568 2161 725 2219 homines?
739 2163 802 2220 Non
814 2161 950 2232 diliiteor,
1006 2176 1070 2232 qua
1085 2159 1135 2218 ille
1149 2164 1249 2218 contra
1262 2159 1422 2216 Ecclesiam
1446 2160 1578 2233 loquitur
1591 2164 1604 2214 l
1618 2161 1726 2220 Omnes
1748 2164 1828 2240 enim

127 2257 232 2310 omnes
246 2267 300 2308 nos
312 2251 404 2323 quiin
416 2249 530 2307 Christo
550 2251 699 2308 oredimus
722 2253 757 2308 de
781 2251 950 2308 idololatria
1006 2253 1163 2306 sectatores
1176 2250 1240 2320 ejus
1254 2247 1391 2305 basilicas
1401 2248 1601 2321 apostolorum
1616 2255 1645 2308 et
1665 2256 1829 2326 martyrum

120 2339 361 2400 erroresenisse.
390 2339 454 2396 Non
485 2340 562 2396 enim
592 2340 753 2411 nascimur,
783 2341 835 2398 sed
866 2358 950 2399 rena·
1006 2336 1621 2410 noningrediuntur,utscilieetmortuum
1638 2340 1830 2398 adorentiiu·

118 2430 234 2488 scimur
258 2428 433 2486 Christiani.
458 2430 493 2485 st
517 2429 585 2502 quia
610 2429 759 2502 quondam
783 2429 951 2488 colebamus
1006 2425 1148 2495 namium,
1164 2426 1250 2497 cujas
1273 2425 1363 2483 libros
1384 2425 1504 2497 majoris
1539 2428 1722 2484 auctoritatis
1749 2428 1829 2486 arbi-

117 2519 206 2590 ldoln,
223 2534 310 2576 nune
324 2518 417 2575 Deam
435 2517 527 2576 colere
541 2535 600 2574 non
624 2519 777 2588 dehemus,
801 2536 838 2576 ne
861 2519 951 2576 simili
1005 2518 1131 2582 trantur‚
1147 2531 1235 2588 quam
1250 2513 1405 2588 Evangelia
1419 2532 1430 2578 ;
1446 2524 1473 2571 et
1487 2515 1594 2588 inipso
1618 2517 1742 2576 eredunt
1764 2535 1830 2578 esse

116 2625 183 2666 eam
196 2609 363 2666 videamur
376 2623 444 2663 curn
458 2605 545 2664 idolis
566 2606 676 2664 honore
699 2608 831 2665 venerari
847 2608 861 2665 i
875 2607 951 2665 illud
1006 2604 1105 2660 lamen
1122 2604 1277 2660 veritatis⁶
1293 2620 1300 2660 ι
1317 2604 1394 2661 sicut
1408 2603 1472 2660 alie
1493 2603 1618 2662 hareses
1646 2607 1828 2678 paracletum

115 2699 205 2756 tiebat
217 2695 325 2764 idolis,
349 2695 504 2752 etidcirco
529 2696 736 2752 detestandum
758 2701 823 2754 est:
842 2698 897 2754 boc
920 2698 953 2754 nt
1007 2693 1036 2749 in
1051 2697 1221 2750 Montanum
1236 2695 1351 2750 venisse
1371 2694 1559 2763 contendunt,
1586 2700 1614 2751 et
1635 2697 1829 2756 Manicheum

116 2786 320 2860 martyribus,
349 2782 457 2839 ideireo
492 2783 693 2855 recipiendum
731 2789 785 2840 est.
814 2783 886 2842 Nam
924 2789 953 2841 et
1006 2781 1299 2855 ipsumdieuatesse
1324 2782 1516 2856 paracletum.
1541 2784 1649 2841 Scribit
1672 2786 1829 2846 adversum

116 2875 232 2949 'absque
247 2877 420 2945 martyrum
435 2871 569 2945 reliquiis
583 2888 635 2944 por
657 2876 734 2929 totas
758 2872 885 2930 Orientis
899 2873 953 2930 hlo-
1007 2871 1142 2928 heresim
1157 2875 1249 2940 tuam,
1266 2889 1330 2944 qua
1342 2872 1412 2928 olim
1428 2871 1525 2946 erupit
1547 2874 1703 2930 adversum
1727 2875 1824 2933 biccia-

115 2963 234 3030 elesias,
251 2961 379 3036 quando
393 2961 549 3034 legendum
564 2965 609 3018 est
632 2961 834 3035 Evangelium,
851 2978 952 3019 aceen-
1007 2961 1083 3018 siam
1099 2965 1146 3033 (ne
1161 2965 1189 3017 et
1204 2961 1233 3016 in
1248 2960 1303 3016 hoo
1314 2959 1536 3034 quasirepertor
1548 2963 1614 3018 novi
1636 2963 1826 3038 scelerisgto·

115 3055 229 3111 duntur
244 3050 420 3119 luminaria,
432 3051 496 3123 jam
509 3049 569 3107 sole
591 3049 730 3107 rutilante
747 3067 754 3106 ι
771 3068 829 3106 ιιοιι
853 3051 953 3124 utique
1008 3049 1102 3122 cieris)
1122 3048 1319 3108 Tertullianus
1340 3051 1384 3106 vir
1407 3049 1626 3108 eruditissimus
1637 3037 1765 3127 ‘insigne
1778 3069 1830 3112 vo·

115 3143 152 3199 ad
168 3141 324 3216 lugendas
339 3138 487 3207 tenebras,
504 3137 554 3196 sed
571 3139 607 3196 ad
623 3138 742 3212 signnm
766 3139 873 3196 latitia
901 3140 952 3196 do·
1008 3137 1118 3208 lumen,
1135 3138 1212 3211 quod
1228 3137 1412 3210 scorpiacum
1427 3142 1510 3197 vocat
1521 3140 1685 3197 rectissimo
1701 3143 1830 3201 nomine:

115 3229 365 3289 monstrandum.
381 3227 464 3285 Unde
486 3231 515 3284 et
535 3226 663 3302 vlrgines
691 3227 748 3284 illie
777 3217 988 3303 evangelicae
1007 3229 1205 3302 quinarouato
1228 3227 1346 3284 vulnere
1371 3229 1401 3284 ia
1426 3227 1558 3286 Ecclesia
1585 3246 1692 3304 corpus
1715 3247 1828 3290 venena

115 3335 236 3393 semper
259 3317 377 3376 babent
407 3333 545 3376 acconam
573 3317 724 3390 lampades
750 3333 820 3376 suas
845 3318 950 3392 (dictita.
1006 3316 1152 3385 diilundit,
1165 3334 1228 3389 qua
1244 3317 1314 3374 olim
1329 3317 1530 3390 appellabatur
1540 3319 1629 3376 Caino
1638 3319 1759 3378 heresis
1775 3338 1782 3376 :
1799 3325 1829 3379 et

117 3425 190 3478 xxv,
204 3411 217 3466 t
232 3409 336 3481 seqq).
353 3407 388 3463 ut
403 3407 440 3464 ad
455 3405 603 3479 apostolos
617 3407 742 3464 dicitur:
759 3431 772 3460 «
783 3407 848 3464 Sint
858 3406 952 3465 lumbi
1006 3406 1098 3462 multo
1114 3409 1243 3478 tempore
1258 3406 1408 3464 dormiens
1422 3407 1467 3464 vel
1481 3406 1606 3481 sepulta,
1623 3426 1702 3466 nnnc
1725 3411 1830 3468 allor-

117 3497 210 3554 restri
224 3495 391 3570 precincti,
406 3499 436 3552 et
448 3494 574 3553 lucerna
597 3496 732 3553 ardentes
760 3495 788 3552 in
813 3497 951 3554 manibus
1007 3495 1142 3553 mitantio
1157 3495 1299 3552 suscitata
1312 3499 1366 3552 est.
1382 3496 1480 3564 Miror,
1496 3498 1574 3568 quod
1590 3514 1647 3554 non
1668 3498 1760 3566 dieas,
1777 3515 1829 3558 ne-

120 3584 237 3642 ssotris
251 3586 329 3654 (bac.
343 3601 395 3652 xri,
419 3585 476 3656 35).
504 3607 529 3650 a¹
543 3586 578 3641 Et
601 3585 636 3641 dc
658 3585 772 3642 ioanne
797 3586 950 3658 Baptista:
1006 3601 1155 3658 quaquam
1169 3585 1364 3658 perpetranda
1378 3584 1529 3658 martyria,
1555 3586 1648 3642 Deum
1671 3587 1750 3644 enim
1774 3587 1828 3661 qui

126 3695 143 3724 a
159 3671 216 3729 Ille
229 3677 293 3729 erat
306 3672 420 3730 lucerna
434 3673 540 3731 ardeam
555 3678 584 3730 et
597 3673 699 3730 lucens
715 3675 803 3748 (ioan.
819 3691 847 3744 v,
863 3675 909 3748 32)
919 3691 925 3730 :
937 3697 952 3726 n
1007 3673 1181 3746 sanguinem
1203 3673 1350 3730 hircorum
1378 3678 1591 3745 taurorumque
1621 3692 1678 3731 non
1705 3680 1829 3748 querat,

127 3765 166 3820 ut
180 3760 239 3818 suh
255 3765 321 3835 typo
333 3759 453 3820 laminis
468 3761 627 3836 corporalis
641 3761 693 3820 illa
707 3762 759 3822 lux
781 3765 954 3822 ostendatur
1007 3762 1100 3820 multo
1116 3762 1210 3835 magis
1224 3761 1378 3819 hominurn
1394 3778 1453 3817 non
1469 3761 1627 3833 requirere.
1651 3765 1733 3829 Quod
1758 3781 1827 3822 oum

121 3851 244 3926 deque
256 3849 287 3906 in
302 3849 441 3908 Psalterio
464 3850 606 3925 legimus:
622 3874 636 3904 a
668 3852 800 3910 Lucerna
829 3853 953 3925 pedibus
1008 3851 1125 3919 dixeris,
1141 3851 1232 3907 immo
1245 3853 1274 3907 et
1288 3850 1314 3907 si
1329 3867 1386 3906 non
1402 3850 1521 3920 dixeris,
1537 3849 1578 3906 ita
1604 3850 1723 3909 haberis
1741 3853 1828 3926 quasi

117 3939 202 4002 meis
216 3943 343 3998 verbnm
366 3944 462 4008 tuam,
491 3939 625 4010 Domine,
655 3945 683 3998 et
711 3939 811 4000 lumen
839 3941 954 4000 semitis
1009 3940 1125 3997 dixeris.
1138 3939 1192 4006 Qui
1207 3939 1285 3996 enim
1301 3937 1441 4012 reliquiae
1456 3945 1617 4013 martyrum
1633 3941 1741 3999 asseris
1766 3959 1832 4002 csse

116 4029 507 4102 meis(rict.cxnn,1ne).
1008 4029 1173 4097 calcandas,
1192 4027 1331 4101 prohibes
1356 4029 1532 4101 sanguinem
1558 4029 1653 4099 lundi,
1677 4031 1728 4103 qai
1748 4032 1831 4092 nullo

151 4120 180 4176 8.
198 4120 343 4176 benensis
366 4120 507 4192 episcopos
528 4133 610 4188 saper
632 4133 746 4192 corpora
770 4123 954 4192 apostoloram
1008 4121 1119 4176 bonore
1132 4116 1239 4190 dignus
1255 4121 1309 4173 est.

111 4209 204 4281 offert
214 4208 371 4278 sacrifiea.
391 4208 533 4279 Vipitantit
544 4208 630 4265 statio
649 4209 786 4266 sententia
810 4211 853 4266 rat
877 4211 950 4283 ehje·
1041 4208 1069 4266 9.
1086 4207 1196 4279 vicilia
1209 4215 1235 4263 ct
1248 4209 1463 4278 pernoctationes
1477 4209 1509 4263 in
1523 4208 1655 4264 basilicis.
1669 4210 1829 4267 Paucorum

112 4299 185 4365 ctio,
215 4298 381 4355 Ειιιιοιιιίιιι
407 4299 502 4356 accim
529 4296 663 4355 hermas
684 4301 780 4354 contro
806 4299 951 4373 reliquias.
1006 4299 1088 4370 calpa
1102 4313 1158 4354 non
1170 4295 1333 4368 praeiudicat
1347 4297 1487 4366 calipteni.
1518 4296 1598 4370 Quod
1625 4298 1707 4354 sanet
1733 4300 1831 4369 {ecum

112 4385 284 4444 licam.
301 4385 470 4442 tertulliani
492 4385 653 4458 Scorpianus
675 4386 754 4444 tiber.
782 4386 870 4445 Caino
893 4395 954 4447 ttae·
1008 4388 1109 4444 bonam
1120 4395 1169 4455 cst,
1184 4402 1239 4443 noa
1252 4389 1338 4460 potest
1352 4401 1410 4442 csse
1422 4387 1528 4444 mutarn
1541 4387 1567 4442 ei
1585 4389 1743 4459 frequenter
1766 4387 1830 4459 fiat.

110 4477 192 4536 mab
206 4477 378 4532 instaurato.
398 4504 433 4516 —-
448 4473 522 4532 Male
537 4475 606 4532 lacit
624 4491 693 4548 ergo
715 4479 866 4533 Romanus
890 4478 953 4551 epi·
1009 4507 1042 4519 -
1057 4476 1098 4533 De
1112 4474 1220 4550 vigiliis
1230 4479 1258 4532 et
1275 4475 1543 4548 pernoctationibus
1558 4476 1588 4533 in
1602 4476 1731 4534 basilicis
1744 4494 1825 4536 mar-

112 4581 248 4640 soopus,
260 4563 315 4636 qui
332 4578 422 4636 super
444 4567 628 4622 mortuorum
658 4563 813 4621 bominum
843 4565 954 4624 Petriet
969 4588 993 4655 D
1006 4568 1105 4640 tyrum
1119 4581 1195 4639 sape
1207 4563 1401 4635 celebrandis,
1415 4564 1444 4638 ip
1461 4565 1552 4624 altera
1577 4561 1717 4639 Epistola,
1736 4585 1826 4642 quam

108 4652 402 4724 resumendum
418 4667 472 4709 nos
486 4668 555 4710 ossa
569 4653 734 4711 venerenda
747 4654 768 4722 ¹,
789 4655 953 4712 secundnm
1009 4659 1075 4710 ante
1090 4653 1145 4710 hoc
1159 4654 1251 4710 iarms
1269 4653 1422 4710 biennium
1444 4659 1546 4712 sancto
1572 4655 1691 4730 Ripario
1711 4658 1832 4730 presby-

146 4815 158 4848 ²
177 4812 297 4868 Boron.
315 4828 373 4868 ms.
390 4813 432 4868 Ns
444 4816 534 4869 tecam
545 4812 726 4882 donatamas,
742 4814 855 4886 absque
878 4818 953 4874 caeci.
1008 4813 1144 4871 sordeant.
1158 4813 1277 4870 omissis
1292 4831 1357 4886 qua
1371 4815 1594 4889 interseruntur,
1611 4819 1694 4886 jacta
1722 4820 1748 4871 te
1775 4817 1832 4873 tm·

150 4881 340 4955 ’Propriam
355 4884 523 4940 reverentie
548 4889 717 4942 sanctorum
745 4885 878 4959 reliquiis
902 4889 955 4944 ds·
1008 4885 1113 4942 mando
1138 4886 1438 4958 omn-iootcont,otqae
1461 4904 1525 4959 qua
1548 4887 1696 4943 Victorius
1737 4903 1833 4962 noque

105 4957 189 5014 bites
205 4959 255 5011 cst
276 4955 460 5010 amantionis
486 4955 672 5012 vocabulum.
698 4959 726 5011 S.
750 4956 879 5014 llilarius
902 4957 953 5015 lib.
1010 4959 1039 5014 in
1056 4955 1185 5029 antiquis
1201 4956 1416 5028 exemplaribus
1432 4975 1489 5014 non
1505 4903 1832 5028 naberiannnaivcrtin

103 5026 445 5096 macenniacum,
471 5042 554 5083 num.
580 5031 607 5095 8,
633 5027 777 5084 matorum
801 5036 956 5102 martyram
1010 5034 1039 5086 et
1049 5028 1122 5085 iorte
1137 5028 1230 5084 satius
1245 5035 1307 5084 erat
1320 5044 1496 5101 expungere.

102 5097 289 5160 maudo
304 5111 367 5154 osso
380 5101 474 5154 vorat.
490 5097 633 5155 Eusebius
646 5097 826 5166 Gallicanus,
843 5099 904 5156 sira
924 5105 957 5156 ut
1045 5132 1080 5142 -
1095 5100 1163 5156 Cam
1178 5101 1251 5156 intas
1265 5099 1417 5164 immundo,
1434 5099 1535 5156 Plures
1549 5101 1765 5160 mss.omittnnt
1777 5103 1833 5161 hoo

101 5173 255 5236 ridetur,
271 5167 435 5226 Eucherius
449 5168 552 5226 homil.
569 5170 604 5227 de
620 5174 721 5226 sancta
736 5169 889 5239 blandina,
913 5188 957 5228 vc·
1010 5172 1073 5229 loco
1086 5170 1227 5228 nonnulla
1242 5171 1339 5237 verba,
1356 5169 1484 5242 legantes
1498 5174 1568 5228 Corn
1593 5175 1669 5229 intus
1691 5175 1833 5233 immundo

102 5241 372 5302 mundeburdio
405 5242 509 5297 cinea
535 5241 572 5298 ab
600 5240 700 5314 impiis
727 5241 843 5298 redacta
866 5241 955 5300 dolet.
1010 5245 1101 5300 cincre
1113 5241 1252 5307 sordeant,
1275 5241 1473 5298 cluniacensis
1503 5243 1592 5299 codex
1619 5245 1729 5302 variam
1759 5247 1835 5306 hanc

103 5319 209 5381 Tum,
231 5335 249 5364 a
268 5309 321 5368 Ubi
337 5316 420 5380 sunt,
435 5311 533 5384 inquit
570 5311 597 5368 oi
613 5312 725 5385 dicunt,
741 5313 956 5372 venerationem
1012 5315 1118 5372 retinet
1130 5313 1283 5370 lectionem
1301 5313 1355 5368 :Et
1368 5314 1444 5368 intas
1463 5315 1602 5371 immundi
1628 5319 1732 5375 cineres
1756 5321 1835 5387 iacta

102 5387 216 5446 nais
232 5387 316 5441 mart
337 5397 417 5465 rum·
431 5400 489 5442 non
519 5329 706 5466 deiercndam
736 5401 800 5442 esse
826 5387 955 5458 corpori·
1010 5385 1295 5442 teimmoadcomnin
1308 5385 1472 5456 polluantct
1486 5387 1621 5444 sordeant.
1638 5381 1785 5448 linarias.

102 5461 182 5528 pua,
206 5479 227 5508 n
245 5458 304 5512 eto.
316 5398 374 5536 {ro
388 5455 480 5521 miens,
496 5454 546 5512 alii
561 5454 613 5510 lib.
630 5458 729 5540 etms,
746 5456 817 5541 Bon5
832 5457 896 5514 vite.
1046 5457 1142 5513 ‘Alibi
1157 5459 1186 5512 st
1198 5455 1227 5511 ia
1240 5472 1313 5519 mss,
1328 5455 1360 5511 Si
1374 5456 1476 5530 aliquis
1487 5464 1622 5530 peccator.

145 5523 376 5588 ’vernabat
392 5541 459 5584 oum
475 5527 586 5584 Bonan.
602 5541 657 5582 ms.
687 5527 849 5585 linteamina
876 5530 956 5586 cotti·
1045 5528 1134 5610 ‘tino
1147 5543 1220 5584 mss.
1231 5541 1288 5612 csse
1301 5528 1410 5612 eleimon
1424 5531 1573 5587 veritatis:
1607 5531 1674 5591 aulo
1689 5538 1754 5605 Post
1778 5533 1833 5589 llo·

101 5607 241 5733 „fabe
264 5683 303 5728 uo
325 5671 383 5724 Bon
424 5667 451 5724 ie
614 5670 716 5728 'm'
791 5671 844 5730 ndo
887 5673 892 5686 ι
1012 5615 1144 5730 ιοιιιιῖ.
1177 5599 1454 5732 ἱοῑιιιᾶιιιιεσῶιιιιφιι·
1484 5617 1545 5662 com
1615 5607 1754 5678 ammaum
1788 5620 1836 5662 cos

241 5685 264 5728 n
386 5684 422 5725 on
454 5685 498 5726 ns.
526 5685 582 5727 ms.
607 5687 637 5726 sn
704 5685 789 5730 emma
865 5687 959 5734 cinere
1009 5685 1168 5748 canace„
1206 5687 1245 5731 aa
1285 5687 1316 5734 re
1365 5715 1373 5732 .

299 5793 435 5864 Parnon.
457 5793 570 5866 xxtu.
1553 5765 1557 5780 ⁵
1638 5802 1677 5872 ti
