4056 6156
209 233 250 301 te
835 240 868 306 δ’.
890 237 1055 320 uusubtt
1068 241 1290 308 lllliltONYlll
1384 258 1388 266 ’
1870 241 1905 306 ll

208 374 322 446 gereret
335 371 365 427 iu
380 370 531 442 schedula,
547 371 625 446 epud
641 389 714 446 quos
743 389 872 444 munere,
897 393 972 449 quos
1000 377 1030 434 in
1047 379 1075 446 Α
1090 391 1187 446 senex,
1205 393 1236 433 se
1252 379 1388 451 putorem
1403 376 1468 449 eJus
1483 375 1558 433 lerrc
1573 387 1632 432 uon
1648 387 1744 448 posse,
1765 371 1904 446 simulque

207 459 334 518 transitu
349 459 467 518 visitere
482 461 610 532 deberet,
627 463 752 520 seientes
767 465 902 521 monachi
928 483 1031 540 quem·
1090 467 1168 523 unde
1182 470 1261 524 esset
1275 467 1396 542 rogavit.
1414 464 1618 539 Respondente
1634 465 1732 520 eutem
1757 461 1913 536 Hesycbio,·

208 548 276 606 dem
291 549 481 608 delretribus
503 551 675 624 parciorem,
703 551 850 627 simulque
880 556 1033 628 cupientes
1089 556 1167 628 quod
1182 555 1406 628 fraterquidem
1422 552 1569 627 primitias
1589 551 1675 626 agelli
1699 551 1746 608 sui
1775 551 1905 608 frutribus

207 637 278 696 vilio
294 639 358 710 ejus
373 639 493 710 mederi,
510 641 651 716 rogabant
669 646 701 698 ut
725 643 803 715 epud
833 660 902 700 eum
931 661 1031 701 mene·
1089 642 1252 702 detulisset.
1269 644 1331 700 Non
1347 643 1449 710 sentis,
1466 639 1904 715 inquit‚putoremteterrimum,

208 725 374 784 ret.lltille
393 728 501 797 :Quid
530 728 638 804 inquit,
668 729 758 787 vultis
786 736 814 788 el
841 733 924 790 vobis
953 732 1034 806 inJu·
1090 737 1119 789 et
1133 733 1163 789 in
1178 733 1271 790 cicere
1283 732 1381 790 laetere
1395 731 1573 789 everitlem‘l
1600 729 1682 786 Mitte
1709 729 1818 798 bubus,
1846 728 1905 784 mit·

208 815 294 885 riam,
309 819 337 873 et
353 816 435 873 lretri
448 818 630 875 vexationem
646 819 760 877 tacerel
777 820 858 885 Quod
875 825 1033 895 postquem
1090 826 1118 879 te
1132 822 1228 879 brutis
1243 821 1432 889 animalibus,
1447 826 1476 878 et
1490 821 1556 877 vide
1575 836 1613 877 ao
1638 818 1803 876 comedent.
1832 817 1905 883 Quod

209 904 299 962 freter
317 904 366 962 ille
394 923 500 980 percus
530 907 651 976 audivit,
675 908 812 978 erubuit;
842 912 872 967 et
897 911 1033 968 anniten-
1090 927 1158 968 cum
1173 910 1223 969 ille
1233 912 1318 983 juxte
1332 916 1509 984 preceptum
1521 909 1552 965 in
1562 923 1692 982 presepe
1706 907 1907 981 posuissetex·

209 993 290 1051 tibus
300 995 424 1064 cunctis,
441 995 487 1052 vix
503 997 539 1053 eb
559 996 650 1053 invito
680 997 855 1070 impetravit,
885 1003 918 1055 ut
946 1017 1034 1057 suurn
1091 1000 1185 1057 territi
1200 1001 1288 1058 boves
1302 1003 1331 1057 et
1345 1000 1412 1072 plus
1427 998 1513 1058 solito
1529 997 1704 1071 mugientes,
1735 996 1829 1070 ruptis
1850 995 1905 1052 viu·

212 1085 548 1156 quoquomonasterlum
565 1086 595 1142 in
607 1086 795 1143 mansionum
809 1088 940 1144 ordinem
950 1105 1038 1161 pone·
1091 1089 1166 1146 culis
1178 1089 1208 1146 in
1223 1089 1338 1147 diverse
1352 1089 1499 1163 sugerunt.
1511 1085 1728 1144 Hebebetenim
1742 1100 1831 1142 senex
1839 1085 1906 1141 hauc

210 1175 265 1229 ret.
282 1171 350 1229 Post
361 1173 439 1230 diem
455 1188 524 1246 ergo
548 1173 695 1232 decimum
720 1179 862 1232 venerunt
890 1178 926 1234 ed
956 1193 1037 1246 eum,
1092 1178 1227 1252 gretiam,
1243 1181 1277 1234 ut
1290 1193 1325 1234 ex
1340 1176 1429 1234 odore
1442 1192 1599 1250 corporum
1614 1174 1810 1248 vestiumque,
1824 1177 1853 1230 et
1864 1189 1906 1231 ee·

211 1261 485 1333 custodibusjumin
495 1263 621 1332 vinee‚¹,
637 1265 836 1336 quevenirent
845 1265 898 1334 illi,
908 1266 1036 1338 disposi-
1093 1285 1159 1324 rum
1172 1283 1269 1323 rerum
1285 1282 1359 1340 ques
1374 1267 1442 1339 quis
1456 1265 1601 1339 tetigerat,
1612 1264 1702 1322 sciret
1715 1263 1761 1320 oui
1778 1261 1907 1333 demoni,

212 1348 315 1420 tie,qui
331 1365 399 1406 eum
418 1349 566 1424 lapidibus
581 1356 609 1408 et
623 1352 775 1426 glebarum
790 1355 1039 1428 jectu,lundaeque
1093 1355 1137 1412 vel
1149 1355 1194 1412 cui
1211 1355 1279 1413 vitio
1290 1356 1464 1427 subJ'eooret.

211 1437 354 1512 vertigine
392 1440 563 1497 accedentes
587 1441 778 1510 deterrerent,
808 1443 871 1500 sine
899 1461 951 1501 esu
977 1461 1038 1501 uve
1127 1447 1172 1500 29.
1190 1444 1485 1500 Turturumintmicus
1499 1441 1628 1498 erntllil.
1650 1471 1684 1481 -
1712 1440 1803 1514 lgitur
1830 1455 1907 1496 seae-

212 1542 410 1584 meneomncs
425 1529 545 1602 proiecti
560 1535 638 1598 sunt,
656 1529 770 1589 ridente
788 1547 869 1602 sene,
896 1538 924 1590 et
954 1533 1039 1590 dissi·
1093 1533 1204 1608 gesimo
1216 1533 1301 1589 tertio
1314 1532 1380 1588 vites
1394 1547 1472 1588 enno
1487 1546 1610 1588 cerneus
1630 1528 1740 1602 grende
1768 1531 1908 1586 monaste·

212 1614 343 1672 mulunte
359 1616 432 1673 scire
443 1618 521 1690 quod
537 1623 681 1676 evenerat.
718 1636 720 1640 ’
1093 1623 1182 1691 rium,
1194 1620 1447 1678 etmultitudlnem
1458 1620 1583 1676 fratrum
1594 1618 1909 1685 seeumbebitantium;

245 1704 456 1762 27.lloneclrut
475 1707 568 1778 terpus
597 1707 693 1765 Setos.
727 1741 760 1752 -
789 1713 878 1767 Porro
907 1711 1037 1786 suscepti
1055 1712 1254 1811 Bturbesque
1269 1709 1381 1766 eorumi
1397 1709 1448 1782 qui
1462 1707 1585 1766 diversis
1600 1706 1802 1780 languoribus,
1817 1710 1847 1762 et
1858 1705 1905 1762 im·

213 1792 248 1849 ab
260 1791 316 1850 elic
332 1795 486 1862 monacho,
503 1795 550 1851 oui
565 1796 657 1853 Sebes
671 1797 846 1856 vocobulum
875 1803 920 1855 est
939 1799 1039 1870 (debe-
1093 1800 1212 1856 mundis
1223 1799 1374 1871 spiritibus
1385 1802 1542 1871 occupatos
1558 1798 1594 1854 ad
1611 1812 1642 1853 se
1657 1795 1849 1863 deducebant,
1871 1794 1910 1850 ite

213 1896 280 1938 mus
295 1882 403 1956 quippe
418 1884 497 1957 perci
509 1890 603 1941 tacere
613 1886 797 1954 vocabulum,
822 1886 896 1962 lergl
912 1889 1037 1959 dicere);
1093 1893 1126 1946 ut
1141 1889 1221 1946 omni
1231 1904 1336 1961 genere
1350 1877 1505 1945 bominum
1521 1886 1648 1944 solitudo
1665 1901 1716 1958 per
1730 1883 1910 1940 circumitum

213 1971 283 2043 quie
296 1971 822 2042 Dominiouseratdies‚invitebentur
833 1977 911 2032 obeo
921 1977 1038 2034 univer·
1094 1979 1264 2051 repleretur,
1280 1977 1368 2034 llebet
1384 1975 1526 2050 quotidie,
1542 1979 1571 2032 et
1584 1974 1750 2032 incredibili
1765 1975 1815 2033 20
1839 1973 1911 2029 desi·

215 2060 239 2117 sl
251 2059 532 2136 invideam,utante
543 2061 646 2120 boram
657 2063 714 2119 cibi
726 2081 849 2121 uvarum
862 2070 947 2137 pestu
960 2065 1039 2123 lebo-
1093 2067 1173 2124 derio
1188 2065 1416 2124 conversationis
1431 2065 1558 2138 entique
1581 2063 1799 2121 reeordebetur.
1825 2063 1910 2119 luter·

214 2163 277 2206 rem
291 2149 342 2206 vie
354 2149 589 2208 sublevarentllt
599 2156 733 2210 sanetus:
747 2154 1038 2229 Maledictus,eit,qui
1092 2160 1212 2230 rogetus
1227 2154 1396 2212 sirenibus
1412 2153 1481 2228 quid
1505 2153 1635 2218 baberet,
1661 2169 1714 2209 our
1741 2167 1773 2208 se
1796 2151 1912 2208 contice-

214 2238 296 2312 prius
311 2239 496 2296 retentionem
513 2241 642 2312 corporis
657 2242 863 2314 quamanimae
880 2245 1037 2317 quesierit.
1093 2250 1137 2302 ret
1165 2245 1221 2302 eit:
1252 2245 1380 2302 Rursum
1409 2244 1445 2300 ed
1479 2242 1621 2301 seculum
1650 2241 1733 2308 redii,
1762 2244 1792 2298 et
1819 2240 1909 2313 recepi

214 2325 349 2396 Oremus,
365 2327 537 2401 psallemus,
552 2329 710 2387 reddemus
723 2331 846 2386 Domino
860 2333 1039 2402 olfioium,et
1094 2335 1256 2391 mercedem
1273 2349 1367 2389 meam
1383 2332 1414 2389 in
1429 2332 1488 2387 vite
1497 2347 1572 2388 mee.
1593 2331 1636 2386 En
1664 2329 1798 2386 homines
1825 2327 1913 2385 Pele-

214 2415 258 2473 sle
272 2415 308 2472 ed
324 2416 374 2474 28
389 2415 503 2474 vineam
519 2417 741 2490 properabimus
761 2420 816 2490 [At.
833 2421 1038 2494 properabitis]
1093 2424 1171 2494 tineo,
1187 2422 1325 2480 etvioinae
1341 2421 1496 2494 provincie
1520 2420 1689 2476 existiment
1716 2434 1763 2475 me
1791 2418 1914 2490 alicujus

215 2503 364 2579 Completo
374 2503 473 2578 itequs
487 2506 660 2576 ministerio,
678 2507 707 2564 in
723 2507 843 2564 sublimi
858 2514 940 2566 stans
951 2511 1039 2568 bene·
1094 2529 1158 2570 esse
1169 2511 1329 2579 momenti;
1346 2515 1375 2567 et
1390 2526 1443 2583 ego
1459 2511 1514 2567 sub
1529 2512 1670 2582 praetextu
1686 2506 1854 2564 monosterii
1879 2507 1913 2564 ed

215 2593 288 2649 dixit
302 2595 402 2664 vinee,
418 2599 447 2650 et
461 2612 531 2652 sues
547 2596 583 2652 ad
610 2598 790 2670 pascendum
818 2597 932 2656 dimisit
958 2616 1037 2656 oves.
1093 2599 1341 2673 dispensationem
1356 2600 1490 2664 lretrum,
1505 2598 1592 2655 vilem
1614 2601 1702 2666 [Fert.
1729 2595 1842 2668 utilem]
1866 2613 1913 2654 su·

216 2682 306 2738 lirant
319 2686 418 2739 autem
432 2683 482 2755 qui
498 2685 702 2754 vescebantur,
728 2703 787 2743 non
816 2688 915 2743 minus
943 2689 1039 2745 tribus
1094 2688 1579 2764 pellectilemhabeo.Servebatur
1597 2693 1697 2744 nutem
1727 2686 1914 2751 elretribus,

216 2768 358 2827 millibus.
374 2769 507 2842 Cumque
521 2776 637 2828 centum
652 2771 765 2846 legeris
780 2775 924 2831 estimula
935 2775 1041 2833 luisset
1095 2778 1221 2835 maxime
1236 2779 1273 2834 ab
1290 2777 1431 2851 Hesychio
1447 2776 1496 2850 qui
1513 2776 1588 2834 miro
1612 2791 1712 2833 emere
1740 2773 1915 2832 venerationi

216 2857 330 2931 integra
344 2857 440 2914 edhue
469 2857 561 2928 vinee,
588 2865 654 2933 post
680 2861 742 2918 dies
765 2862 868 2936 viginti
891 2867 1039 2922 trecentas
1095 2867 1174 2924 senis
1189 2866 1305 2924 deditus
1320 2872 1393 2923 eret.
1409 2865 1541 2938 Cumque
1555 2865 1597 2921 ite
1610 2864 1729 2921 vixisset
1743 2864 1794 2932 [Al.
1817 2863 1915 2919 duris·

216 2946 295 3004 lecit.
310 2946 398 3002 Porro
413 2946 462 3004 ille
477 2963 583 3020 percus
599 2951 688 3006 l'reter
706 2950 798 3007 multo
826 2951 925 3010 minus
953 2953 1040 3011 solite
1096 2957 1149 3028 set]
1164 2955 1267 3030 lugens
1283 2955 1446 3022 biennium,
1460 2954 1632 3012 Aristonete
1651 2953 1729 3023 illei,
1756 2955 1841 3026 cujus
1870 2969 1917 3010 su·

217 3034 367 3109 colligens,
384 3035 472 3094 etiem
487 3037 515 3093 id
531 3038 608 3111 quod
625 3039 769 3097 hebueret
783 3053 900 3098 versum
916 3042 945 3098 in
973 3059 1040 3100 ace·
1098 3062 1150 3118 pre
1163 3045 1286 3102 lecimus
1300 3043 1490 3110 mentionem,
1516 3042 1641 3116 prefecti
1661 3047 1730 3099 tune
1755 3058 1837 3110 uxor,
1866 3041 1917 3098 sed

217 3127 356 3182 tumsero
371 3125 473 3181 doluit.
493 3127 549 3184 lloc
564 3127 666 3184 multis
689 3129 828 3186 tratribus
857 3147 946 3187 sonex
974 3111 1078 3188 intell
1098 3132 1171 3189 nibil
1186 3135 1222 3190 de
1236 3133 1362 3208 preteeti
1382 3132 1495 3189 embitu
1521 3132 1645 3201 hebens,
1669 3131 1748 3188 venit
1776 3131 1812 3188 ed
1838 3147 1916 3197 enm,

218 3213 351 3270 luturum
366 3214 546 3286 predixerat.
563 3216 766 3275 Delestebetur
785 3223 883 3276 eutem
899 3221 1043 3294 precipue
1097 3222 1197 3279 volens
1212 3222 1299 3279 etiem
1315 3221 1352 3278 ed
1367 3221 1529 3278 Antonium
1545 3236 1673 3294 pergere.
1689 3219 1740 3276 Cui
1752 3219 1802 3276 ille
1828 3219 1917 3276 lleus:

218 3301 388 3372 monachos,
403 3303 455 3377 qui
468 3303 640 3362 infidelitate
655 3308 784 3378 quadem
798 3307 828 3364 io
845 3309 977 3366 futurum
996 3327 1040 3366 re-
1098 3311 1216 3381 Vellem,
1233 3311 1282 3376 eit,
1299 3311 1362 3384 ipse
1377 3325 1494 3383 quoque
1509 3309 1562 3378 ire,
1577 3308 1602 3366 si
1615 3326 1673 3366 non
1695 3325 1809 3366 carcere
1829 3308 1920 3380 hujus

219 3397 369 3449 servarent
385 3409 448 3458 sua,
465 3398 493 3450 et
508 3393 689 3468 diligentiam
710 3397 861 3464 heberent,
889 3398 933 3454 vel
963 3415 1043 3456 eum·
1099 3391 1267 3458 monaiterii
1282 3399 1400 3456 cleusus
1410 3403 1534 3466 tenerer,
1547 3398 1607 3455 etsi
1616 3399 1919 3455 eundilruotusesset.

220 3485 336 3556 ptuum,
353 3481 396 3539 vel
415 3483 551 3552 vestitus,
581 3488 632 3540 aut
659 3485 784 3558 alicujus
812 3503 913 3544 eorum
943 3505 1042 3545 rerum
1098 3488 1329 3546 ltiduumlenim
1345 3487 1431 3546 hodie
1444 3492 1498 3556 est,
1514 3488 1593 3562 quod
1611 3492 1691 3544 totus
1715 3487 1845 3544 mundus
1867 3486 1921 3543 tall

220 3587 285 3644 quse
297 3587 364 3628 eum
379 3571 484 3629 seculo
499 3575 663 3630 trenseuut.
1096 3581 1216 3652 parente
1231 3578 1351 3634 orbatus
1367 3581 1422 3636 est.
1437 3577 1565 3635 Credidit
1577 3575 1629 3634 ille
1656 3581 1685 3633 et
1709 3575 1853 3636 substitit.
1888 3576 1923 3631 llt

253 3662 299 3718 28.
320 3662 416 3718 Frater
429 3663 514 3718 nimis
529 3667 635 3720 cuum.
665 3697 698 3708 -
725 3666 857 3740 Denique
886 3684 978 3724 unum
1007 3669 1043 3727 de
1097 3673 1163 3742 post
1178 3683 1288 3739 peuces
1304 3667 1366 3725 dies
1381 3667 1514 3726 veniente
1528 3666 1642 3736 nuntio,
1669 3665 1785 3722 Antonii
1812 3664 1924 3722 dormi-

218 3749 358 3807 t'retribus
373 3750 403 3808 in
419 3751 523 3825 quinto
541 3752 631 3809 leree
655 3770 686 3810 se
710 3754 847 3812 milliario
862 3760 1041 3828 manentem,
1096 3757 1205 3814 tionem
1222 3756 1341 3814 audivit.

220 3838 290 3911 quia
303 3841 500 3912 comperiebat
513 3841 622 3898 hortuli
639 3843 684 3900 sui
703 3844 792 3901 nimis
818 3850 937 3902 cautum
966 3847 1043 3904 limi·
1132 3848 1176 3902 30.
1206 3847 1377 3919 Contemptus
1404 3846 1502 3918 ploriae
1527 3843 1676 3900 mirabitis.
1704 3843 1869 3900 Druumtiue
1897 3852 1926 3901 et

220 3927 350 4001 dumque
366 3930 570 3999 custodem,et
582 3931 744 4004 pauxillum
771 3933 877 3992 bebere
907 3953 1042 3994 nummo·
1098 3935 1493 4008 Philoepieccpieeeutes.-
1514 3932 1656 3988 Mirentur
1683 3929 1732 3987 elii
1760 3930 1927 4004 signaque

219 4033 297 4086 rum,
317 4018 354 4075 eb
368 4017 462 4075 oculis
477 4020 622 4094 abegerat.
640 4022 694 4086 Oui
709 4023 807 4080 volens
831 4025 887 4080 sibi
914 4028 1042 4083 reconei·
1098 4025 1204 4082 leniti:
1222 4023 1366 4080 mirentur
1381 4020 1580 4079 incredibilem
1592 4019 1812 4084 abstinentium,
1829 4019 1930 4076 scien·

219 4103 285 4162 lieri
314 4123 424 4173 senem,
451 4107 618 4182 frequenter
651 4112 784 4170 veniebat
805 4113 841 4170 ed
870 4115 985 4182 fratres,
1015 4120 1044 4173 et
1097 4114 1179 4182 tiam,
1197 4111 1404 4169 humilitatem.
1421 4106 1931 4186 llgouibilitestupeo,quemglo-

219 4195 345 4254 menime
360 4198 397 4254 ed
413 4198 588 4272 Hesychium
604 4203 626 4270 ²,
642 4220 699 4276 quo
714 4202 763 4260 ille
786 4203 1043 4263 vehementissime
1097 4203 1171 4260 riem
1183 4202 1266 4258 illum
1284 4206 1313 4258 et
1327 4202 1469 4259 honorem
1484 4197 1596 4256 calcare
1619 4196 1757 4271 potuisse.
1788 4195 1925 4252 Conour-

219 4284 1043 4364 delectebelur.Quademigiturdiecicerislescemviren-
1098 4293 1201 4349 rebant
1212 4291 1350 4365 episcopi,
1366 4289 1538 4364 presbyteri,
1568 4287 1741 4344 elericorum
1765 4289 1794 4342 et
1821 4301 1931 4341 mone·

219 4374 267 4444 tis,
283 4375 361 4430 siout
375 4375 405 4430 in
421 4376 520 4434 herbis
535 4382 595 4434 erat
611 4379 724 4435 detulit.
739 4381 830 4446 Quem
855 4399 923 4438 eum
952 4383 1042 4458 Hosy·
1097 4381 1219 4438 eborum
1235 4397 1349 4455 greges,
1365 4382 1564 4438 matronarum
1575 4377 1596 4444 ⁸,
1613 4392 1730 4451 quoque
1744 4374 1931 4432 Christiane·

219 4462 304 4519 chius
318 4463 465 4535 posuisset
480 4465 509 4520 in
523 4469 671 4524 menseed
686 4483 852 4542 vesperum,
873 4471 1081 4555 exclanravitss
1097 4487 1163 4528 rum
1178 4471 1310 4545 (grandis
1325 4469 1457 4541 tentatio)
1481 4473 1510 4524 et
1537 4466 1605 4523 binc
1622 4467 1688 4522 inde
1704 4481 1737 4521 ex
1752 4463 1880 4520 urbibus
1898 4467 1932 4520 et

219 4647 307 4705 oopus
321 4631 351 4688 in
366 4635 477 4715 synodo
489 4635 639 4695 Toletano
666 4639 851 4708 constitutos,
877 4643 927 4700 ubi
955 4651 1044 4718 neget
1132 4643 1144 4678 ⁸
1158 4641 1234 4698 uuiti
1250 4643 1412 4709 Arietcneto,
1426 4641 1503 4714 quod
1518 4656 1609 4714 eupre
1623 4639 1757 4694 notetum
1772 4638 1827 4694 est.
1856 4633 1932 4690 Mox

219 4704 255 4760 ed
270 4702 501 4762 ecclesiasticum
515 4709 648 4765 ordinem
676 4710 773 4767 venire
802 4729 888 4784 posse
915 4732 965 4772 eos
994 4720 1044 4789 qui
1097 4715 1155 4770 duo
1171 4713 1550 4786 meslebrtuproomtitu.
1659 4778 1691 4790 Η
1902 4775 1908 4786 ,

215 4783 277 4848 poet
291 4776 458 4850 baptismum
473 4780 513 4834 oct
527 4785 649 4837 coronate
662 4783 778 4848 suerint,
792 4785 836 4840 oct
861 4787 1043 4844 secerdotium
1131 4787 1143 4820 ⁸
1157 4785 1236 4840 Hanc
1251 4785 1287 4840 de
1300 4785 1395 4866 Magni
1406 4785 1523 4840 Antonii
1533 4787 1625 4838 morte
1640 4793 1781 4862 visionem
1793 4791 1863 4860 cum
1875 4775 1930 4858 h.¹⁵

219 4847 289 4919 quod
303 4849 406 4906 dicitur
424 4852 617 4909 sustinuerint.
643 4851 676 4908 Et
702 4852 810 4910 clarius
838 4859 915 4929 apud
942 4859 1043 4915 Firmi·
1097 4857 1205 4923 conler,
1217 4873 1281 4928 quae
1292 4853 1536 4927 subinsequeutls
1547 4869 1661 4909 numeri
1674 4851 1761 4932 finem
1772 4849 1928 4904 edisserit.

219 4933 286 4974 oum
303 4919 372 4978 llet.
400 4939 406 4978 :
425 4945 439 4973 n
456 4923 547 4979 Erunt
562 4928 671 4992 eutem,
688 4929 739 4980 aut
754 4930 894 4996 coronati,
916 4934 966 4985 eut
990 4931 1041 4987 Se·
1131 4927 1226 4984 ‘Mes
1245 4943 1347 4984 omues
1364 4927 1485 4990 addunt,
1501 4927 1683 4997 esperone:
1709 4919 1814 4977 demd0
1843 4935 1932 4974 unus

219 4989 387 5049 cerdolibus
402 4995 549 5067 prepositi
576 5000 628 5052 eut
650 5013 801 5054 sacrorum
829 5000 919 5071 beJ'ull
949 5001 1041 5058 eimu-
1096 5001 1304 5066 leumanitutens,
1321 5015 1373 5070 pro
1388 4998 1583 5062 numilitatem,
1595 4991 1722 5067 etpeulo
1738 4995 1804 5065 post
1830 4990 1933 5045 celare

218 5055 374 5116 lucrorum.
392 5087 406 5113 n
1095 5071 1184 5128 hebet
1199 5071 1380 5144 proculcare.

255 5129 452 5212 ¹DunVetie.
469 5139 592 5206 codices,
609 5141 742 5209 inninea,
759 5144 839 5213 quasi
865 5145 933 5200 villo
960 5149 1040 5213 esset,
1130 5143 1251 5199 ⁶Nostri
1274 5142 1357 5198 codd.
1388 5157 1453 5197 cum
1481 5139 1621 5208 Victoris,
1650 5141 1787 5195 llauonae
1814 5147 1933 5205 quoque

219 5199 461 5281 ubeodrepoeitie,
476 5208 549 5264 ulter
567 5213 718 5279 vestutior,
748 5231 805 5282 pum
833 5216 932 5283 vinem,
961 5219 1042 5288 quusi
1097 5215 1327 5278 Christianorum,
1344 5216 1399 5269 elo.
1770 5275 1776 5288 ,

219 5271 384 5354 υιὶίαιοᾳεεῑ
409 5275 445 5330 ub
472 5294 513 5344 eo,
542 5290 592 5335 cto.
617 5285 736 5354 gravius
769 5286 798 5340 in
829 5285 894 5342 eliis
933 5289 1042 5344 invenit
1131 5320 1165 5328 -
1192 5291 1389 5349 llotrouorum,
1418 5290 1472 5339 etc.
1502 5283 1621 5338 Codices
1645 5275 1779 5335 nonnulle
1806 5274 1932 5348 legunt,

218 5347 933 5486 tttll‘llttlteletus'titillet
958 5363 1038 5488 illi·
1095 5359 1475 5486 llltltlttlttlt
1489 5349 1934 5490 lll'lilttllnllnitt

218 5484 309 5566 obem,
326 5455 430 5568 χόοεί,
447 5488 524 5616 qnod
540 5505 574 5544 ex
584 5467 726 5574 Syrorum
739 5449 975 5567 pronuntiatiins
1000 5449 1041 5561 fi·
1095 5447 1247 5576 propierea
1258 5516 1358 5558 nevere
1374 5499 1481 5556 debent
1495 5495 1631 5556 monaehi
1643 5497 1732 5568 etque
1753 5459 1865 5558 elerici,
1901 5489 1933 5546 si

219 5558 268 5628 ert,
282 5571 333 5630 qur
349 5571 380 5620 tu
395 5571 441 5620 um
476 5573 550 5616 reue
564 5565 915 5642 eomrnedetorquebant.
1094 5573 1151 5634 sibl
1165 5572 1294 5650 sapiunt.
1310 5571 1455 5635 Mesenen.
1741 5600 1748 5610 ·
