4066 6162
128 287 178 361 as
709 286 1242 362 coararaeuaounam.
1763 308 1825 378 ,g

126 422 249 480 llidebor
272 419 387 481 crimen
414 433 582 498 agnoscere.
612 427 755 502 Loquar?
777 429 881 487 Terras
902 445 949 487 me
962 431 990 498 Α
1005 429 1113 504 raptim
1128 435 1157 487 et
1171 446 1204 487 cx
1218 433 1349 504 tempore
1363 433 1466 489 contra
1478 448 1532 491 nos
1547 429 1656 496 dictare
1670 440 1824 514 epistolam

122 509 224 586 gladiis
240 512 315 582 tois,
333 517 363 570 et
376 511 593 572 accusationem
609 533 667 573 non
688 517 751 588 Jam
771 518 949 576 ecclesiasti·
1007 518 1175 592 cogereris?
1190 518 1268 575 Libri
1284 519 1363 576 enim
1376 519 1419 576 tui
1432 537 1507 594 quos
1530 520 1641 582 limasti
1664 545 1716 601 per
1734 533 1823 590 trien.

123 617 194 670 eam,
211 602 265 658 sed
279 599 477 660 tribunalium
493 604 769 670 comminaris.Quid
787 607 865 664 ieci?
880 608 949 681 quid
1004 606 1098 674 nium,
1115 607 1285 664 disertiores
1315 612 1385 665 sont
1401 608 1434 664 ¹?
1448 610 1510 666 Nisi
1526 611 1599 669 forte
1618 631 1675 671 non
1699 617 1754 676 luit
1769 622 1824 678 im-

123 689 310 748 commeruii
324 689 355 746 in
371 707 431 763 quo
445 695 473 748 te
486 690 570 750 lesi?
584 694 658 759 Ouia
672 711 719 752 me
734 695 836 769 negavi
858 696 949 756 haere·
1004 695 1237 767 presentiarum,
1253 696 1303 768 qui
1319 700 1385 754 tuas
1400 700 1568 756 emendaret
1591 704 1718 771 naniam
1735 711 1763 763 et
1781 709 1825 766 id·

124 780 217 836 baum
225 777 313 852 ‘lquia
325 793 373 836 me
382 779 445 836 tuis
456 778 597 838 laudibus
607 781 677 838 duxi
692 783 870 858 indignum?
881 785 950 858 quia
1004 783 1081 840 circo
1097 801 1182 840 omne
1192 783 1249 839 iter
1262 785 1398 842 dictionis
1413 789 1594 862 tue,absque
1609 789 1737 850 Palladis
1753 802 1826 865 arte,

127 865 330 925 hereticorum
343 867 558 928 fraudulentias
580 874 609 928 et
625 873 755 946 periuria
774 879 875 946 aperto
889 891 949 932 ser·
1004 869 1127 928 salebris
1154 878 1182 929 et
1206 873 1393 946 voraginibus
1420 877 1556 934 vitiorum
1580 878 1730 938 inciditur.
1754 885 1826 942 'l'am

131 972 218 1014 moue
232 955 393 1028 descripsi?
408 957 483 1022 Ouid
498 959 534 1014 ad
548 960 587 1026 te,
603 959 654 1033 qui
678 965 707 1018 et
730 961 907 1019 catholicum
921 968 951 1020 et
1005 965 1139 1033 apertum
1155 961 1296 1034 temporie
1325 964 1512 1021 mendacium
1538 970 1593 1036 eat,
1610 947 1642 1024 u't
1658 985 1716 1027 uon
1731 972 1827 1030 dicam

130 1061 254 1102 veracem
271 1049 299 1100 te
313 1060 378 1101 esse
400 1046 507 1117 jactas,
523 1046 575 1119 qui
597 1047 738 1106 libentius
757 1067 803 1106 me
828 1067 950 1108 accusas
1004 1050 1191 1122 respondere,
1207 1050 1257 1106 sed
1273 1049 1367 1122 legere
1381 1049 1471 1108 biduo
1495 1069 1561 1109 mea
1582 1055 1692 1128 scripta
1703 1075 1761 1116 non
1777 1079 1828 1134 po·

131 1149 213 1206 quarn
230 1136 260 1188 te
284 1133 531 1191 delendis‘lNum
557 1152 623 1192 mea
642 1137 784 1206 defensio,
801 1140 949 1196 accusatio
1005 1139 1106 1195 tueris.
1119 1139 1158 1194 lix
1174 1153 1230 1211 quo
1246 1143 1367 1211 apparet
1380 1143 1408 1196 te
1424 1138 1504 1197 illam
1523 1142 1679 1214 epistolam
1695 1152 1746 1204 aut
1761 1150 1829 1222 plu·

126 1220 252 1278 tuaest?
265 1223 327 1277 Aut
349 1220 435 1279 aliter
461 1221 641 1281 orthodoxus
665 1241 730 1284 esse
758 1243 816 1283 nan
830 1227 949 1301 poteris,
1005 1224 1087 1282 ribus
1110 1225 1215 1284 diebus
1236 1226 1399 1299 scripsisse,
1417 1234 1451 1284 ut
1471 1229 1538 1302 styli
1562 1231 1656 1304 ipsius
1681 1234 1828 1310 elegantia

123 1308 176 1366 nisi
192 1325 243 1366 me
257 1309 429 1366 hereticum
445 1313 703 1384 comprobaveris?
718 1315 792 1381 Ouid
817 1315 871 1372 tibi
887 1332 950 1389 pro·
1004 1314 1130 1387 probat;
1146 1320 1197 1372 aut
1213 1316 1237 1372 ai
1253 1315 1446 1374 tumultuaria
1456 1317 1544 1374 dictio
1560 1320 1613 1390 [dl.
1630 1321 1761 1398 dictatio]
1772 1333 1828 1398 est,

122 1400 183 1455 dest
197 1397 330 1456 societas
346 1399 436 1456 mea‘l
449 1401 508 1457 Aut
522 1417 586 1474 que
602 1405 647 1458 est
660 1402 718 1460 iata
729 1403 951 1476 prudentia‘btc·
1006 1403 1147 1460 nimirum
1163 1407 1191 1460 te
1215 1421 1279 1461 esee
1303 1405 1509 1479 negligentem,
1525 1407 1575 1480 qui
1597 1425 1664 1466 cum
1676 1415 1829 1488 extempo-

123 1485 243 1545 cusatus
267 1487 307 1544 ab
331 1487 409 1558 aliis,
425 1505 547 1546 accusas
571 1489 674 1549 allum.
689 1493 732 1549 Ab
755 1492 813 1549 alio
834 1497 950 1567 appete·
1005 1490 1076 1548 ralis
1090 1491 1158 1549 talis
1174 1492 1225 1562 eis,
1243 1493 1400 1550 meditatus
1416 1495 1543 1552 deterior
1557 1496 1657 1557 fucris.

123 1577 178 1645 ris;
195 1581 227 1632 et
243 1575 289 1632 illi
305 1580 422 1649 tergum
447 1578 626 1652 obvertens,{
628 1579 826 1653 quiescentem
851 1586 952 1639 contra
1042 1580 1087 1637 ll.
1107 1583 1373 1638 Gammartcriaram
1386 1598 1445 1639 mor
1472 1590 1500 1639 et
1521 1586 1627 1657 rapoto.
1642 1618 1677 1628 -
1693 1587 1767 1647 lllud
1779 1608 1830 1648 au-

122 1669 148 1722 te
161 1681 320 1739 provocas.
1006 1673 1064 1726 tem
1079 1669 1156 1742 quod
1172 1667 1384 1743 tergiversaris,
1400 1674 1429 1726 ct
1444 1671 1528 1740 dicis,
1544 1676 1572 1728 te
1595 1689 1629 1730 ea
1642 1677 1830 1737 transtulisse

153 1756 179 1810 9.
197 1755 287 1812 Seres
300 1756 418 1827 Rufina
437 1758 463 1811 et
487 1756 679 1830 Hieronymus.
697 1759 828 1841 Origenes
851 1760 949 1816 laada·
966 1794 990 1859 B
1006 1759 1042 1815 de
1057 1757 1164 1826 Graecc,
1181 1775 1243 1830 quas
1259 1775 1311 1832 ego
1325 1759 1408 1831 prius
1424 1760 1526 1817 Latino
1550 1777 1685 1822 sermone
1699 1770 1830 1825 transtu·

124 1842 364 1900 rritcruditiorrcm
379 1843 951 1906 iaadolescentia-'Pastormediatorem
1006 1845 1102 1914 ierim,
1119 1863 1176 1902 nou
1202 1847 1274 1903 satis
1295 1846 1428 1920 intelligo
1451 1847 1521 1920 quid
1549 1849 1621 1908 velis
1646 1853 1830 1925 dicere;uisi

122 1933 241 2000 iesum,
256 1931 386 1988 invitum
401 1947 450 1988 me
464 1937 493 1990 et
508 1939 721 2007 repugnantem
736 1937 772 1992 ad
789 1936 850 1992 hec
865 1938 953 1995 verba
1007 1935 1081 1991 lorta
1096 1935 1432 1992 adhucccmmentarios
1444 1937 1481 1992 ad
1496 1937 1638 2011 liphesios
1654 1941 1829 2013 criminaris,

124 2021 306 2078 descendere
320 2021 372 2088 [lt.
388 2021 594 2094 responderet:
611 2023 707 2080 etniei
717 2028 748 2080 tu
770 2042 951 2098 provocares,
1006 2027 1036 2080 et
1051 2023 1136 2096 qnasi
1149 2023 1223 2080 nihil
1238 2023 1290 2080 tibi
1305 2040 1395 2097 super
1408 2024 1463 2082 hoc
1479 2043 1652 2099 responsum
1669 2031 1718 2102 sit,
1733 2033 1824 2090 obdu·

126 2125 248 2182 semper
261 2109 417 2166 tacitarum
432 2111 535 2167 luisse.
547 2111 678 2184 Denique
689 2111 748 2170 noli
763 2131 910 2186 accusare,
924 2121 954 2172 et
1007 2129 1055 2168 ras
1070 2111 1174 2169 frontis
1197 2111 1408 2184 impudentiam
1422 2130 1429 2180 ;
1450 2129 1503 2169 nec
1526 2115 1648 2174 auribus
1672 2119 1831 2192 obturatis,

126 2215 179 2272 ago
193 2197 319 2255 cessabo
330 2197 497 2256 defendere.
513 2198 581 2263 Oua
603 2201 681 2258 enim
710 2205 756 2259 est
770 2201 952 2262 audientium
1006 2217 1091 2258 voces
1105 2199 1212 2274 recipis
1226 2200 1414 2256 incantantis.
1431 2201 1489 2258 Nos
1508 2201 1539 2258 iu
1552 2202 1785 2278 Commentariis,
1801 2216 1831 2268 et

124 2287 292 2355 edificatio,
308 2287 383 2343 duos
406 2303 493 2344 senes
516 2287 593 2345 inter
613 2305 645 2346 ee
668 2294 786 2363 propter
800 2289 952 2350 hereticos
1006 2289 1065 2348 illis
1080 2293 1108 2345 et
1122 2288 1197 2355 aliis,
1213 2294 1242 2345 et
1256 2289 1328 2346 541
1356 2293 1487 2346 nostram
1514 2295 1543 2347 et
1570 2291 1694 2351 aliorum
1711 2300 1830 2354 senten-

122 2372 304 2449 digladiari:
330 2377 494 2448 praesertim
517 2393 584 2433 cum
608 2377 694 2434 ambo
723 2378 887 2438 Catholicae
922 2398 953 2439 se
1007 2378 1080 2434 tiam
1106 2376 1326 2450 explicavimus,
1350 2380 1448 2450 aperte
1476 2378 1647 2438 confitentes
1676 2399 1740 2455 que
1760 2390 1831 2443 sunt

123 2464 210 2522 sideri
223 2462 516 2528 velintiOmittemue
528 2465 730 2524 hereticorum
745 2469 953 2542 patrocinium,
1007 2465 1153 2534 heretica,
1169 2482 1233 2539 que
1246 2464 1399 2523 catholica.
1415 2466 1467 2522 Hic
1483 2471 1529 2524 est
1551 2469 1630 2526 enim
1647 2472 1831 2531 Commenta·

121 2559 149 2610 et
161 2553 250 2610 nulla
274 2553 332 2610 erit
356 2553 432 2610 inter
455 2569 509 2610 nos
537 2554 694 2612 contamio.
711 2557 819 2613 lisdem
844 2558 953 2616 servare
1007 2555 1118 2611 riorum
1135 2570 1209 2624 mos,
1225 2560 1254 2612 et
1268 2553 1487 2628 explanantium
1503 2555 1613 2629 regula,
1631 2563 1663 2616 ut
1677 2559 1830 2634 opiniones

122 2659 175 2715 quo
190 2641 358 2716 Origenem
380 2646 447 2699 ante
464 2641 661 2714 laudavimus,
678 2662 757 2702 nunc
780 2646 953 2704 damnatum
1009 2645 1038 2700 in
1054 2643 1234 2716 expositione
1248 2643 1343 2700 varias
1355 2649 1611 2717 persequantur,et
1625 2648 1702 2721 quod
1716 2649 1762 2707 vel
1772 2651 1829 2709 sibi

121 2737 178 2788 tota
191 2732 271 2790 orbe
296 2730 486 2788 damnemus.
510 2732 676 2806 iungamus
696 2733 822 2804 dextras,
839 2736 954 2794 animos
1007 2732 1053 2790 vel
1069 2732 1134 2790 aliis
1154 2732 1300 2802 videatur,
1324 2733 1498 2790 edisserant.
1513 2734 1548 2790 lit
1572 2734 1627 2792 hoo
1646 2753 1703 2794 non
1732 2739 1829 2798 eclam

122 2821 319 2894 copulemus:
336 2824 366 2875 et
386 2820 462 2876 duos
481 2819 688 2894 (Theophilum
711 2827 741 2880 et
753 2825 953 2898 anastasium)
1008 2825 1176 2879 sanctarum
1192 2820 1367 2894 interpretes
1386 2822 1613 2895 Scripturarum,
1634 2827 1685 2882 sed
1707 2828 1830 2886 secula·

123 2909 250 2968 Orientis
286 2913 377 2982 atqua
415 2908 580 2967 Occidentis
606 2909 835 2989 τροπαιοφόρους,
864 2913 953 2970 alacri
1008 2912 1084 2967 rium
1100 2909 1389 2983 qucquelitterarum
1405 2909 1609 2984 explanatores
1630 2914 1828 2982 iaciunt,tem

123 2998 747 3072 sequamurincessulirravimusjuveues,
763 3003 954 3060 emendemur
1010 2999 1113 3056 latine
1134 2999 1253 3072 linguae,
1277 3015 1366 3071 quam
1392 2998 1505 3055 Grece.
1535 3002 1579 3057 Tu
1608 3003 1638 3058 in
1667 3001 1751 3061 libris
1765 3006 1827 3082 περὶ

121 3089 250 3146 senes.Si
266 3088 362 3145 irater
375 3103 418 3155 es,
434 3104 482 3144 me
495 3088 590 3161 gaude
604 3094 777 3147 correctum.
794 3091 824 3148 Si
840 3091 954 3149 amicus
1006 3090 1125 3165 Ἀρχῶν,
1159 3087 1289 3160 idipsum
1317 3087 1473 3145 obtendere
1504 3106 1562 3145 uon
1594 3095 1686 3164 potes.
1719 3098 1830 3168 arguet

122 3195 198 3247 sum,
220 3179 260 3235 de
290 3175 482 3234 conversione
508 3181 561 3234 tua
584 3179 675 3235 debeo
699 3178 850 3252 gratulari.
876 3159 989 3238 oeuC
1009 3177 1086 3234 enim
1102 3183 1131 3233 ta
1151 3176 1374 3233 Praefatiuncula
1397 3181 1457 3246 tua,
1470 3177 1501 3234 in
1525 3195 1584 3251 qua
1605 3179 1763 3252 polliceris,
1778 3183 1827 3241 de·

121 3268 259 3334 Quandiu
278 3267 359 3322 inter
376 3281 431 3323 nas
452 3266 586 3339 jurgium
616 3265 953 3336 luerit,videbimurrs-
1007 3265 1151 3323 truncatis
1175 3264 1316 3334 malis,et
1345 3266 1459 3338 queeb
1488 3265 1631 3324 hereticis
1650 3271 1827 3330 additalue-

122 3363 202 3413 ctam
218 3356 310 3412 fidem
326 3355 502 3412 necessitate
515 3356 632 3423 ducere,
646 3373 704 3413 non
719 3355 877 3434 voluntate.
894 3359 952 3415 Ini·
1008 3353 1208 3426 rant,cpti1na
1231 3355 1427 3415 remansisse:
1444 3359 1477 3411 ut
1498 3356 1640 3430 quidquid
1662 3359 1703 3417 ibi
1717 3361 1762 3417 vel
1773 3362 1829 3420 bc-

123 3444 245 3502 mioitiae
261 3447 367 3501 nostre
382 3442 506 3500 invicem
521 3443 607 3501 nobis
628 3443 736 3502 tollunt
749 3447 953 3505 testimonium
1009 3461 1092 3512 num,
1108 3443 1152 3500 vel
1168 3443 1279 3501 malum
1304 3443 1422 3512 dixeris,
1434 3445 1498 3516 jam
1523 3462 1581 3502 nan
1606 3445 1631 3502 ei
1655 3447 1827 3523 imputetur,

123 3550 203 3590 verae
217 3530 402 3604 paenitentiae.
417 3531 448 3589 Si
473 3548 566 3588 unum
595 3533 753 3604 credimus,
778 3535 803 3591 si
827 3535 905 3592 idam
926 3541 954 3592 et
1008 3532 1263 3605 quemtrauslers,
1281 3531 1331 3590 sed
1348 3531 1402 3588 tibi
1422 3531 1829 3606 quiiutarpretatuses3niei

128 3619 275 3676 volumus
285 3619 453 3678 etuolumus
467 3622 513 3694 (ex
523 3637 581 3694 quc
593 3622 694 3680 llrmas
704 3623 784 3681 nasci
796 3624 952 3694 auricitias,
1008 3622 1081 3678 forte
1094 3620 1296 3678 hereticorum
1321 3636 1434 3677 errores
1457 3621 1613 3678 emendare
1632 3623 1784 3694 debueras,
1800 3628 1830 3682 et

128 3709 225 3766 etiam
240 3707 521 3783 Catilinatastatur),
537 3711 561 3768 si
586 3711 737 3770 hereticos
757 3713 866 3786 pariter
890 3715 952 3771 odi·
1008 3709 1142 3782 Origenis
1158 3708 1237 3765 mala
1264 3709 1392 3780 prolerre
1418 3709 1449 3763 in
1475 3709 1614 3765 medium.
1631 3709 1686 3768 S'ed
1702 3712 1738 3768 de
1762 3713 1827 3784 hcc,

124 3802 255 3868 maaet
273 3803 398 3857 veterem
422 3816 503 3872 eque
532 3801 710 3858 damnamus
726 3818 865 3872 errorem,
881 3805 952 3877 quid
1008 3800 1078 3875 quia
1097 3815 1151 3855 nce
1167 3797 1290 3855 remittis
1315 3797 1589 3864 adcodicem,aute
1609 3798 1829 3876 tibirespondi·

121 3895 229 3948 contra
253 3904 310 3944 nos
333 3887 493 3958 tendimus,
509 3905 577 3946 cum
606 3890 708 3947 cadem
737 3907 952 3965 oppugnemus,
1008 3905 1085 3959 mus,
1102 3885 1568 3961 quamtuascriptalegeremus.
1701 3887 1704 3892 '

121 3979 227 4034 eadem
238 3976 462 4034 defendamus?
477 3979 599 4051 ignosce
620 3979 705 4048 mihi,
720 3981 799 4052 quod
819 3980 953 4054 origenis
1044 3979 1087 4033 12.
1103 3975 1259 4034 Ridicatoso
1273 3991 1317 4032 res
1331 3979 1358 4031 et
1381 3975 1510 4032 ridicula.
1526 3975 1605 4034 Fides
1619 3979 1740 4037 Romana
1752 3997 1828 4055 pre·

118 4065 322 4123 eruditionem
339 4071 369 4121 et
389 4065 522 4122 studium
549 4066 778 4140 scripturarum,
795 4071 952 4142 antequam
1006 4067 1104 4139 stigias
1118 4081 1172 4122 aaa
1187 4067 1297 4137 recepit.
1310 4095 1344 4105 -
1361 4069 1399 4120 be
1420 4063 1565 4137 Pamphili
1581 4064 1666 4136 libro,
1682 4085 1740 4125 uon
1756 4068 1827 4127 ridi·

116 4156 181 4227 ejus
205 4154 351 4212 heresim
377 4152 494 4226 plenius
523 4171 652 4225 nossem,
669 4155 698 4212 in
724 4156 849 4228 juvenili
870 4161 952 4215 atate
1007 4155 1117 4224 culosa,
1132 4158 1164 4210 ut
1178 4157 1210 4209 tu
1235 4150 1350 4221 scribis,
1374 4154 1423 4210 sed
1449 4151 1573 4209 ridicula
1596 4155 1669 4210 mihi
1693 4156 1827 4216 iormres

114 4243 234 4302 laudavi
248 4263 256 4313 ;
274 4247 307 4301 et
322 4242 443 4316 egotibi
458 4244 533 4301 dabo
548 4245 675 4313 veniam,
688 4245 765 4318 quod
779 4245 951 4319 apologiam
1006 4244 1122 4312 accidit,
1138 4245 1171 4299 ut
1181 4247 1338 4315 postquam
1352 4241 1469 4297 Eusebii
1484 4243 1661 4298 asseruerim
1677 4259 1751 4315 ease,
1768 4261 1827 4303 non

111 4333 264 4392 librorum
277 4332 347 4405 ejus
361 4347 434 4388 canc
444 4332 597 4405 scripseris
612 4333 719 4406 capite.
1006 4331 1162 4406 Pamphili,
1178 4332 1215 4388 ad
1230 4336 1393 4388 extremum
1409 4329 1542 4396 dixerim,
1558 4331 1647 4387 etiam
1663 4347 1710 4389 me
1734 4350 1827 4392 annos

117 4457 120 4466 .
147 4423 192 4480 10.
209 4425 295 4480 Ante
305 4419 441 4488 biduum,
458 4437 545 4493 quam
572 4422 608 4478 ad
632 4437 686 4478 nos
709 4422 863 4495 epistolam
880 4425 950 4481 scri·
1006 4422 1149 4494 plurimas
1164 4421 1219 4477 hoc
1235 4419 1443 4494 putasse,quod
1461 4419 1606 4491 Pamphili
1622 4421 1758 4487 fueritet
1771 4427 1827 4482 ate

110 4507 338 4580 berca,tibellos
353 4525 434 4566 meos
446 4509 477 4565 in
491 4525 598 4566 manus
608 4513 675 4566 tuae
689 4510 805 4567 venisse
820 4513 946 4583 testaris,
964 4527 988 4593 1)
1005 4510 1153 4584 exemplar
1167 4509 1256 4582 hujus
1275 4507 1434 4566 voluminis
1456 4512 1634 4566 mutuatum.
1651 4509 1722 4568 Vide
1737 4527 1828 4585 quan·

109 4599 272 4658 etidcirco
289 4613 349 4654 noo
370 4597 510 4654 habuisse
531 4599 660 4672 spatium
685 4615 720 4654 ex
743 4599 801 4655 otio
826 4617 947 4674 respon·
1004 4605 1068 4657 tum
1083 4599 1204 4656 timeam
1219 4597 1378 4656 cachinnos
1393 4602 1470 4666 tuos,
1482 4602 1514 4653 ul
1529 4598 1617 4655 etiam
1633 4616 1713 4656 nunc
1724 4601 1827 4658 eadem

108 4689 218 4747 dendi:
237 4687 358 4758 alioqui
374 4686 398 4744 si
415 4687 576 4744 meditatus
591 4686 622 4743 in
642 4705 696 4744 ncs
711 4693 890 4763 paratusque
904 4690 948 4746 di·
1004 4689 1146 4762 ingeram.
1167 4692 1205 4744 Da
1218 4691 1267 4744 tuo
1290 4687 1388 4744 codice
1410 4687 1495 4760 quasi
1517 4686 1664 4762 Pamphili
1681 4688 1829 4762 exemplar

106 4777 214 4848 risses,
231 4775 370 4834 fulmina
389 4777 499 4848 jacere,
516 4791 575 4833 non
599 4776 724 4834 crimina
747 4777 897 4835 videreris.
915 4780 950 4835 lit
1003 4776 1298 4850 accepimusiircdidi
1313 4775 1522 4845 Christiano,el
1537 4777 1646 4833 credidi
1661 4775 1824 4835 monacho:

106 4869 174 4939 quis
187 4857 250 4924 tibi
268 4865 372 4922 credet
386 4863 499 4922 homini
523 4865 725 4936 veracissimo,
739 4872 772 4923 ut
786 4867 950 4940 negotiator
1003 4883 1061 4924 non
1077 4865 1175 4938 putavi
1199 4869 1315 4922 tantum
1343 4864 1461 4921 sceleris
1483 4881 1500 4920 a
1523 4869 1552 4922 te
1570 4882 1657 4937 posse
1680 4864 1821 4939 contingi.

105 4955 310 5014 orientalium
324 4953 478 5021 mercium,
492 4953 543 5027 qui
566 4957 595 5011 et
617 4954 686 5012 hinc
710 4956 862 5028 deportata
876 4973 947 5013 ven·
1003 4955 1107 5013 Postea
1121 4970 1189 5012 vero
1205 4971 1257 5028 per
1270 4953 1539 5028 interpretationem
1554 4956 1647 5022 tuam,
1663 4953 1824 5025 questione

104 5045 174 5102 dere
187 5057 323 5103 neccsse
338 5041 475 5111 babebat,
500 5048 529 5099 et
552 5042 594 5101 ibi
609 5059 715 5111 emera,
732 5059 796 5115 qua
810 5043 868 5100 huc
883 5062 947 5101 rur·
1002 5047 1103 5102 contro
1117 5044 1271 5118 Origeucm
1286 5046 1348 5098 toto
1364 5041 1433 5098 orbe
1443 5044 1600 5106 commota,
1615 5041 1645 5096 in
1659 5042 1826 5114 querendis

104 5149 156 5192 aas
171 5133 356 5198 adveheret,
373 5131 497 5188 biduum
512 5135 629 5188 ancum
647 5130 788 5205 Aquileia
801 5131 898 5204 faerit,
915 5137 948 5192 ut
1001 5133 1221 5209 exemplaribus
1246 5129 1413 5205 diligentior
1436 5128 1489 5196 lui,
1504 5133 1533 5186 et
1546 5129 1576 5186 in
1594 5129 1765 5190 Cesariensi
1777 5129 1826 5190 ei-

135 5395 315 5452 ¹Pcrtasee
330 5392 518 5451 scribendum
538 5397 584 5450 ast
612 5392 722 5468 absque
744 5394 946 5470 interrogatio·
1001 5395 1031 5452 P.
1062 5393 1246 5451 Martianaus
1275 5388 1428 5457 intellexit,
1456 5390 1670 5474 negotiatorem
1699 5388 1748 5448 bic
1771 5390 1824 5449 abs

101 5469 147 5522 nis
164 5471 247 5523 nota
263 5479 332 5520 cum
347 5463 476 5521 Victoria
488 5466 549 5533 ;sed
564 5471 703 5538 preterea
717 5483 784 5523 oum
806 5468 943 5542 negandi,
1000 5467 1174 5540 Hieronymo
1191 5465 1288 5537 ipsum
1309 5462 1448 5518 Rulluum
1473 5462 1542 5531 dier,
1558 5465 1682 5538 eiusque
1699 5464 1827 5540 aegolio-

100 5543 133 5592 ιιι
146 5539 282 5611 opinor,
306 5535 460 5608 particula,
483 5535 655 5594 dissertiores
682 5553 738 5595 aaa
758 5548 836 5602 aaut:
850 5543 883 5596 ut
898 5557 944 5598 aa·
999 5541 1085 5596 iteca
1099 5543 1125 5596 et
1139 5537 1289 5596 creditam
1302 5534 1426 5594 irrideri.

7 5679 8 5684 .
98 5625 200 5692 queas
216 5607 513 5672 coaeternitas.
529 5612 671 5670 ceteram
697 5609 769 5670 satis
789 5609 945 5674 infeliciter
