4056 6170
250 319 326 388 tuat
871 315 903 385 S.
926 308 1081 384 adsueti
1104 310 1337 384 uideuatur.
1845 311 1910 382 llll

246 459 381 522 allectus,
396 457 493 514 veniet
507 458 543 513 ad
560 459 635 526 taut
648 457 688 514 ita
703 457 810 524 dicam,
827 472 933 528 corpus
948 455 1024 527 ejus,
1040 469 1075 509 ex
1088 451 1116 520 Α
1131 469 1187 508 non
1204 453 1232 510 ln
1253 469 1310 509 uno
1326 451 1440 525 spiritu.
1466 451 1539 508 Ama
1553 455 1582 508 et
1596 447 1697 520 Deum,
1713 451 1759 508 sed
1774 466 1831 506 ama
1842 449 1913 508 illum

246 565 303 621 quo
320 547 425 603 umbra
440 546 580 602 noscitur.
596 546 670 602 Nam
694 547 723 602 in
740 546 854 601 modico
868 541 974 608 fidelis,
999 546 1028 596 et
1042 541 1071 596 in
1127 559 1185 598 non
1201 545 1233 598 ut
1246 557 1361 598 earnem
1378 546 1407 596 et
1421 541 1606 614 sangninem,
1622 540 1672 596 sed
1687 544 1719 595 ut
1733 537 1861 612 spiritum.
1870 539 1915 610 cat

246 636 408 706 maioribus
426 636 481 690 erit
503 634 608 691 tidelia.
633 637 663 690 ln
687 635 785 690 umbro
809 634 868 704 ejas
891 633 1073 702 concapioiet
1126 631 1204 686 enim
1221 632 1342 687 adiceret
1362 632 1423 697 Deo,
1445 647 1516 686 anas
1543 631 1656 702 spiritus
1682 630 1748 685 cat’.
1778 628 1858 702 igitur
1879 644 1916 682 or-

244 725 312 781 scdi.
331 725 419 780 Vides
445 723 583 796 quianon
611 739 727 795 semper
748 722 777 778 in
795 720 1003 787 umhrastetit,
1021 719 1071 775 sed
1127 720 1227 776 dinato
1256 725 1300 776 est
1328 720 1455 775 charitas
1483 719 1513 774 in
1542 718 1687 792 perfectis.
1714 717 1750 773 Ut
1769 721 1919 789 autempoit

244 813 364 870 indeed
380 813 500 868 meliora
515 811 675 879 transierit,
699 813 815 866 dicens:
840 811 874 866 at
891 812 998 881 fructus
1012 808 1072 880 ejus
1127 809 1220 864 Deum
1236 809 1323 864 etiarn
1339 807 1416 864 inter
1430 825 1483 864 nos
1498 808 1569 864 ordo
1583 805 1841 879 ponatur,primum
1853 821 1920 860 man·

243 903 502 972 dalcisiapattarc
526 916 594 956 mco.
634 901 703 972 Ego,
731 899 838 972 inquit,
859 897 1020 954 desideravi
1040 895 1070 951 iu
1126 897 1297 968 detumeat,
1328 903 1359 952 ut
1388 896 1547 970 diligamus
1570 901 1715 969 parentes,
1738 893 1919 950 seeundumut

245 991 351 1046 umbra
364 991 428 1062 ejus
444 987 700 1059 requiescereac
716 993 872 1060 postquam
883 1003 930 1042 me
941 1000 1070 1056 suapro-
1126 986 1346 1054 sslioa‚tertium
1372 992 1404 1042 ut
1426 986 1603 1042 domesticos
1635 987 1759 1041 nostros.
1783 983 1811 1040 Si
1841 986 1919 1038 auten

244 1080 315 1136 texit
331 1079 445 1144 umbra,
462 1077 550 1134 etiam
567 1077 662 1132 tractu
680 1076 760 1133 illius
784 1077 933 1132 saturatus
949 1091 1026 1140 sum,
1043 1077 1072 1130 et
1125 1075 1204 1134 filius
1218 1075 1314 1132 malua
1329 1079 1382 1144 est,
1398 1081 1428 1132 et
1441 1074 1621 1131 domesticus
1645 1074 1750 1140 bonus,
1764 1069 1918 1128 domesticus

245 1169 356 1224 fructus
371 1169 435 1238 ejus
450 1165 547 1221 dulcis
563 1165 589 1220 in
607 1169 724 1238 gutture
746 1181 820 1220 meo.
1124 1164 1153 1220 in
1169 1165 1310 1221 charitate
1321 1164 1371 1220 alit
1385 1163 1553 1220 collocetur.
1569 1163 1602 1218 et
1616 1163 1657 1218 ita
1667 1161 1717 1218 ssat
1730 1165 1762 1216 ul
1776 1163 1919 1216 sanatorum

276 1258 303 1312 7.
321 1257 401 1311 Vera.
419 1256 445 1310 l.
465 1254 630 1311 lotroduoite
648 1271 691 1312 mc
710 1256 741 1310 io
761 1253 871 1310 domam
890 1254 962 1309 vini.
990 1251 1070 1308 Foris
1124 1254 1258 1310 ordinata
1273 1253 1311 1310 ait
1326 1252 1463 1310 ebaritas.
1481 1252 1615 1325 Magister
1630 1267 1746 1324 quoque
1760 1253 1789 1306 et
1802 1248 1919 1305 Dominus

241 1344 559 1416 stetitsponsus‚etah
578 1341 1070 1416 sponsasusceptusest.lnmedio
1123 1342 1269 1400 nosterin
1305 1340 1456 1414 Evangelio
1490 1345 1631 1414 praecepta
1650 1340 1685 1396 de
1705 1337 1841 1396 charitate
1866 1353 1932 1392 coa·v

242 1433 489 1507 quippeuberum
519 1429 599 1488 illius
629 1430 1071 1503 requievit.Proxima(2t)ju-
1124 1432 1250 1488 stituens
1278 1431 1313 1487 ad
1344 1430 1576 1503 uniuscujusque
1597 1426 1920 1499 dilectionempropriuu

241 1521 441 1581 seacula-non
456 1525 527 1578 aunt
537 1521 705 1578 istiusmodi
718 1525 751 1577 ut
766 1537 907 1593 sponsum
923 1520 1070 1592 hospitem
1125 1518 1235 1592 aliquid
1252 1519 1432 1592 apposuit,et
1446 1519 1527 1575 dedit
1540 1516 1763 1590 intelligentiam
1776 1513 1876 1572 ordinis
1887 1513 1921 1570 hia

242 1612 350 1668 habere
361 1598 542 1667 mereantur.
556 1609 737 1666 lllultitudini
752 1607 822 1666 loris'
832 1609 861 1664 in
873 1608 1022 1681 parabolis
1032 1607 1071 1665 lo·
1125 1609 1175 1681 qui
1192 1613 1316 1681 possunt
1329 1607 1431 1664 audire
1444 1607 1623 1680 Scriptorum
1635 1607 1779 1662 dicentem
1792 1621 1798 1660 :
1814 1603 1922 1660 Ordimlc

242 1699 352 1771 quitur.
369 1707 461 1764 tinam
476 1715 577 1754 vereor
591 1714 627 1753 ne
644 1697 742 1754 multa
757 1696 980 1753 adolescentule
996 1697 1070 1754 torte
1124 1700 1154 1754 ia
1168 1697 1401 1754 mecharitatem.
1419 1697 1523 1765 uttipas
1546 1697 1692 1752 Dominam
1715 1695 1799 1750 Deam
1821 1702 1922 1749 uantur

242 1805 295 1844 nos
306 1787 579 1844 elmoalnlrodacite
594 1803 637 1842 mc
648 1788 678 1842 io
689 1787 797 1842 domum
810 1788 1006 1842 elatensium
1019 1786 1069 1842 diu
1084 1819 1108 1885 B
1125 1792 1178 1844 tote
1197 1787 1276 1844 corde
1308 1790 1363 1856 tuo,
1398 1795 1423 1842 et
1454 1803 1489 1842 ae
1519 1787 1576 1841 tota
1608 1788 1697 1841 mente
1730 1789 1787 1850 lua,
1805 1785 1921 1839 cteetola

243 1875 313 1932 loris
328 1875 457 1930 maneo?
483 1873 552 1930 Eece
575 1879 620 1931 ato
645 1879 712 1931 ante
735 1874 845 1932 ostium
872 1879 899 1931 et
919 1874 1014 1947 pulso.
1038 1875 1068 1932 Si
1123 1877 1385 1942 animamarum
1407 1883 1462 1931 tota
1495 1876 1596 1930 uirtute
1617 1877 1666 1930 tua
1680 1873 1701 1928 ³.
1723 1874 1759 1928 ut
1772 1871 1863 1944 diliges
1874 1885 1920 1942 pru·

243 1964 309 2036 quis
325 1963 396 2019 mihi
423 1963 582 2036 aperuerit,
600 1963 748 2038 ingrediar
763 1965 797 2019 od
815 1981 892 2027 curii,
907 1968 935 2018 et
949 1963 1068 2020 coenabo
1121 1965 1417 2022 ximamtaamsa'cat
1436 1964 1582 2036 teipsam&
1617 1963 1680 2020 Nou
1716 1962 1872 2034 proximum
1897 1975 1921 2014 eu

241 2070 308 2109 cum
322 2069 366 2118 eo,
386 2057 414 2108 et
434 2053 496 2124 ipse
528 2068 654 2108 meeum.
674 2052 839 2108 lotroduoite
854 2052 998 2109 uui-2⁴
1012 2069 1066 2108 me.
1122 2053 1295 2120 totocorde,
1310 2057 1419 2109 extota
1435 2051 1544 2122 anima,
1560 2056 1638 2108 etex
1662 2055 1724 2106 tota
1738 2049 1920 2114 virtuto,eteu

241 2141 275 2197 et
291 2158 369 2197 nune
384 2142 485 2196 eadem
502 2141 574 2197 dicit
597 2157 693 2196 sermo
709 2140 836 2213 divinus,
852 2157 918 2196 ecce
932 2141 1067 2196 Christus
1120 2146 1304 2199 tetamento.
1332 2145 1454 2208 Rursus,
1476 2140 1589 2214 inquit:
1619 2140 1735 2209 Diligite
1759 2139 1876 2196 inimicos
1887 2152 1920 2192 iu·

241 2229 568 2302 loquitur,introdueite
579 2247 633 2286 me.
644 2229 733 2284 Vobis
749 2245 865 2302 quoque
877 2229 1066 2286 catechume-
1120 2241 1191 2288 atros
1205 2233 1226 2302 ⁸,
1242 2236 1271 2288 et
1286 2248 1344 2288 uon
1359 2229 1506 2304 apposuit,
1540 2245 1574 2285 ea
1595 2232 1656 2285 loto
1690 2229 1789 2284 eorde.
1822 2227 1920 2283 Nonaat

241 2317 289 2374 nis
304 2319 451 2392 loquitur:
469 2319 648 2375 lotroduoite
658 2335 713 2375 me.
725 2318 912 2390 lotroduoite,
926 2336 982 2375 non
994 2318 1065 2374 sim·
1120 2321 1305 2377 inordinatus
1320 2335 1417 2376 sermo
1441 2319 1568 2383 divinus.
1593 2334 1645 2374 nec
1661 2315 1854 2390 impossibilia
1866 2332 1920 2387 pra·

241 2406 354 2480 pliciter
368 2409 398 2463 in
423 2408 556 2471 domum.
578 2409 629 2464 sed
656 2408 686 2462 in
702 2408 822 2463 domani
837 2407 1067 2480 vini,impleatur
1120 2409 1200 2483 cipit,
1215 2426 1267 2465 nee
1283 2409 1363 2477 dicit,
1378 2407 1489 2480 diligite
1500 2405 1634 2464 inimicos
1648 2411 1763 2464 vestros
1775 2410 1806 2461 ut
1819 2407 1919 2460 uosmet·

240 2495 307 2551 vino
324 2495 440 2567 letitia,
456 2496 522 2552 vino
537 2495 663 2568 Spiritus
683 2497 777 2552 sancti
801 2495 900 2552 anima
915 2501 1022 2566 vestra,
1038 2500 1067 2552 et
1120 2499 1264 2572 ipsos‚sed
1280 2502 1414 2554 mutum:
1430 2498 1543 2570 Diligite
1557 2497 1682 2552 inimicos
1697 2499 1799 2554 uestros
1812 2512 1819 2564 ;
1833 2491 1920 2552 sallat

241 2583 762 2642 sieintrodueiteindomumvestram
774 2585 1064 2658 sponsum,verhum‚
1120 2589 1198 2662 quod
1214 2604 1262 2646 eos
1278 2587 1439 2660 diligimus,
1456 2592 1485 2642 et
1512 2585 1578 2643 odio
1600 2602 1658 2642 non
1675 2585 1828 2642 hahemus.
1843 2581 1920 2638 Proxi-

241 2673 693 2746 sapiontiam,ueritatemPotast
705 2673 882 2731 autematad
893 2674 1063 2746 eoadieiqui
1120 2695 1201 2734 mum
1216 2693 1283 2734 vero
1299 2680 1331 2732 ut
1345 2675 1482 2748 teipsum.
1504 2679 1592 2730 Porro
1613 2674 1706 2730 Derim
1722 2691 1759 2730 ex
1773 2677 1830 2730 toto
1843 2670 1919 2736 eorde,

241 2761 1063 2834 nondumperlectisantzlntrodaciterneiadornamoiui.
1119 2764 1439 2830 etextotaanima‚et
1466 2768 1576 2820 extota
1595 2768 1703 2832 mente,
1719 2767 1749 2820 et
1764 2781 1798 2818 ex
1812 2760 1919 2818 lotarie
1978 2827 1979 2844 Χ

275 2853 303 2908 8.
318 2850 400 2908 Vere.
418 2853 444 2908 l.
462 2852 593 2908 Ordinato
607 2853 638 2907 in
660 2868 704 2907 oie
726 2853 895 2908 cluniacam.
912 2853 1065 2924 Eleganter
1119 2855 1223 2912 tute.Sl
1240 2855 1300 2910 hac
1316 2852 1502 2924 intellexeris,
1524 2856 1553 2908 et
1567 2851 1716 2908 intellecto
1742 2848 1920 2924 compleverit,

241 2939 356 2997 locutas
369 2941 562 3011 est,ordiaate‚
575 2940 768 3013 plurimorum
778 2942 886 3014 quippe
899 2939 1065 2997 inordinata
1119 2944 1211 3000 resisti
1227 2944 1304 3016 quod
1321 2941 1421 3014 sponsi
1432 2958 1566 2998 sermone
1576 2940 1749 3013 praeoipilur
1760 2958 1767 2996 :
1779 2939 1921 2998 lutralaalc
1978 2967 1979 2970 ¹

240 3034 285 3086 est
298 3029 449 3097 charitas,
473 3031 589 3102 quando
614 3037 692 3102 quod
717 3029 746 3085 in
771 3031 865 3102 primo
882 3029 943 3085 loeo
958 3030 1065 3086 dehent
1117 3050 1161 3090 me
1185 3034 1217 3088 ia
1231 3033 1340 3088 doraum
1357 3031 1425 3100 uini,
1440 3031 1564 3087 ordinate
1579 3032 1608 3086 ia
1622 3030 1853 3086 mecharitatem.
1868 3027 1921 3094 Quis
1978 3085 1979 3090 ἵ

240 3117 1062 3192 diligere,diliguntinseeundo;qaodinsecundodi-
1119 3118 1566 3194 putasenohiseharitatisest
1597 3119 1765 3174 ordinatae?
1794 3115 1920 3190 (Varahl
1978 3159 1979 3192 ,

240 3205 337 3281 ligant
350 3205 380 3261 in
398 3205 511 3278 primo;
528 3210 556 3262 et
566 3207 645 3278 quod
659 3211 772 3281 oportet
786 3223 885 3262 amare
900 3207 930 3262 in
947 3211 1061 3279 quarte,
1078 3182 1099 3249 C
1119 3210 1282 3282 Corafirmale
1301 3225 1344 3265 rue
1359 3211 1389 3265 ia
1403 3210 1561 3280 unquentis,
1587 3224 1665 3264 uuus
1680 3207 1719 3264 de
1733 3205 1920 3280 interpretibus

241 3299 342 3352 amant
356 3293 385 3350 in
401 3295 485 3350 tertio
501 3312 507 3351 :
525 3300 554 3350 et
568 3313 671 3351 rursus
683 3295 801 3352 tertium
813 3295 841 3352 in
855 3299 968 3368 quarto,
980 3301 1010 3352 et
1020 3301 1064 3354 est
1118 3299 1217 3374 posuit
1226 3295 1392 3354 οἰνανθινων.
1403 3297 1469 3353 Haeo
1482 3301 1580 3353 autem
1592 3312 1699 3368 sponsa
1717 3294 1846 3370 loquitur
1858 3313 1864 3352 :
1878 3293 1921 3349 sa·-

241 3382 270 3439 in
287 3381 434 3455 plerisque
449 3383 600 3439 charitatis
615 3385 686 3440 ordo
710 3401 872 3456 perversus.
890 3385 1063 3441 Sanctorum
1116 3396 1179 3460 pate
1193 3404 1235 3444 me
1250 3388 1279 3442 iu
1293 3386 1385 3442 malie.
1413 3385 1444 3439 ln
1468 3383 1576 3456 quihus
1601 3382 1710 3439 malis?
1737 3384 1770 3440 ui
1792 3381 1920 3438 maluaia
1978 3435 1979 3458 ,

241 3487 307 3530 vero
322 3471 449 3529 charitas
464 3472 598 3529 ordinata
621 3478 675 3530 est.
702 3473 772 3530 Volo
788 3474 824 3530 ad
839 3473 1063 3546 intelligendum
1118 3479 1202 3547 lionis
1219 3476 1305 3538 silue,
1321 3476 1359 3531 ita
1383 3474 1526 3544 fratruelis
1550 3488 1626 3528 meas
1649 3473 1678 3527 iu
1702 3471 1795 3528 medio
1809 3472 1920 3543 filiorum.

241 3561 386 3633 hocquod
408 3559 518 3617 dictum
551 3566 614 3618 est:
637 3561 765 3618 Ordinato
784 3563 814 3618 io
833 3562 1062 3634 mecharitatem,
1118 3565 1371 3621 Idcircoinmalis
1404 3562 1462 3633 ejas
1494 3563 1594 3628 stipate
1617 3576 1670 3628 me,
1702 3563 1774 3632 quie
1792 3560 1922 3617 vulnerate

240 3649 339 3723 aliqua
353 3650 485 3724 exempla
509 3649 658 3723 replicare.
686 3652 725 3706 Te
749 3651 811 3707 vult
835 3651 953 3707 divinus
967 3668 1063 3708 sermo
1117 3654 1274 3711 claritatis.
1291 3651 1444 3724 confluam
1461 3648 1614 3722 pulchrum
1629 3653 1683 3716 est,
1699 3665 1792 3721 quam
1807 3649 1922 3704 dacorum

240 3738 1064 3812 diligerepatrem,filium,llliam‚vulttesrrmodivinus
1118 3738 1565 3811 acharitatevulnusaccipere.
1596 3736 1678 3792 Alius
1692 3737 1829 3809 jactatum
1844 3729 1922 3791 carnei

239 3827 361 3901 diligere
371 3827 530 3896 Christum,
546 3846 599 3886 nee
613 3828 685 3884 dicit
698 3828 762 3895 tihi,
778 3844 815 3884 ne
830 3828 935 3902 diligas
946 3827 1063 3891 liberos.
1118 3832 1227 3888 amoris
1241 3831 1362 3902 excepit,
1379 3829 1455 3885 alius
1484 3833 1598 3884 terreno
1622 3826 1761 3899 cupidine
1777 3827 1922 3884 vulneratur

241 3933 276 3972 ne
291 3917 461 3988 parentibus
476 3918 617 3974 charitate
642 3919 788 3992 jungaris.
818 3917 873 3974 Sed
904 3919 973 3990 quid
994 3917 1065 3975 dicit
1118 3918 1462 3988 est,tuuudamemhra
1489 3921 1593 3983 tua‚et
1618 3915 1759 3988 praebete
1772 3913 1922 3988 jaculolor·

241 4003 374 4060 tihi‘lne
389 4005 584 4063 inordinatam
614 4006 722 4063 hahens
752 4006 933 4074 charitalem,
953 4006 1064 4080 nepri·
1119 4007 1361 4081 mosoaiquidem
1390 4007 1467 4063 Deus
1496 4005 1664 4078 sagittarius
1693 4009 1748 4062 est.
1775 3997 1922 4061 AudiSen'·

240 4109 322 4149 mum
340 4099 452 4167 patrem
468 4099 519 4150 aut
544 4099 678 4166 matrem,
704 4095 809 4152 deinde
836 4111 881 4150 me
896 4095 1011 4168 diligas,
1028 4112 1064 4154 no
1119 4104 1234 4173 pturam
1251 4098 1287 4153 de
1311 4097 1367 4153 hoc
1391 4095 1492 4152 eodem
1512 4093 1613 4167 jaculo
1635 4092 1816 4166 loquentem,
1831 4093 1884 4148 imo
1899 4091 1923 4144 ut

240 4180 293 4238 lilii
309 4187 338 4239 et
352 4184 419 4240 alte
447 4182 603 4258 plusquam
631 4184 687 4240 mei
703 4183 844 4240 charitate
859 4184 995 4241 tenearis.
1012 4185 1066 4254 Orci
1119 4186 1246 4260 amplius
1262 4184 1427 4252 admireris,
1451 4183 1519 4240 audi
1542 4183 1640 4255 ipsum
1661 4182 1795 4254 jaculum
1811 4181 1876 4254 quid
1889 4177 1922 4233 lo·

238 4277 313 4329 uorat
325 4277 435 4346 patrem
449 4281 496 4328 nai
511 4275 623 4329 matrem
645 4289 726 4345 super
741 4289 793 4346 raa,
824 4289 879 4330 oon
906 4279 945 4330 est
960 4291 1003 4330 mc
1021 4274 1065 4330 di·
1119 4280 1245 4350 quatur:
1261 4275 1357 4332 Posuit
1375 4289 1420 4330 me
1438 4274 1467 4328 in
1486 4273 1614 4342 sopitam
1642 4272 1766 4340 chelam,
1787 4279 1813 4328 et
1830 4273 1858 4326 ia
1866 4267 1922 4342 plu·

239 4378 320 4434 pauc.
337 4363 390 4430 Qui
406 4371 481 4418 amat
495 4362 585 4433 filiam
604 4367 653 4419 aul
667 4363 755 4434 {iliam
778 4378 860 4434 saper
874 4379 927 4428 me,
957 4372 1066 4420 notarat
1119 4373 1193 4422 retra
1211 4381 1261 4420 saa
1279 4363 1397 4420 seruauit
1416 4378 1458 4419 me
1489 4370 1514 4418 et
1544 4361 1618 4417 dieii
1635 4359 1729 4416 milii:
1755 4365 1878 4432 Mopuarn
1892 4355 1922 4410 al

240 4467 284 4506 me
301 4452 446 4524 dioruull.
475 4451 577 4507 Recole
602 4451 810 4507 conscientiam
825 4457 906 4508 taam
923 4452 959 4508 de
974 4451 1065 4524 patria
1118 4455 1169 4511 titi
1182 4456 1232 4510 hoc
1248 4454 1343 4510 vocari
1366 4467 1483 4524 pueram
1502 4466 1594 4507 arreum
1606 4450 1626 4506 ⁸.
1653 4449 1787 4524 Intellige
1806 4447 1920 4521 sagittam

240 4540 505 4608 matrisueallectu,
519 4545 547 4596 et
562 4540 715 4596 considera
730 4538 845 4612 qualem
863 4541 939 4596 circa
953 4542 1189 4616 sermo-[lquid
1205 4541 1292 4608 dieat,
1307 4545 1335 4597 et
1366 4540 1512 4613 quomodo
1545 4555 1562 4594 a
1596 4540 1652 4596 Deo
1672 4538 1826 4595 sitelecta.
1846 4537 1921 4601 Ouan

241 4643 309 4686 nem
324 4628 375 4685 Dei
390 4634 419 4686 et
432 4629 502 4685 lesu
518 4628 626 4686 habeas
649 4628 831 4696 charitatem,
849 4629 947 4686 statim
964 4629 1064 4703 depre·
1120 4633 1238 4688 boatum
1255 4635 1300 4687 ast
1314 4629 1368 4685 hoe
1381 4628 1480 4701 jaculo
1507 4627 1662 4684 vulnerari.
1688 4627 1745 4683 llao
1760 4627 1863 4700 sagitta
1874 4618 1922 4678 uul-

240 4717 351 4775 hendes
367 4717 461 4792 magis
481 4721 509 4774 te
541 4718 634 4774 silium
655 4723 705 4774 aut
724 4717 815 4774 filiam
836 4717 956 4790 diligere
976 4734 1065 4790 quam
1120 4719 1212 4776 norati
1228 4719 1347 4774 luerunt
1359 4716 1402 4772 illi
1414 4717 1463 4789 qui
1475 4717 1551 4772 inter
1561 4715 1726 4772 seinvicem
1737 4711 1920 4772 conterebant:

239 4807 378 4876 Verbum,
396 4807 890 4881 megisteparontosamarequam
903 4806 1064 4863 Christum.
1119 4805 1593 4864 Nonaccoraostramarilcuserat
1618 4805 1649 4860 ia
1675 4806 1720 4860 viu
1749 4799 1922 4873 camapcrircl

238 4895 309 4962 Ouis
324 4901 411 4970 putas
427 4898 466 4953 ita
482 4895 593 4970 produit
623 4912 657 4951 aa
678 4895 773 4958 nohis,
797 4899 828 4950 nt
846 4896 1019 4968 praeeipuam
1037 4901 1066 4952 et
1118 4897 1200 4953 nobis
1215 4895 1416 4968 Scripturarlt
1430 4894 1459 4950 Si
1476 4895 1543 4966 quia
1565 4909 1699 4949 sermone
1710 4897 1819 4958 nostro,
1834 4889 1855 4944 si
1870 4883 1921 4959 qui!

239 4985 364 5057 primam
381 4986 457 5043 inter
471 4986 571 5042 omnia
592 4983 737 5041 sermonis
752 4984 801 5040 Dei
818 4984 923 5040 habeat
939 4983 1065 5040 charita·
1119 4984 1274 5057 Scriptura
1291 4983 1393 5040 divinia
1410 4983 1577 5054 magisterio
1602 4981 1781 5048 vulneratur,
1802 4983 1829 5035 et
1843 4973 1920 5051 potest

240 5072 323 5129 tem?
346 5076 396 5146 qui
422 5077 451 5132 in
478 5075 606 5131 secundo
631 5073 693 5130 loco
722 5073 827 5129 liberos
850 5077 939 5145 ponat
950 5074 964 5127 ‘l
977 5074 1066 5129 Juxta
1119 5074 1214 5128 dicere
1230 5073 1299 5146 quia
1313 5071 1468 5128 vulnerata
1481 5070 1632 5127 charitatis
1647 5085 1711 5142 rgo,
1731 5069 1808 5124 huno
1821 5070 1848 5122 et
1861 5057 1917 5118 illud

242 5159 453 5220 huncmodum
487 5181 553 5220 ama
587 5179 706 5219 uxorem
740 5166 832 5218 tuam.
854 5162 1065 5234 Nullasqaippa
1121 5162 1241 5217 forsitan
1257 5161 1402 5234 sequitur,
1419 5159 1489 5233 quid
1514 5159 1634 5215 forsitan
1650 5153 1917 5216 dicolmauilestum

240 5245 486 5316 aliqauudosaam
517 5269 630 5310 caraem
661 5251 723 5308 odio
743 5251 847 5318 liuhad,
869 5251 1014 5307 sedamat
1032 5255 1065 5306 ut
1119 5250 1422 5323 promouententiam.

240 5348 376 5392 earnem:
394 5342 530 5414 Etoraot,
565 5341 671 5414 iuquit,
692 5341 745 5396 duo
764 5341 792 5395 ia
824 5355 907 5395 cortu
927 5355 982 5395 ana
998 5339 1017 5406 ¹,
1034 5343 1064 5394 et
1152 5339 1180 5394 9.
1197 5339 1278 5396 Vera.
1294 5337 1578 5410 craumersiae
1602 5339 1807 5418 capitaneae
1825 5332 1917 5389 distat

275 5456 518 5530 ”Matthxsst
558 5464 847 5537 ¹uphes.v,2e,3t.
885 5463 1028 5532 'Genua
1049 5461 1092 5522 17.
1113 5463 1318 5534 'heutvnh⁸
1357 5460 1489 5518 lllatth.
1523 5477 1592 5531 xxii,
1608 5461 1652 5518 39.
1691 5459 1816 5518 ‘uitta
1849 5447 1916 5508 ull

240 5531 251 5570 ⁶
268 5531 322 5590 lsa.
338 5547 414 5600 xcix,
430 5535 456 5600 2,
473 5535 501 5593 6,
539 5535 631 5591 'Luc
647 5552 723 5604 xxiv,
741 5535 785 5592 32.

276 5655 332 5749 (ll)
351 5654 499 5714 Proxima.
515 5653 610 5710 Codex
624 5651 749 5726 Beluae,
762 5657 904 5738 plurimu.
