4096 6164
142 311 200 383 280
704 314 861 384 courel
881 313 1065 384 JOANNCM
1086 314 1294 386 illllllOSOL.
1792 323 1869 392 Μ’

142 469 173 512 se
188 453 298 510 habeat
313 454 391 525 quod
408 451 514 509 callide
528 456 634 510 tuccas.
656 453 709 519 Oui
730 469 798 528 ergo
823 455 859 510 de
874 454 973 509 anima
987 455 1014 520 Α
1029 454 1133 509 anima
1161 455 1288 513 Creator.
1314 453 1378 511 Noli
1405 453 1554 528 despicere
1585 453 1744 514 bonitatem
1769 458 1851 533 figuli

141 541 233 599 semel
248 541 345 598 dicere
361 557 500 614 coeperas,
522 544 551 596 et
573 543 609 598 de
632 559 663 598 re
686 547 769 600 tanta
794 543 830 599 ab
854 543 971 599 exordio
1028 543 1080 610 tui,
1099 544 1148 616 qui
1164 548 1192 599 te
1207 543 1373 618 plasmavit,
1399 549 1429 600 et
1452 543 1520 600 lecit
1546 547 1578 600 ut
1600 545 1702 602 veluit.
1728 547 1792 619 lpse
1808 552 1851 604 est

141 631 322 688 conditionis
346 631 483 689 humanae
508 635 655 702 repetere:
686 648 749 701 cnr,
774 630 973 704 disputatione
1027 630 1078 686 Dei
1107 631 1199 689 virtus
1225 638 1254 690 et
1281 633 1332 689 Dei
1363 633 1509 705 sapientia
1541 633 1592 706 qni
1624 635 1677 704 [Αἱ.
1717 638 1792 709 quse]
1822 637 1851 693 in
1895 685 1900 697 .

141 721 303 794 pendente,
316 720 352 777 ad
367 718 489 794 angelos
503 723 532 776 et
547 719 582 775 ad
607 719 856 792 dispensationem
873 719 972 776 Darni-
1028 725 1110 777 utero
1126 721 1256 794 Virginis
1272 723 1425 780 aedificavit
1440 721 1495 778 sibi
1511 723 1645 779 domum.
1657 723 1763 796 Jephtu
1777 725 1854 782 inter

143 810 206 866 nici
224 809 351 882 corporis
366 813 486 881 repente
500 808 704 865 transcendis:
731 814 760 864 et
783 813 843 864 tam
869 807 973 882 grandi
1027 809 1732 882 virossanctostpostelivocenumeratusfflebr.
1744 815 1852 886 x1,32),

147 899 180 954 in
198 898 296 954 medio
309 896 503 970 pretermissa
517 896 642 964 salebra,
659 896 764 954 dubios
788 914 843 953 nes
868 898 897 952 in
912 897 973 952 luto
1029 898 1188 954 meretricis
1204 902 1248 954 ret
1263 899 1413 956 filiusscd
1430 899 1571 966 nudi⁸,ex
1583 899 1747 957 Rebeccaet
1763 902 1852 970 Isaac,

150 988 263 1044 haerere
276 984 406 1058 puteris?
419 985 449 1040 Si
471 985 631 1042 insufflatio
652 986 703 1043 Dei
727 987 817 1058 (quod
844 1002 902 1042 non
917 986 972 1053 ris,
1028 987 1102 1042 Esau
1119 988 1246 1060 genitus,
1262 986 1407 1060 hispidus,
1425 993 1485 1044 tam
1501 993 1598 1044 mente
1613 1006 1703 1061 quam
1718 1005 1849 1062 corpore,

151 1080 179 1132 et
188 1076 265 1147 quod
276 1090 354 1130 nunc
364 1074 508 1147 relinquis
519 1074 703 1148 ambiguum)
720 1073 856 1130 humanae
869 1075 973 1130 anima
1028 1077 1113 1147 quasi
1129 1077 1237 1133 bonum
1250 1076 1381 1133 triticum
1405 1077 1434 1132 in
1459 1077 1561 1132 lolium
1588 1093 1753 1151 avenasque
1767 1079 1855 1153 dege·

146 1163 276 1220 conditio
292 1169 355 1220 eat:
372 1163 440 1232 Eva,
455 1163 486 1219 in
502 1164 586 1234 cujus
601 1163 704 1219 faeiem
730 1179 788 1220 non
814 1163 975 1220 insullluvit
1029 1169 1129 1222 uerat:
1147 1165 1216 1238 quia
1241 1182 1298 1222 non
1324 1165 1353 1220 in
1377 1164 1554 1234 seminibus,
1580 1166 1630 1222 scd
1655 1167 1684 1222 in
1707 1167 1856 1224 voluntate

144 1254 235 1320 lleus,
253 1253 333 1308 unde
349 1254 479 1308 animam
495 1252 622 1308 habuit?
639 1253 731 1308 Taceo
756 1253 792 1308 de
816 1253 883 1320 Eva,
910 1269 975 1324 qna
1030 1253 1187 1319 nascentis,
1203 1271 1292 1311 eausa
1312 1260 1357 1310 est
1382 1254 1517 1310 vitiorum
1543 1259 1631 1326 atque
1653 1255 1808 1312 virtutum.
1825 1255 1856 1312 Si

143 1343 173 1398 iu
190 1347 261 1414 type
278 1341 415 1398 Ecclesia
431 1342 466 1398 de
481 1346 562 1398 costa
577 1341 629 1396 riri
646 1342 799 1406 aedificata,
816 1359 874 1397 non
890 1342 976 1398 debet
1029 1343 1140 1399 eliense
1159 1347 1204 1399 est
1228 1343 1309 1399 nasci
1334 1343 1506 1416 corporibus
1530 1343 1683 1412 humanis,
1708 1347 1855 1416 quomodo

144 1435 313 1504 posttanta
334 1430 443 1490 saecula
465 1435 603 1503 nepotum
629 1429 793 1487 calumnias
817 1431 973 1488 sustinere.
1031 1433 1110 1488 lsasc
1134 1432 1210 1504 (Gen.
1236 1434 1327 1504 ιινιιι),
1352 1433 1476 1489 Samson
1502 1431 1603 1502 (lodic.
1629 1433 1704 1504 ιιιιι),
1727 1432 1856 1490 loannes

144 1519 215 1575 Cain
232 1523 262 1574 et
276 1518 361 1587 Abel,
386 1519 489 1592 primis
514 1535 548 1575 err
571 1519 675 1591 primis
700 1519 881 1590 hominibus,
898 1520 977 1576 unde
1031 1520 1163 1592 Baptista
1177 1521 1253 1592 (Luc.
1272 1523 1304 1592 r),
1321 1522 1356 1576 de
1367 1522 1595 1594 repromissione
1611 1522 1798 1578 nascuntur?
1810 1525 1856 1578 ln·

145 1608 278 1664 habuere
294 1607 534 1664 animaslomna
544 1607 683 1681 deinceps
694 1608 858 1664 humanum
871 1624 974 1682 genus,
1030 1607 1138 1682 telligis
1154 1609 1224 1682 quid
1240 1609 1278 1664 sit
1293 1609 1379 1665 tidem
1396 1626 1479 1666 suam
1496 1611 1635 1667 audacter
1645 1627 1679 1666 ac
1690 1609 1781 1667 libere
1792 1627 1858 1683 pro·

146 1697 256 1770 quibus
282 1695 451 1752 animarum
476 1700 611 1753 censetur
640 1695 791 1753 exordiis?
815 1697 919 1752 Utrum
942 1713 976 1753 ex
1031 1697 1132 1753 Cleri?
1149 1698 1224 1754 Pone
1240 1713 1336 1754 errare
1351 1715 1408 1764 rue,
1434 1703 1535 1770 aperte
1560 1699 1625 1755 dico
1649 1699 1727 1772 quod
1750 1701 1856 1756 sentio.

145 1787 278 1854 traduce,
292 1787 380 1858 juxta
394 1785 480 1841 bruta
504 1783 661 1842 animalia:
687 1790 721 1842 ut
747 1787 893 1858 quomodo
912 1803 1014 1884 eor-B
1032 1786 1066 1841 llt
1081 1791 1110 1842 tu
1128 1786 1217 1860 igitur
1239 1791 1290 1843 aut
1315 1787 1404 1844 libere
1428 1791 1528 1844 nostra
1553 1788 1700 1860 prolitare,
1724 1792 1775 1844 aut
1789 1803 1857 1846 con·

146 1892 202 1947 pus
212 1892 249 1931 ex
259 1889 392 1947 corpore,
404 1875 447 1931 sic
458 1874 588 1930 animam
599 1879 753 1947 generetur
764 1890 798 1930 ex
808 1874 928 1931 mima?
939 1892 975 1931 an
1031 1879 1143 1931 stanter
1156 1879 1207 1930 tua
1233 1873 1361 1947 loquere.
1378 1873 1441 1931 Noli
1457 1877 1603 1932 statuere⁸
1618 1881 1645 1932 te
1662 1877 1692 1932 in
1708 1877 1769 1934 acie
1781 1894 1858 1946 mea,

146 1962 341 2020 rationabiles
354 1965 502 2019 creature
522 1963 665 2020 desiderio
689 1979 846 2035 corporum
873 1964 975 2037 paula·

148 2052 207 2106 tim
220 2053 256 2106 ad
271 2055 375 2108 terram
400 2051 525 2124 delapsa
536 2053 554 2120 ¹,
581 2051 741 2108 novissime
765 2053 855 2109 etiarn
870 2053 975 2110 huma·

154 2139 205 2196 nis
220 2138 336 2211 illigata
349 2139 520 2212 corporibus
536 2139 594 2195 sint
611 2142 680 2194 lan
696 2143 773 2196 certe
788 2140 876 2213 (qued
886 2141 976 2197 eccle-

154 2227 310 2284 siasticum
325 2233 366 2286 eat
386 2229 550 2285 secundum
574 2227 691 2300 eloquia
713 2228 880 2302 salvatoris)
896 2231 978 2286 Pater·

149 2333 230 2372 meus
244 2333 327 2388 rupae
338 2318 421 2374 morlo
433 2318 592 2390 operetur¹‚
608 2326 634 2373 ct
652 2333 699 2388 epo
722 2334 818 2389 operor
843 2319 933 2390 (lona.
949 2336 975 2388 v,

149 2408 215 2476 tn,
232 2411 261 2462 et
273 2405 346 2462 illud
363 2406 481 2463 lsaiae’:
498 2407 551 2476 Qui
569 2409 671 2478 turmot
697 2408 829 2480 spiritum
853 2407 977 2464 leminis

147 2498 177 2550 ιἰι
194 2497 254 2568 ipsc
270 2511 278 2550 :
295 2499 324 2551 et
338 2495 369 2550 in
382 2496 522 2569 psalmis:
540 2497 594 2564 Qui
607 2495 688 2565 fiuqit
700 2511 748 2562 per
762 2497 887 2565 ciaquloa
897 2496 978 2552 cordo

1032 1968 1063 2020 ut
1079 1963 1239 2020 rusticitate
1253 1964 1393 2021 simulata
1409 1965 1439 2020 in
1451 1969 1514 2022 tuto
1529 1965 1650 2034 babeas,
1674 1982 1741 2022 eum
1756 1965 1856 2022 velue·

1031 2053 1082 2118 ris,
1099 2053 1242 2126 pugnanti
1257 2058 1338 2126 terga
1353 2054 1515 2110 conludere.
1531 2053 1594 2110 Non
1622 2058 1667 2110 est
1681 2053 1768 2111 istius
1783 2060 1857 2112 tern-

1031 2142 1111 2215 pcris
1126 2146 1228 2199 centra
1241 2141 1375 2215 Origenis
1391 2143 1530 2216 dogmata
1553 2142 1757 2200 conscribere:
1774 2142 1859 2200 alteri

1031 2232 1121 2299 istud,
1132 2233 1157 2288 si
1168 2231 1301 2288 Christus
1312 2231 1534 2296 vitamdederit,
1549 2233 1630 2304 operi
1640 2232 1857 2301 dedicabimus,

1032 2320 1115 2376 Nunc
1135 2319 1285 2392 queritur,
1312 2337 1349 2375 an
1373 2319 1424 2392 qui
1449 2320 1594 2392 arguitur,
1620 2321 1655 2375 ad
1680 2319 1859 2393 interrogata

1034 2408 1227 2480 responderit,
1244 2413 1272 2464 et
1282 2407 1405 2480 simplex
1418 2407 1456 2462 sit
1466 2413 1495 2464 et
1505 2413 1606 2480 aperta
1618 2409 1683 2480 ejus
1694 2409 1856 2481 responsio.

1067 2499 1112 2552 23.
1130 2497 1197 2554 Cum
1212 2499 1311 2554 timore
1326 2498 1375 2553 eei
1389 2497 1511 2570 loquitur
1525 2499 1550 2552 ct
1566 2498 1624 2552 nate
1647 2497 1751 2553 audiri.
1766 2502 1857 2556 locra-

148 2601 245 2640 eerum
260 2584 348 2656 (Paul.
373 2601 460 2649 xxxii,
486 2584 541 2656 l5),
565 2584 695 2656 quotidie
719 2585 796 2642 Dens
820 2585 980 2642 lubricatur
1032 2588 1077 2642 ais
1086 2589 1227 2658 consessio.
1246 2586 1489 2642 -Transeamus
1500 2586 1568 2641 hinc
1579 2585 1615 2642 ad
1628 2585 1857 2644 famosissimam

150 2675 269 2729 animas
283 2689 291 2726 :
307 2673 394 2744 cujus
415 2671 488 2728 velle
511 2673 614 2728 fecisse
636 2678 691 2740 est,
715 2677 744 2728 et
767 2673 901 2730 conditor
915 2690 980 2730 esse
1034 2677 1069 2732 de
1084 2676 1295 2732 resurrections
1312 2675 1408 2731 carnis
1422 2679 1451 2731 et
1465 2673 1596 2748 corporis
1611 2676 1815 2746 questionem,
1828 2676 1858 2732 in
1881 2681 1888 2694 “

151 2778 212 2818 uon
227 2761 429 2818 cessat‘lScio
446 2767 625 2833 quocontra
644 2761 705 2817 haec
730 2761 848 2818 soleatis
873 2762 978 2832 dicere,
1034 2782 1092 2837 qua
1115 2770 1143 2820 te
1167 2780 1298 2830 rursum,
1321 2763 1421 2828 lector,
1447 2763 1631 2820 admonitum
1656 2762 1721 2821 volo
1743 2768 1775 2820 ut
1791 2780 1858 2821 curn

151 2855 181 2906 et
195 2849 343 2906 adulteria
362 2849 448 2907 nobis
473 2855 560 2922 atque
584 2851 695 2906 incesta
719 2867 899 2924 proponere;
915 2869 979 2924 quae
1033 2853 1138 2910 timore
1153 2858 1182 2909 ct
1191 2853 1304 2926 J'udicio
1320 2853 1369 2908 Dei
1386 2870 1432 2910 me
1448 2853 1525 2909 stains
1540 2851 1633 2925 loqui,
1659 2857 1688 2909 et
1713 2857 1742 2910 te
1757 2854 1859 2910 audire

154 2939 272 3012 longior
285 2955 387 3012 pugna
400 2943 456 3008 est,
472 2956 525 2996 nec
536 2938 626 3012 hujus
641 2939 784 3013 temperis
803 2941 913 3014 patitur
927 2959 979 2996 an·
1034 2944 1149 3000 debere.
1166 2943 1264 3015 Neque
1280 2942 1358 2998 enirn
1373 2945 1461 2998 tantae
1476 2941 1606 2998 stultitia
1629 2957 1706 3011 sum,
1733 2945 1765 2997 ut
1788 2941 1857 2998 siin

153 3029 280 3102 gestias.
298 3028 406 3084 Eadem
422 3029 618 3085 controversia
638 3033 666 3084 et
690 3028 718 3084 in
743 3045 793 3085 voe
819 3032 979 3103 retorqueri
1035 3031 1214 3106 expositione
1228 3031 1309 3088 illius
1324 3031 1395 3087 fides
1411 3047 1492 3087 mera
1508 3033 1552 3087 est
1567 3049 1573 3086 :
1591 3035 1620 3087 et
1634 3030 1761 3102 pertidia
1777 3030 1858 3087 nulla

152 3123 266 3192 potest:
287 3122 315 3174 et
330 3118 544 3190 quodecunque
562 3118 592 3174 in
616 3117 802 3174 Conditorem
826 3119 979 3191 praesentis
1034 3121 1173 3194 suspicio,
1190 3136 1319 3193 quaram
1333 3119 1490 3176 accusandi
1507 3118 1711 3176 occasionem:
1738 3124 1766 3176 et
1779 3121 1856 3178 m

150 3207 295 3281 temporis
309 3205 427 3262 videtur
440 3205 622 3280 indignum&
638 3206 692 3263 hoc
707 3207 794 3263 ctiam
808 3223 841 3264 eo
852 3209 979 3266 donante
993 3183 1015 3250 G
1034 3210 1104 3266 dum
1120 3208 1184 3266 volo
1194 3207 1285 3265 ulium
1300 3212 1399 3264 notare
1413 3207 1515 3280 culpre,
1525 3208 1589 3280 ipse
1599 3211 1683 3264 noter
1693 3207 1857 3265 calumnia.

153 3313 212 3352 non
239 3299 286 3351 est
308 3295 476 3367 indignum.
502 3295 585 3352 Nesei
607 3296 643 3351 de
663 3295 816 3362 adulterio,
843 3314 900 3353 non
915 3299 980 3369 ejus
1035 3297 1446 3372 lregeergoderesurrectione
1461 3297 1857 3369 carnisqurcsubditasunt3

155 3388 245 3458 culpa
255 3389 300 3440 est
313 3385 364 3456 qui
380 3384 521 3452 nascitur,
538 3385 588 3441 sed
603 3383 775 3442 illicem
791 3385 978 3459 quigenerat.
1034 3393 1063 3444 et
1079 3404 1146 3443 cum
1163 3386 1279 3460 legeris,
1296 3391 1324 3442 et
1339 3385 1519 3459 placueriutl
1535 3385 1606 3458 (scin
1621 3385 1701 3442 enim
1716 3381 1861 3459 placitura

153 3473 307 3537 Quomodo
322 3474 350 3528 in
369 3471 534 3530 seminibus
549 3490 606 3530 non
618 3479 805 3546 peccatterra
817 3476 979 3548 quoesovet,
1035 3476 1264 3548 ignorantibus),
1297 3476 1443 3548 suspende
1462 3475 1620 3546 judicium,
1645 3481 1765 3547 expecta
1789 3492 1860 3548 pau-

157 3578 220 3618 ncn
235 3577 334 3617 semen
347 3563 423 3635 quod
440 3561 469 3618 in
485 3562 583 3618 sulcos
602 3563 722 3633 jacitur,
750 3581 808 3620 non
831 3564 980 3623 humaret
1036 3563 1135 3638 lisper‚
1154 3581 1247 3636 usque
1263 3566 1402 3622 adfinem
1418 3565 1617 3638 responsionis
1633 3569 1738 3621 nostre
1755 3564 1859 3622 cohibe

160 3649 255 3718 calor,
271 3649 372 3720 quibus
384 3656 545 3724 temperata
560 3652 706 3710 frumenta
725 3653 754 3708 in
779 3669 898 3726 germen
913 3655 980 3728 pul·
1037 3654 1231 3709 sententiam:
1256 3656 1285 3708 et
1297 3652 1384 3709 sitibi
1397 3657 1496 3724 postea
1521 3651 1694 3725 placuerint,
1719 3657 1789 3708 tune
1805 3669 1859 3709 nos

158 3739 259 3795 lutaut
274 3739 334 3809 {scd
354 3739 432 3795 verbi
456 3740 561 3812 gratia,
585 3740 631 3796 lur
655 3747 683 3797 et
706 3741 781 3799 latro
805 3746 855 3816 qui
879 3745 980 3802 fraude
1037 3741 1190 3798 calumnie
1209 3742 1372 3798 denotabis.
1395 3763 1408 3792 a
1424 3742 1592 3797 Passionem
1619 3755 1735 3812 quoque
1749 3741 1813 3811 ejus
1829 3741 1858 3798 in

155 3837 183 3886 et
200 3828 256 3900 [At.
283 3829 397 3900 exinde]
422 3829 449 3884 vi
472 3828 559 3901 eripit
583 3829 717 3902 semina),
742 3832 784 3888 sic
808 3833 838 3888 in
860 3849 981 3906 genera·

153 3917 236 3974 tione
251 3916 407 3972 hominum
422 3918 474 3983 [Αἱ.
489 3933 582 3991 genus
595 3918 770 3992 humanum]
782 3921 884 3994 recipit
895 3928 981 3993 terra,

152 4007 183 4062 id
198 4011 255 4070 est,
272 4005 358 4061 vulva
372 4006 450 4078 quod
462 4023 549 4062 suum
562 4012 607 4064 est
621 4025 628 4076 3
640 4013 668 4064 et
679 4015 827 4083 receptum
840 4012 981 4080 confovet,
1037 4007 1229 4064 confitemur:
1247 4009 1297 4080 qui
1313 4007 1426 4078 (Colore.
1441 4025 1461 4075 ι,
1476 4008 1520 4080 18)
1542 4013 1569 4064 et
1595 4007 1809 4081 primogenitus
1825 4024 1860 4065 ex

152 4095 309 4150 centetum
325 4098 469 4166 corporat,
485 4100 670 4168 corporatum
685 4098 715 4154 in
732 4099 865 4156 membra
879 4101 982 4157 distin·
1038 4097 1171 4164 mortuis,
1197 4095 1342 4169 primitias
1363 4113 1466 4153 massa
1499 4112 1653 4170 corporum
1680 4099 1858 4166 nostrorum,

151 4183 225 4256 guil.
244 4183 279 4238 Et
292 4182 370 4238 inter
384 4183 450 4239 illas
469 4189 595 4241 secretas
619 4187 728 4244 ventris
753 4189 916 4262 angustias,
931 4190 982 4248 Dei
1038 4203 1111 4259 quas
1124 4186 1154 4241 in
1170 4182 1302 4258 sepulcro
1319 4184 1430 4258 positas
1445 4185 1606 4251 suscitarit,
1621 4185 1750 4256 pervexit
1763 4184 1798 4238 ad
1806 4201 1861 4239 crn-

153 4289 261 4330 manus
278 4289 397 4344 semper
410 4278 566 4345 operatur:
586 4275 722 4348 idemque
742 4281 787 4333 est
810 4280 940 4352 corporis
954 4285 983 4337 et
1037 4276 1110 4346 lum,
1131 4290 1213 4348 spem
1238 4273 1323 4331 nobis
1347 4273 1568 4330 resurrectionis
1593 4273 1623 4328 in
1649 4271 1861 4330 resurrectione

1038 3845 1123 3886 cruce
1137 3835 1165 3885 et
1180 3833 1303 3886 mortem
1320 3845 1352 3885 ac
1367 3828 1561 3902 sepulturam,
1576 3843 1642 3902 quar
1651 3828 1788 3884 universa
1798 3844 1860 3884 ser·

1037 3920 1122 3986 ravit,
1139 3935 1171 3974 ac
1186 3919 1427 3974 resurrectionem
1449 3917 1579 3986 veritate,
1603 3922 1632 3974 et
1656 3934 1713 3973 non
1728 3917 1860 3990 putative

194 4395 201 4427 ¹
217 4394 281 4450 vid.
296 4396 322 4451 si
338 4394 421 4452 lubet
435 4395 520 4469 epist.
537 4398 569 4454 81
587 4397 616 4453 in
638 4403 737 4454 nostra
763 4401 932 4460 recensione
948 4403 982 4460 de

153 4467 323 4523 animarum
339 4467 461 4540 origine.
478 4469 542 4525 llos
555 4470 619 4525 cod.
637 4469 666 4524 S.
687 4469 788 4527 Crucis
801 4475 938 4544 paulatim
948 4476 983 4531 ud

152 4551 265 4596 urreau
280 4539 411 4611 delapsae,
427 4543 482 4596 etc.

1072 4403 1082 4436 ⁶
1098 4400 1166 4457 Cod.
1183 4403 1211 4454 S.
1227 4399 1339 4468 Crucis,
1355 4400 1420 4455 Nolo
1435 4406 1562 4465 ctutum,
1578 4401 1635 4456 etc.

1071 4471 1247 4528 ἸΡιιῑοάιιιιι
1262 4470 1337 4527 hane
1353 4487 1419 4527 curn
1444 4469 1550 4543 triplici
1576 4467 1731 4542 negatione
1755 4465 1859 4541 legunt

998 4543 1187 4618 [Jhucasqus
1203 4542 1272 4598 editi
1289 4547 1355 4615 post
1378 4543 1543 4609 llrasmum,
1566 4545 1591 4597 et
1614 4557 1671 4597 uon
1692 4539 1858 4612 placuerint.

188 4610 322 4666 ’Deerat
344 4626 432 4677 meus,
457 4612 534 4682 quod
557 4611 675 4685 supplet
700 4629 755 4669 ms.
781 4614 879 4671 Gracc
902 4622 981 4674 textu
1035 4617 1093 4670 acio
1107 4618 1181 4670 enim
1194 4614 1269 4670 ltcud
1281 4616 1430 4686 placituro,
1444 4617 1473 4670 et
1488 4630 1564 4683 mex,
1580 4615 1605 4668 ct
1625 4613 1676 4668 tibi
1698 4615 1860 4682 postconcn

152 4682 346 4738 assentiente.
377 4683 432 4738 Pro
455 4684 537 4740 laute
560 4689 657 4739 autern
672 4684 817 4742 Victorius
840 4689 983 4746 Zoclrurr'ee
1033 4688 1199 4759 placuerint.
1217 4686 1256 4740 Ex
1271 4690 1441 4742 tctoautem
1457 4690 1590 4742 contextu
1607 4701 1640 4739 ao
1662 4682 1861 4740 seriecrntio·

151 4753 237 4824 legit.
255 4753 354 4826 sicque
370 4753 570 4826 reponendum
588 4761 686 4811 monet
708 4755 893 4815 llartinnaeus
909 4777 981 4832 que·
1037 4756 1287 4829 nisetscriptoris
1303 4756 1431 4813 mentali
1457 4761 1514 4823 uet,
1536 4755 1683 4836 contrario
1703 4752 1860 4835 legendum

153 4839 228 4949 qipa,
245 4825 320 4895 quod
337 4825 590 4951 hujuffiprophetm
605 4827 666 4882 sint
687 4828 775 4884 verba
799 4845 862 4902 cap.
887 4848 938 4904 nir,
957 4833 981 4888 l.
1036 4844 1101 4884 esse
1116 4844 1216 4952 senata,
1241 4827 1408 4954 triqpmque
1431 4774 1512 4910 iilam
1535 4826 1661 4953 negantis·
1686 4822 1860 4949 parttpulpm

152 4903 442 5048 Afflisrflliiiinlrsriiae.
482 4902 609 5025 ppthpnae
634 4967 789 5051 legendum
815 4974 981 5030 Zachariae:
1036 4911 1862 5050 {lxiiiiagrregugnslcripesigei'iriilal'tilchcicaiagaciiliqsrreieasirliss

152 5037 218 5094 haec
234 5055 313 5094 enim
330 5041 417 5096 verba
432 5040 511 5111 apud
531 5039 701 5097 Zachariam
726 5045 822 5112 posita
845 5042 983 5116 leguntur
1037 5043 1163 5098 nectitur
1183 5046 1270 5112 atque
1301 5039 1485 5106 eventiletur,
1511 5039 1561 5095 sed
1585 5039 1719 5106 loannis,
1743 5035 1860 5100 subdoli

148 5125 218 5182 cap.
234 5127 285 5178 xrr,
303 5110 330 5178 l,
346 5110 415 5167 licet
428 5111 506 5184 apud
523 5111 628 5168 lsaiam
646 5111 740 5168 multa
764 5112 901 5171 dicantur
917 5132 980 5188 cap.

151 5186 255 5264 arctet
277 5198 344 5246 ιιιιι,
370 5182 406 5239 de
429 5183 576 5240 creatione
600 5181 704 5239 anime
728 5187 757 5240 et
783 5183 981 5244 insulllutione

149 5252 486 5407 ³pifiitilgsimliiAnnii&ins.
512 5325 542 5380 S.
568 5324 680 5408 Crucis,
706 5342 773 5382 curn
798 5331 884 5382 antea
903 5333 981 5386 esset

149 5399 303 5452 contrario
320 5412 419 5462 sensu,
436 5398 467 5452 lu
489 5395 661 5454 Condatorcm
706 5401 831 5454 roseata
853 5402 982 5472 temporie

146 5467 263 5594 zeletur
277 5467 436 5539 indipaum,
452 5469 501 5523 boc
518 5470 601 5526 etium
620 5484 651 5524 eo
692 5475 793 5525 ocante
814 5486 869 5526 non
882 5475 923 5528 ert
936 5475 981 5528 ιἰι-

223 5556 282 5594 ωη.
411 5571 414 5580 ι

183 5556 313 5665 ‘'a'''v„b,
328 5609 380 5666 Sed
394 5610 462 5666 cadi
476 5610 506 5666 in
521 5627 577 5667 ms.
595 5611 624 5668 S.
641 5610 741 5668 Crucis
765 5612 978 5674 desiderantur.

152 5681 236 5744 ntra
249 5681 359 5742 leviora
371 5682 506 5758 quedam
520 5699 555 5742 ex
569 5683 672 5742 eedem
686 5685 890 5746 emendantur.

1036 5112 1174 5174 haeretici,
1200 5129 1262 5184 qun
1288 5111 1445 5167 artificiose
1469 5110 1540 5166 adeo
1565 5108 1682 5177 texitur,
1706 5113 1738 5164 ut
1760 5108 1861 5180 prima

1037 5187 1130 5240 l'ronte
1146 5183 1268 5257 placeat,
1290 5183 1416 5239 manime
1442 5181 1656 5253 ignorantibus,
1684 5184 1713 5236 et
1733 5180 1785 5252 qui
1800 5178 1861 5236 doli

1036 5255 1109 5312 nihil
1125 5255 1320 5327 suspicentur,
1338 5255 1388 5309 sed
1414 5260 1480 5325 post
1503 5253 1671 5324 Hieronymi
1695 5252 1862 5324 responsio·

1037 5345 1114 5395 nem,
1131 5327 1156 5383 si
1172 5325 1325 5399 placuerit,
1341 5325 1402 5398 ipse
1416 5324 1485 5381 velit
1495 5323 1649 5381 calumniae
1661 5323 1805 5378 denotari.
1818 5325 1862 5380 lta

1036 5405 1175 5471 praetereu
1191 5397 1269 5469 legit,
1286 5396 1535 5470 quemadmodum
1554 5401 1583 5452 et
1607 5394 1861 5520 emendastprn-

1036 5469 1237 5526 stantissimus
1251 5473 1279 5523 S.
1296 5469 1396 5525 Crucis
1411 5485 1479 5536 ms,
1496 5468 1619 5541 dureque
1633 5470 1745 5522 veteres
1760 5481 1775 5522 e
1798 5469 1861 5532 rtie-

1035 5557 1098 5608 nes,
1113 5539 1203 5597 altera
1216 5540 1344 5596 Venetiis
1361 5541 1439 5609 taso,
1456 5543 1547 5597 altera
1561 5555 1609 5595 an.
1630 5539 1798 5610 insequenti
1812 5536 1860 5592 Ni·

1035 5609 1109 5670 cclni
1133 5611 1231 5668 Keslet
1255 5611 1325 5668 civis
1353 5611 1546 5678 Basileensis,
1576 5625 1640 5684 que
1665 5613 1693 5666 et
1716 5605 1860 5692 superiori

1033 5701 1121 5746 uersu
1135 5683 1254 5754 habeut,
1269 5683 1301 5742 dc
1311 5685 1512 5744 rerurrectione
1525 5683 1676 5752 Dominae
1689 5694 1796 5756 eerraira.¹
1846 5727 1855 5739 .
