4056 6156
197 155 239 223 ii
815 153 848 228 S.
871 153 1029 228 actuali
1049 155 1284 226 umaouuul.
1857 155 1883 226 2·

237 296 280 355 13.
295 295 411 356 letorii
424 295 576 354 tumititcs.
591 325 626 338 -
640 295 771 353 Tandem
793 295 930 370 fatigatus
945 297 1016 368 [t'er.
1031 292 1061 360 Α
1074 293 1195 352 baberet
1208 296 1228 352 ⁸.
1247 294 1405 353 Fluctuane
1415 292 1519 369 itaqua
1532 289 1612 354 varic
1634 289 1743 353 mentis
1765 293 1850 364 astu,
1867 300 1898 356 et

198 385 385 460 defatigatus]
395 391 425 444 ct
439 385 562 442 anhelus
573 385 614 442 ¹ad
630 382 832 441 habitaculum
848 402 937 442 suum
952 401 1019 441 can·
1075 399 1176 440 secum
1189 385 1282 442 multa
1295 389 1445 459 reputans,
1458 383 1573 441 dicebat
1584 383 1625 441 :Si
1635 385 1674 440 ad
1684 385 1895 444 monasterium

198 477 271 534 fecto
285 475 389 532 itinere
404 475 544 547 pervenit.
560 474 696 531 Caicum
722 476 781 531 duo
802 473 951 546 discipuli,
968 472 1020 546 qui
1074 477 1210 542 revertar,
1224 475 1373 546 quatridui
1388 474 1447 546 [At.
1463 473 1565 545 tridui]
1580 473 1636 530 iter
1650 477 1712 530 eet:
1729 473 1755 532 si
1770 475 1818 532 bie
1835 493 1895 534 ura·

198 566 224 622 ei
235 565 298 638 jam
314 563 442 636 longaeva
457 563 626 620 ministrare
637 568 782 635 caeperunt
793 565 812 631 ¹,
826 561 1021 618 accurrissent
1074 579 1170 630 acam,
1187 562 1259 618 nibil
1275 564 1350 619 ultra
1362 562 1525 636 proficiam.
1546 563 1596 620 12
1618 561 1727 620 Moriar
1748 579 1817 638 erga
1827 567 1848 636 ⁷,
1865 570 1898 622 ut

199 656 247 710 11
269 651 417 708 diceutes:
433 652 487 708 Ubi
511 651 612 708 tandiu
635 656 766 708 moratus
781 667 823 718 ee,
840 653 944 724 pater?
959 665 1019 707 res·
1074 651 1197 722 dignum
1213 655 1267 718 eet,
1284 653 1371 725 juxta
1397 651 1568 709 bellatorem
1594 654 1690 722 tuum,
1719 652 1845 722 Christe,
1868 660 1897 712 et

198 739 469 814 pandit:Vanribi
488 739 642 812 peccatori,
674 739 723 812 qui
753 739 860 796 falsum
884 739 1017 794 manacbi
1074 756 1172 809 ruens,
1187 744 1350 796 extremum
1364 741 1488 797 halitum
1505 739 1636 796 lundam.
1653 741 1735 799 Talia
1750 758 1783 799 ea
1798 743 1896 802 auimo
1929 785 1932 790 -

196 843 304 884 nomeu
320 829 389 884 lero.
405 828 471 884 Vidi
487 827 590 899 liliam,
606 829 664 884 vidi
679 829 822 885 loannem
851 825 880 882 iu
906 828 1019 884 deserta
1073 826 1283 894 volvente,rcce
1298 829 1356 884 duo
1370 827 1468 884 leones
1484 843 1518 884 ax
1532 827 1678 884 interioris
1702 827 1792 884 eremi
1811 835 1894 900 parte

93 953 98 965 ·
198 922 228 974 et
241 933 309 973 vere
323 915 381 972 vidi
395 916 519 973 Paulum
535 917 564 972 in
579 917 727 989 paradiso.
752 919 786 971 ut
810 915 853 971 sic
874 933 924 972 cro
944 932 1021 972 cam·
1073 920 1234 987 currentes,
1248 917 1413 974 volantibus
1428 933 1480 990 per
1493 915 1568 976 colla
1587 916 1681 987 jubis,
1706 917 1893 990 ferebantur;

197 1023 309 1079 presso,
326 1011 355 1062 et
370 1022 460 1062 manu
481 1007 639 1062 verberans
653 1009 765 1077 pectus,
783 1021 817 1061 ex
831 1003 936 1062 cellula
957 1005 1019 1077 pal·
1075 1006 1182 1078 quibus
1199 1006 1325 1079 aspectis
1351 1006 1445 1078 primo
1473 1003 1632 1062 exhorruit.
1658 1006 1829 1080 Rursusque
1858 1010 1894 1066 ad

196 1094 269 1152 lium
287 1094 415 1168 protulit.
426 1094 668 1168 Ragantibusque
682 1092 846 1166 discipulis,
858 1097 890 1149 ut
905 1093 1019 1166 plenius
1074 1096 1167 1152 Deum
1187 1097 1316 1152 reterens
1331 1100 1471 1163 mentem,
1495 1093 1580 1165 quasi
1602 1092 1753 1151 columbae
1773 1095 1895 1163 videret,

197 1183 339 1256 quidnam
355 1183 395 1238 rei
412 1188 489 1239 esset
500 1185 667 1254 exponeret,
682 1182 741 1238 ait:
763 1184 875 1254 Tempus
898 1183 1019 1250 taccradi,
1074 1183 1183 1240 mansit
1197 1184 1372 1256 intrepidus.
1388 1187 1422 1240 at
1437 1183 1479 1239 illi
1495 1181 1613 1255 quidem
1628 1181 1737 1242 directo
1750 1200 1837 1242 cursu
1857 1186 1894 1242 ad

195 1279 330 1343 ettempas
345 1270 473 1342 laquearii
487 1271 583 1342 (Certe.
600 1287 643 1338 111,
659 1273 698 1342 7).
974 1269 976 1274 ’
1073 1274 1196 1330 cadaver
1220 1272 1296 1330 beati
1311 1272 1390 1330 senis
1413 1272 1618 1340 substiterunt,
1648 1270 1895 1344 adulantibusque

120 1373 123 1380 ’
234 1361 275 1414 tl.
291 1360 486 1416 Pauliaaima
504 1360 749 1432 interrogatorum
769 1360 871 1415 abarca.
890 1391 923 1398 —
939 1359 1020 1415 Tune
1074 1362 1175 1418 caudis
1190 1361 1343 1435 circaejus
1358 1363 1447 1434 pedes
1461 1360 1770 1418 accubuere:sremitu
1784 1360 1894 1434 ingenti

195 1463 333 1522 egressus
344 1448 462 1518 fornaci
473 1464 508 1504 na
523 1448 669 1506 medicum
683 1448 801 1521 quidem
816 1449 873 1504 cibi
888 1465 1019 1518 sumens,
1074 1450 1234 1524 rugientes,
1251 1467 1372 1524 prorsus
1387 1453 1419 1506 ut
1433 1447 1612 1522 intelligeres
1636 1449 1687 1516 [st.
1707 1447 1894 1523 intelligeret]

196 1537 338 1610 perviam
356 1554 412 1610 qua
428 1542 556 1604 venerat,
585 1553 737 1610 regressus
764 1542 809 1594 cst
838 1540 906 1605 [Ver.
923 1555 1019 1612 regre-
1074 1556 1124 1596 eos
1145 1540 1368 1613 plangereque
1397 1539 1483 1595 modo
1509 1541 1651 1610 poteraut.
1681 1536 1790 1595 Deinde
1815 1537 1895 1596 baud

197 1626 354 1697 diabatur],
370 1624 456 1683 illum
471 1625 584 1692 sitiens,
611 1625 697 1682 illurn
717 1625 815 1682 videre
839 1627 1021 1699 desiderans,
1035 1661 1059 1727 Β
1075 1628 1175 1701 procul
1191 1631 1342 1701 coeparunt
1355 1627 1479 1684 humum
1496 1625 1619 1698 pedibus
1643 1623 1791 1698 scalpere⁸
1807 1643 1815 1695 ς
1830 1643 1894 1683 ara·

197 1713 281 1771 illum
297 1713 391 1771 oculis
405 1731 439 1771 ac
461 1718 522 1770 tata
550 1719 646 1771 menta
665 1715 871 1786 complectens.
887 1715 1021 1773 Timebat
1075 1733 1202 1790 namque
1217 1717 1348 1773 certatim
1364 1719 1524 1790 egerentes,
1549 1714 1638 1772 unias
1659 1713 1788 1772 bominis
1809 1731 1894 1788 capa·

197 1802 288 1878 enim,
304 1803 382 1877 quad
397 1803 544 1870 mevenit,
561 1820 597 1861 ne
620 1819 652 1860 se
666 1805 794 1872 absente,
811 1803 923 1860 Christo
938 1805 1019 1861 debi·
1074 1823 1135 1862 cem
1148 1805 1244 1862 locum
1259 1802 1396 1861 iodaruiit
1407 1806 1478 1872 [Ver.
1494 1804 1665 1860 effoderunt.
1681 1803 1779 1871 littae
1796 1803 1894 1860 statim

197 1894 287 1950 tum²
315 1892 451 1965 spiritum
475 1893 619 1949 redderet.
646 1893 778 1966 Cumque
802 1894 865 1967 J'am
880 1893 948 1950 'dies
963 1893 1020 1950 alia
1074 1894 1158 1968 quasi
1171 1895 1334 1952 mercedem
1347 1911 1399 1966 pro
1416 1909 1502 1965 opere
1516 1891 1710 1965 postulantes,
1726 1907 1794 1948 cum
1812 1896 1895 1948 muta

196 1979 352 2051 illuxisset,
366 1981 495 2038 citrium
509 1981 649 2038 hararum
664 1981 758 2054 spatio
773 1982 828 2038 iter
846 1987 1019 2052 remaneret,
1074 1985 1189 2040 surium
1204 1983 1313 2040 cervice
1328 1982 1448 2054 dejecta,
1465 1982 1502 2038 ad
1523 1981 1682 2038 Antonium
1707 1985 1896 2053 perrexerunt

196 2069 290 2126 vidit³
304 2071 380 2126 inter
394 2069 566 2144 angelorum
575 2070 796 2140 cateruas,inter
810 2070 1018 2143 prophetarum
1073 2088 1181 2129 manus
1195 2072 1260 2144 ejus
1276 2070 1422 2145 pedesque
1435 2067 1589 2142 lingentes.
1600 2072 1638 2124 st
1652 2067 1700 2126 ille
1715 2068 1896 2126 animadver

196 2163 225 2216 et
239 2159 436 2232 apostolarum
453 2157 567 2225 choros,
584 2159 666 2215 nivea
682 2159 807 2215 candore
823 2158 945 2215 Paulum
962 2158 1018 2216 lul·
1074 2160 1132 2216 titt
1147 2157 1380 2216 benedictionem
1397 2174 1446 2214 eas
1469 2173 1532 2214 ase
1546 2156 1667 2230 precari.
1683 2161 1740 2213 Nec
1759 2173 1850 2226 mara,
1865 2158 1894 2214 in

196 2245 1018 2322 genteminsublimaconscendere.Etstatimiulaciem
1073 2246 1271 2304 laudationem
1289 2244 1395 2302 Christi
1417 2245 1538 2312 citisus,
1568 2243 1646 2317 quad
1670 2246 1753 2300 muta
1779 2259 1894 2317 quoque

198 2351 282 2392 suam
311 2335 476 2408 procidens,
507 2333 644 2392 sabulum
679 2335 766 2407 capiti
796 2335 1018 2408 superjaciebat,
1074 2335 1213 2392 animalia
1224 2336 1316 2392 Deum
1332 2350 1396 2391 asse
1412 2333 1566 2402 sentirent,
1595 2333 1658 2388 ait:
1683 2332 1895 2400 Domine,aiue

198 2421 377 2496 ploransque
392 2428 420 2480 et
434 2423 559 2496 ejulans,
581 2423 676 2478 aiebat
691 2424 763 2495 [Vm.
779 2424 880 2495 tacetl:
901 2425 958 2479 Cnr
973 2440 1020 2480 me
1074 2421 1434 2497 cujusnutunectaliura
1464 2420 1576 2478 arbaris
1604 2421 1715 2490 defluit,
1735 2437 1789 2478 nac
1818 2438 1894 2477 unns

201 2511 298 2578 Paule,
315 2511 466 2568 dimittis?
481 2528 534 2568 cur
545 2511 723 2569 insalutatus
745 2511 831 2568 abis?
852 2513 921 2568 Tam
938 2513 1020 2570 tarde
1074 2529 1227 2587 passerum
1243 2513 1279 2568 ad
1295 2517 1403 2567 terram
1415 2509 1503 2576 cadit,
1515 2509 1552 2566 da
1564 2508 1624 2566 illia
1639 2509 1716 2566 sicut
1729 2513 1761 2566 tu
1777 2509 1845 2566 scis.
1861 2509 1896 2566 ut

198 2605 296 2669 nctus,
313 2608 372 2656 tam
387 2601 442 2657 cito
458 2600 594 2658 recedis?
692 2655 695 2662 ,
1076 2619 1165 2659 manu
1178 2617 1311 2658 annuens
1328 2601 1382 2672 [At.
1393 2599 1531 2670 innuens]
1547 2597 1599 2665 eie,
1615 2602 1647 2654 ut
1662 2597 1786 2668 abirent,
1802 2598 1896 2671 impe·

233 2689 450 2744 remestrensi
478 2692 579 2761 pastea
599 2689 702 2745 beatus
727 2689 870 2747 Antonius
893 2693 1021 2747 tantase
1074 2691 1158 2747 ravit.
1182 2692 1315 2763 Cumque
1340 2687 1382 2744 illi
1412 2687 1611 2755 recessissent,
1638 2686 1733 2744 sancti
1767 2688 1896 2760 corporis

194 2775 358 2846 velocitate,
376 2778 453 2850 qnod
470 2777 616 2850 reliquum
631 2785 692 2834 erat
714 2777 766 2834 via·
792 2778 966 2848 cucurrisse,
988 2782 1021 2835 ut
1074 2779 1158 2836 oncri
1175 2780 1227 2852 [At.
1244 2783 1341 2846 onera]
1358 2776 1466 2834 seniles
1482 2775 1611 2832 curvavit
1624 2775 1782 2844 bumeras;
1798 2779 1827 2833 et
1845 2777 1897 2832 de-

197 2866 234 2923 ad
249 2865 343 2922 instar
358 2866 419 2922 avis
434 2864 612 2938 pervolaret:
631 2883 684 2922 nce
703 2866 870 2936 immerit0;
885 2884 953 2923 num
977 2867 1020 2923 in·
1072 2867 1169 2942 posito
1180 2885 1213 2926 eo
1228 2868 1348 2924 eliceam
1365 2867 1396 2936 ¹⁰,
1410 2867 1537 2937 desuper
1559 2864 1683 2920 humum
1705 2879 1897 2938 congregans,

195 2954 559 3029 tragressusspclunaam,
584 2955 656 3010 vidit
678 2957 749 3027 [Ver.
777 2955 864 3028 videt]
885 2957 1019 3030 genubus
1074 2955 1223 3013 tumulum
1252 2971 1287 3012 ex
1313 2971 1393 3010 mare
1422 2952 1585 3026 posuit[1lt.
1615 2953 1800 3025 composuit1.
1819 2953 1898 3012 Poet-

197 3043 390 3116 oumplicatis,
406 3047 499 3099 erecta
519 3042 638 3111 cerviae,
664 3045 851 3116 extensisque
873 3045 903 3114 in
927 3043 1019 3102 altum
1036 3031 1057 3097 C
1076 3062 1166 3118 quern
1182 3049 1280 3100 autem
1296 3043 1353 3099 alia
1367 3043 1430 3099 dies
1445 3041 1551 3110 illuxit,
1566 3057 1603 3098 ue
1622 3041 1692 3114 quid
1716 3041 1783 3115 pius
1805 3041 1898 3099 hares

197 3131 345 3200 manibus,
360 3148 466 3204 corpus
478 3131 619 3188 exanime.
636 3134 677 3189 Ac
692 3134 820 3206 primum
844 3139 871 3190 ct
895 3134 902 3187 i
906 3151 958 3206 pec
976 3135 1019 3190 vi·
1075 3151 1110 3192 ex
1124 3132 1254 3190 intestati
1270 3133 1354 3190 bonis
1370 3149 1428 3188 non
1442 3131 1748 3205 possideret,tnnicam
1765 3132 1829 3204 ejus
1840 3133 1896 3188 sibi

196 3235 263 3276 uere
277 3235 344 3276 eum
361 3220 493 3287 credens,
509 3219 618 3292 pariter
645 3223 755 3278 orabat.
772 3222 931 3294 Postquam
955 3237 1020 3278 vero
1074 3221 1242 3289 vindicavit,
1260 3238 1348 3294 quam
1364 3220 1396 3277 in
1417 3224 1583 3294 spartarum
1608 3220 1729 3277 mudum
1743 3219 1779 3276 de
1793 3220 1897 3294 palme

199 3307 336 3376 utnulla,
353 3313 386 3364 ut
395 3307 515 3376 solebat,
532 3308 660 3382 suspiria
687 3310 832 3382 precantis
853 3310 973 3378 audivit,
990 3309 1020 3366 in
1077 3312 1131 3384 tlt.
1148 3310 1326 3382 palmarum]
1337 3308 1414 3366 toliis
1433 3307 1563 3382 ipsesibi
1586 3311 1783 3366 contexuerat.
1798 3313 1841 3365 Ac
1857 3311 1899 3366 sic

87 3398 89 3410 '
199 3395 294 3455 llebile
304 3395 439 3453 osculum
452 3413 549 3464 ruens,
562 3395 890 3471 intellexit,quadetiam
901 3400 1022 3456 cadaver
1076 3399 1113 3457 ad
1138 3397 1350 3454 monasterium
1378 3413 1525 3466 reversus,
1552 3394 1707 3469 discipulis
1734 3401 1838 3454 cancta
1866 3413 1901 3453 ex

198 3485 292 3544 suncti
308 3485 401 3542 Deum
416 3487 437 3553 ⁴,
464 3485 511 3542 cui
537 3486 636 3544 omnia
661 3487 770 3554 vivunt,
800 3487 895 3544 olbcio
920 3493 1022 3560 gestae
1076 3487 1178 3545 ordine
1191 3485 1357 3559 replicavit;
1371 3485 1533 3558 diebusque
1548 3485 1729 3542 solemnibus
1738 3485 1856 3542 Pascha
1870 3489 1900 3542 et

197 3580 384 3649 precaretur.
1079 3577 1264 3634 Pentecostes
1279 3591 1395 3649 semper
1410 3573 1493 3631 Pauli
1504 3574 1604 3630 tunica
1617 3574 1741 3631 vestitus
1755 3577 1809 3631 est.

236 3665 276 3719 16.
294 3663 452 3720 Christiana
466 3663 586 3721 traditio.
604 3695 636 3706 -
652 3665 744 3737 Igitur
759 3663 895 3722 obvoluto
912 3670 942 3721 et
955 3682 1021 3738 pro·
1112 3667 1156 3722 li.
1175 3664 1347 3736 Comparatio
1362 3664 1445 3720 Pauli
1459 3668 1485 3720 et
1498 3663 1617 3719 divitum
1639 3663 1746 3720 saeculi.
1762 3693 1795 3703 -
1817 3663 1902 3720 Libet

196 3752 255 3810 lata
271 3753 350 3809 laras
366 3768 496 3824 corpore,
519 3752 644 3826 hymnos
660 3769 778 3826 quaque
797 3759 826 3810 et
841 3752 971 3826 psalmas
986 3754 1022 3810 da
1076 3755 1106 3810 in
1123 3755 1181 3810 sina
1191 3751 1325 3826 opusculi
1335 3769 1385 3808 eae
1400 3751 1642 3824 interrogare,qni
1654 3765 1709 3807 sua
1723 3749 1902 3822 patrimonia

196 3841 362 3916 Christiana
388 3841 544 3898 traditione
568 3842 736 3912 decantaus,
768 3843 999 3900 contristabatur
1012 3845 1023 3878 ⁵
1077 3844 1224 3918 ignorant,
1237 3841 1288 3914 qui
1302 3842 1405 3898 domos
1421 3839 1617 3896 marmoribus
1629 3838 1768 3908 vestiunt,
1781 3839 1832 3912 qui
1843 3856 1902 3897 uno

196 3928 436 4002 Antonius,qucd
451 3928 611 3996 sarculum,
624 3947 682 4002 qua
696 3934 804 3988 terram
823 3931 943 4002 luderet,
964 3948 1022 3988 non
1076 3929 1277 3988 filovillarum
1300 3929 1424 3986 insuunt
1449 3927 1607 4002 praedia¹¹;
1637 3927 1706 3984 buic
1735 3925 1799 3984 seni
1822 3927 1901 3984 nudo

238 4071 338 4137 ¹Erat,
350 4086 408 4125 nou
423 4070 496 4126 satis
516 4087 644 4144 congruo
664 4089 764 4141 sensu,
777 4074 806 4128 in
823 4072 950 4147 vulgatis
964 4090 1024 4129 om·
1078 4074 1167 4129 torum
1182 4072 1315 4144 effodere:
1332 4089 1400 4128 nrox
1414 4087 1530 4145 quaque
1553 4074 1687 4127 commotu
1707 4071 1820 4125 aurium
1844 4085 1903 4126 uuo

197 4142 296 4208 nibus,
313 4143 402 4214 quiet
416 4143 496 4212 toaqa
511 4143 568 4205 iam
582 4147 701 4217 tempore
729 4146 889 4201 ministrare
911 4160 1022 4200 consae·
1077 4144 1165 4200 verbo
1181 4161 1231 4216 pro
1250 4161 1311 4198 eram
1341 4145 1435 4206 ructa:
1459 4143 1533 4199 alter
1555 4141 1647 4198 Vatia.
1671 4139 1817 4213 antiquior
1840 4157 1904 4197 cum

197 4222 293 4272 ueram
310 4230 317 4283 3
334 4217 411 4270 certe
426 4218 528 4270 contra
544 4214 710 4289 Hieronymi
736 4221 874 4281 mentem,
897 4219 927 4270 et
949 4230 1019 4272 mss.
1077 4219 1158 4270 autu.
1177 4217 1240 4270 l'cr.
1253 4215 1430 4287 postulaturi.

198 4287 297 4344 fidem.
1115 4287 1126 4322 ⁹
1141 4286 1211 4342 Mes.
1230 4303 1288 4340 una
1302 4286 1386 4342 serie.
1404 4286 1492 4343 Utilte
1505 4283 1752 4350 animaduerteret:
1767 4287 1796 4342 et
1814 4281 1902 4356 paulo

233 4355 333 4412 ’Illud
357 4355 478 4411 debiam
507 4355 536 4410 in
560 4355 677 4412 duobus
705 4355 798 4411 Vatic.
828 4355 1020 4413 desideratur.
1079 4357 1430 4429 pastduaVaticauisilri
1450 4355 1752 4428 seruireatprolteum
1771 4369 1901 4410 asseuera-

198 4425 264 4482 Mox
273 4440 340 4480 vera
356 4442 407 4497 pra
422 4429 475 4480 iter
486 4433 649 4508 remaneret,
664 4427 742 4498 quod
758 4443 793 4483 ex
808 4427 941 4483 omnium
957 4444 1024 4483 con·
1038 4393 1062 4459 D
1078 4431 1161 4486 tireat
1172 4446 1182 4492 ,·
1196 4428 1269 4484 alter
1282 4429 1353 4500 qaod
1367 4445 1430 4483 cum
1444 4430 1522 4484 muta
1535 4443 1641 4500 quoque
1663 4425 1800 4482 animatia
1813 4426 1898 4480 seati-

199 4512 287 4552 seneu
304 4509 375 4550 mss.
392 4511 602 4566 expressimus,
632 4504 752 4570 cogente
781 4499 869 4554 etiam
893 4497 1023 4555 inferiori
1078 4503 1150 4555 rerrt.
1167 4500 1232 4555 Ver.
1249 4501 1503 4556 Deumessetacet.

199 4570 345 4630 contextu,
371 4564 524 4638 bucusque
548 4567 715 4624 obtinuerat
747 4568 892 4626 contrario
922 4587 1023 4642 sensu,
1114 4571 1135 4606 ¹⁰
1150 4570 1232 4626 Haud
1248 4576 1323 4625 reste
1338 4575 1401 4625 crat
1414 4572 1443 4626 ia
1459 4567 1682 4640 souamNeriua
1697 4581 1774 4622 unus
1785 4566 1901 4640 Reginae

198 4639 272 4694 aiam
288 4638 471 4693 remeavisset.
1078 4659 1146 4710 ma,
1164 4643 1194 4696 ia
1208 4645 1278 4712 [ossa
1295 4659 1301 4708 ;
1320 4642 1472 4697 verissima
1496 4645 1594 4696 autam
1618 4637 1798 4711 reliquorum
1827 4654 1901 4693 mss.

233 4710 244 4743 ³
260 4707 403 4764 Verania
419 4707 554 4788 prasenti
572 4709 653 4765 redet.
1078 4713 1163 4769 lectio
1177 4711 1240 4767 visa
1262 4721 1305 4767 est
1334 4713 1468 4785 ellassam,
1493 4711 1603 4768 scilicet
1618 4711 1741 4778 hamam,
1758 4712 1811 4766 etc.
1828 4709 1901 4765 Tum

233 4780 396 4836 ‘Sicmss
417 4783 446 4834 et
469 4778 625 4836 Victorius.
647 4779 756 4838 Vitiosa
784 4781 863 4838 enim
889 4781 1021 4838 Martias.
1078 4783 1226 4847 Var.,dies
1244 4784 1461 4840 illuxeratalia.
1905 4781 1911 4792 '

198 4857 265 4924 post
279 4853 403 4920 breem,
431 4849 506 4920 Quod
530 4852 613 4908 ctiam
640 4851 760 4908 cadauer
788 4857 916 4910 sanctam
940 4857 1024 4910 etiam
1115 4855 1221 4922 ¹¹Crat,
1234 4856 1441 4928 lia-o,quodqne
1453 4851 1901 4909 vitiosumaVictorionatatum

198 4925 293 4986 Deum.
309 4929 363 4978 etc.
1078 4931 1174 4995 antea,
1187 4925 1297 4999 praedia
1321 4943 1373 4999 pra
1389 4927 1491 4998 pretia,
1512 4941 1602 4996 penes
1622 4923 1758 4990 Martian,
1787 4919 1834 4977 cui
1858 4937 1904 4976 sa·

233 4993 444 5065 ⁵Varoncnsis‚
474 4993 582 5068 aliique
610 5012 682 5052 mss.
714 4995 826 5051 Prolata
856 4997 931 5068 feras
966 5012 1024 5053 cor·
1078 4995 1174 5053 lemne
1203 5001 1248 5054 est
1271 4999 1438 5063 Erasmum,
1469 4995 1579 5052 caeteris
1604 4993 1687 5050 libris
1714 4990 1901 5054 inconsultis,

195 5065 401 5138 paraptomate
416 5082 521 5138 qaoque
548 5083 582 5123 ec
609 5067 769 5126 Christiana
795 5069 947 5122 traditione
960 5082 1025 5124 can·
1078 5067 1252 5125 describere.
1284 5068 1477 5140 Hieronymus
1504 5083 1571 5124 vera
1591 5064 1689 5122 locum
1708 5063 1842 5120 imitatus
1858 5065 1903 5118 est

199 5138 276 5199 tatia
290 5137 518 5205 contrutatamr,
530 5143 584 5192 etc.
729 5147 731 5152 ’
1078 5156 1113 5195 ex
1128 5139 1300 5196 Tertulliani
1314 5139 1388 5195 libro
1404 5145 1443 5196 De
1457 5139 1549 5196 liubit.
1564 5136 1701 5204 Malitia,
1717 5153 1742 5193 a.
1753 5135 1787 5192 9:
1807 5156 1821 5186 ι(
1839 5131 1902 5190 Una

234 5209 289 5262 ⁶lu
306 5204 412 5261 Veron.
441 5223 523 5274 msa,
554 5209 685 5267 Habebat.
712 5211 914 5280 Ftuetaansque
937 5209 1023 5276 uario,
1078 5211 1248 5268 liuadccics
1263 5211 1431 5267 sestertium
1446 5211 1621 5268 inseritur.»
1639 5208 1691 5264 llst
1705 5211 1804 5264 autem
1818 5203 1900 5261 iilum

200 5281 254 5335 etc.
271 5285 417 5350 reputans:
433 5275 473 5344 Si,
490 5281 544 5332 etc.
557 5279 668 5352 absque
683 5280 855 5354 interposita
878 5279 965 5336 verbo
980 5280 1022 5336 ut-
1079 5282 1126 5338 cui
1142 5283 1307 5356 margaritae
1324 5289 1352 5338 et
1366 5298 1488 5356 gemma
1517 5281 1699 5348 inseruntur,
1724 5281 1753 5335 ct
1780 5275 1902 5334 monilia

198 5352 285 5407 cetat.
1080 5353 1164 5410 siant.
1181 5353 1286 5410 Veron.
1310 5357 1411 5411 umen
1439 5357 1469 5410 at
1491 5351 1548 5409 lino
1563 5367 1615 5423 pra
1630 5349 1688 5422 filo,
1703 5355 1733 5407 et
1742 5349 1835 5422 pretia
1849 5362 1902 5420 pra

235 5423 245 5457 ⁷
262 5421 323 5476 Duo
338 5418 443 5489 Vatia,
459 5419 561 5476 llorim
574 5424 601 5477 et
614 5437 629 5478 e
646 5437 672 5487 a,
688 5425 729 5492 at,
745 5429 801 5480 etc.
1074 5424 1182 5497 praedia
1194 5424 1292 5482 babet.
1847 5445 1850 5450 ·

234 5493 246 5529 ⁸
261 5490 343 5550 Unus
357 5489 462 5560 Vatia,
477 5492 600 5562 sectare,
643 5495 687 5549 ter
698 5509 841 5565 emanare,
858 5499 887 5552 ct
900 5509 1023 5569 capacem
