4056 6170
132 299 217 382 ,tuat
548 341 550 346 ,
742 303 909 371 LHXlooN
930 309 1220 376 aalahaltrttlu.
1761 319 1840 384 libo

133 431 239 490 scribit
252 432 449 507 Hieronymus
463 434 602 508 (arnon,
617 435 651 494 tie
664 435 796 509 Scriptor.
810 440 910 498 lieeler.
934 441 965 497 in
981 442 1118 516 oniperto).
1146 445 1298 503 Hebricam
1330 445 1462 521 linguam
1491 447 1650 520 addiscere,
1675 465 1728 522 pro
1756 465 1838 509 more

132 521 301 580 Graecaram
318 523 463 594 omnium,
479 525 529 599 qai
544 524 713 600 linguarum
727 527 905 586 exoticarum
932 533 1063 588 studium
1092 535 1242 607 aspernari
1271 540 1486 593 consueverunt
1502 555 1509 605 ;
1526 541 1556 595 at
1583 537 1613 594 in
1641 537 1769 612 Jasepha
1785 538 1836 597 illa

132 611 254 668 Hebraeo
266 610 424 668 Mattathia
441 613 502 670 tilio
516 613 603 687 plane
617 615 725 672 mirum
739 616 832 674 videri
846 618 932 675 debet
946 637 953 688 ;
968 620 1053 679 facile
1067 621 1176 695 quippe
1190 623 1303 696 exejus
1326 625 1444 697 scriptis
1468 625 1684 698 deprehendere
1706 626 1784 684 licat.
1801 628 1838 686 ad

128 715 271 774 magnam
286 699 368 757 illam
383 704 413 758 at
435 701 615 776 singularem
634 705 825 762 indulcaram
853 707 1000 780 originum
1022 710 1217 784 cognitionem
1247 729 1304 770 non
1334 729 1434 786 parem
1460 711 1560 787 ipsum
1588 715 1688 787 patria
1717 715 1837 791 loquela

128 787 269 861 peritiam
284 788 455 863 contulisse,
471 793 607 864 quamvis
622 809 653 850 ee
668 794 809 852 nonnulla
823 795 963 854 Hebraico
978 797 1133 871 scripsisse
1160 798 1247 870 dicat,
1278 817 1342 874 qua
1369 801 1455 876 lapsu
1484 807 1650 876 temporum
1682 805 1838 862 intercide-

128 881 210 934 runt.
226 899 241 930 a

167 965 241 1030 ouid
258 966 295 1024 ad
310 967 374 1025 hmo
385 973 531 1042 reponunt
544 969 664 1044 Josophi
680 975 841 1031 assertores
854 971 976 1042 indocti,
992 973 1043 1047 qui
1057 974 1104 1032 vix
1119 973 1277 1048 quamdam
1293 978 1428 1036 aurulam
1451 979 1659 1038 Hebraiaarum
1674 980 1836 1042 litterarum

126 1053 289 1130 capientes,
304 1054 341 1112 do
355 1055 469 1114 intimis
483 1073 572 1114 saara
588 1058 673 1132 Legis
688 1060 827 1118 sensibus
838 1061 983 1133 J'udicium
1001 1063 1075 1119 terra
1090 1081 1146 1120 nau
1173 1069 1319 1135 vereatur,
1335 1071 1364 1123 et
1377 1067 1446 1124 huie
1474 1069 1620 1126 ascribere
1635 1071 1769 1142 scriptori
1784 1087 1837 1144 pe-

128 1143 230 1200 ritiam
246 1143 359 1200 Hebraei
374 1144 529 1213 sermonis,
545 1161 634 1218 quam
650 1162 703 1204 aaa
717 1147 774 1221 ipsi
790 1163 807 1204 a
821 1146 906 1222 laage
921 1148 1088 1206 salutarunt
1100 1150 1147 1208 int:
1164 1151 1272 1208 suflicit
1286 1153 1328 1210 eie
1343 1154 1380 1210 ad
1395 1154 1532 1227 plausum
1547 1155 1730 1230 popularem,
1748 1161 1781 1215 ut
1803 1173 1838 1216 ex
1892 1182 1895 1195 ·

126 1236 185 1292 hae
199 1233 351 1292 occasione
362 1232 480 1307 longam
496 1234 700 1308 ingrediantur
712 1236 941 1309 disputationem
957 1242 986 1296 et
999 1243 1033 1296 ut
1050 1241 1132 1296 tanta
1146 1241 1331 1314 operositate,
1345 1243 1425 1316 quad
1441 1243 1543 1301 volunt
1557 1244 1691 1319 intelligi,
1712 1250 1835 1304 utantur
1887 1301 1890 1310 ,

125 1322 338 1397 persuadendi,
355 1327 465 1395 quanta
480 1339 596 1397 semper
610 1323 723 1381 lalaitae
739 1323 860 1399 indiget,
875 1330 909 1382 ut
922 1343 991 1397 vcra
1005 1327 1145 1384 videatur.
1162 1329 1326 1387 Nasoutem
1339 1332 1527 1390 cordatorum
1542 1332 1708 1404 hominum,
1724 1351 1823 1392 acoru-

126 1411 259 1468 ditarum
283 1410 438 1468 sententiis
462 1411 653 1480 adherentes,
670 1429 723 1470 nec
750 1412 913 1483 Philonem,
929 1416 1165 1490 neaJasepbum,
1182 1435 1234 1476 nea
1248 1418 1414 1494 origenem,
1432 1420 1599 1494 ubicunque
1613 1421 1745 1480 veritatis
1758 1424 1833 1482 ratio

125 1498 331 1572 postulaverit,
346 1497 558 1573 reprehendere
572 1499 820 1573 pertimescimus,
833 1501 890 1559 Sed
906 1519 943 1560 uo
957 1503 1176 1577 reprehensioni
1196 1522 1249 1564 nos
1272 1523 1390 1582 quoque
1414 1510 1568 1568 videamur
1591 1511 1706 1569 abnoxii
1721 1511 1751 1568 in
1767 1529 1834 1586 pro·

125 1587 262 1660 pauenda
277 1585 452 1661 origeniana
468 1586 579 1658 basico,
595 1587 717 1645 nonulla
731 1589 766 1646 de
780 1605 814 1646 eo
829 1590 991 1662 generatim
1004 1590 1052 1648 hic
1066 1593 1267 1652 observamus.

162 1675 247 1731 Prior
261 1674 370 1749 quippe
385 1675 531 1732 notandus
545 1676 627 1732 venit
640 1675 711 1734 ardo
725 1677 926 1734 Hebraicoram
941 1681 1103 1747 omninum,
1120 1697 1184 1754 qua
1195 1683 1281 1754 juxta
1295 1684 1400 1742 seriem
1415 1684 1580 1749 litterarum
1596 1685 1745 1760 alphabeti
1760 1688 1837 1744 ora·

124 1779 229 1821 carum
244 1763 340 1836 posits
352 1762 492 1836 leguntur
506 1763 538 1819 in
553 1768 613 1822 tato
627 1765 767 1838 predicto
782 1765 970 1836 Dictionorio,
987 1767 1069 1825 nulia
1082 1769 1157 1826 iacta
1173 1769 1361 1829 distinctione
1376 1789 1429 1830 nea
1442 1774 1588 1831 mentiare
1610 1790 1762 1832 sacrarum
1784 1792 1833 1832 vo·

124 1850 284 1908 luminum.
298 1853 342 1908 rtu
354 1868 419 1908 vero
435 1851 576 1926 Origenes
590 1852 653 1927 ipsa
668 1853 747 1910 hauc
761 1853 894 1910 ordinem
910 1859 1081 1927 persecutus
1096 1857 1145 1928 ait,
1162 1875 1218 1915 non
1236 1860 1309 1917 satis
1337 1860 1432 1918 elucet
1447 1878 1454 1918 ε
1471 1861 1543 1934 quin
1571 1863 1659 1920 etiam
1681 1863 1833 1921 verosimi-

123 1941 182 1999 lior
196 1943 317 2015 apparet
331 1939 429 2014 opinio
445 1941 601 2010 contraria,
617 1944 681 1998 tum
696 1957 731 1998 ex
743 1941 919 2016 Hieronymo
934 1942 1068 2018 origenis
1086 1945 1209 2020 vestigia
1223 1949 1331 2022 saepius
1346 1951 1467 2016 teranto,
1482 1954 1547 2007 tum
1572 1967 1606 2009 ea
1635 1951 1734 2008 orabo
1763 1951 1835 2009 Fra-

122 2033 245 2106 gmenta
258 2028 435 2103 origeniana
450 2045 540 2104 supra
554 2047 572 2087 a
586 2029 671 2088 nobie
686 2030 855 2104 edite.quod
871 2032 992 2089 nomina
1007 2033 1148 2092 Hebraico
1157 2035 1391 2110 uniuscujusque
1405 2038 1590 2112 evangeliste
1604 2039 1728 2096 seorsim
1744 2039 1833 2096 habet

122 2120 221 2195 posita
239 2117 401 2176 meandum
417 2117 523 2177 seriem
538 2117 749 2177 elementrum
762 2121 852 2177 Graai
866 2120 1025 2192 alphabeti,
1040 2123 1082 2180 ita
1097 2127 1130 2182 ut
1150 2140 1214 2197 qaa
1241 2125 1272 2182 in
1300 2126 1435 2183 Malthaeo
1466 2126 1600 2200 legentur
1623 2126 1830 2201 hujuscemodi

121 2207 277 2278 voeabula,
295 2211 362 2265 anto
375 2211 480 2265 cetera
494 2208 606 2282 scripto
620 2207 688 2278 sint,
705 2207 811 2266 deindo
826 2224 889 2280 qne
904 2213 975 2266 sunt
987 2209 1087 2278 Marci,
1104 2216 1134 2268 ot
1145 2211 1189 2269 eia
1203 2216 1416 2286 cousequenter
1430 2230 1524 2288 usque
1538 2215 1574 2271 ad
1601 2216 1754 2274 loannem.
1774 2215 1830 2271 Vix

121 2300 224 2353 autom
238 2295 343 2354 adduci
355 2311 476 2369 passum
491 2299 525 2353 ut
538 2295 612 2353 mihi
624 2296 800 2368 persuadam
816 2295 990 2354 distinctum
1004 2314 1039 2354 ox
1053 2298 1137 2356 libris
1155 2300 1246 2358 sacris
1257 2300 1390 2358 ordinem
1415 2302 1585 2360 observasse
1618 2300 1771 2375 origenem
1799 2301 1830 2359 ia

122 2386 298 2459 Fragmama
313 2383 380 2441 libri
395 2385 554 2453 Nominum,
569 2385 639 2441 etin
655 2384 856 2458 Loxiao,quod
873 2389 1008 2459 superest
1034 2385 1194 2462 integrum.
1220 2387 1308 2447 eliam
1336 2389 1413 2446 viam
1442 2389 1620 2463 ingressam,
1650 2395 1683 2446 ut
1711 2388 1832 2446 contuse

120 2479 151 2532 at
166 2474 332 2546 promiscue
347 2471 403 2532 sub
418 2489 596 2547 unaquaque
611 2472 709 2530 littera
721 2473 853 2530 amnium
875 2473 1016 2531 librorum
1032 2475 1145 2532 Veteris
1170 2494 1203 2534 ac
1215 2477 1285 2534 Novi
1313 2478 1494 2535 Testamenti
1523 2477 1643 2535 nomine
1662 2477 1827 2536 collocaret.

122 2562 247 2620 Facilius
262 2561 351 2636 igitur
365 2562 526 2630 crederem,
542 2562 711 2635 importuna
725 2562 894 2619 orseorum
910 2563 1107 2635 quarumdam
1123 2565 1274 2639 diligentia
1291 2567 1343 2624 boa
1358 2565 1479 2622 Lexican
1501 2567 1709 2623 concinnatum
1725 2565 1830 2636 tuisse,

119 2651 173 2710 aod
191 2653 286 2708 tatum
305 2653 472 2708 mutuatum
487 2666 522 2707 ex
537 2649 711 2724 origeniana
725 2648 800 2708 libro
814 2651 962 2708 liminum
976 2652 1181 2727 Hebraicorum,
1196 2670 1283 2728 quem
1307 2654 1371 2728 ipae
1393 2671 1461 2712 cum
1482 2655 1722 2720 distinctionem
1744 2653 1826 2712 volu-

119 2741 237 2797 minum
253 2740 421 2814 Saripturra,
438 2743 467 2796 et
479 2738 689 2796 vocabulorum
704 2739 845 2797 ediderat.
861 2740 894 2796 ln
903 2756 968 2798 eam
982 2741 1157 2800 sententiam
1172 2743 1312 2816 somogia
1325 2744 1501 2816 propendeo,
1515 2743 1594 2816 quad
1608 2743 1716 2799 certior
1731 2743 1827 2798 tactus

119 2846 189 2886 sum
205 2829 373 2886 Latinarum
390 2827 535 2901 quasdam
550 2828 579 2883 id
596 2827 744 2885 lectitasse
760 2828 790 2884 in
806 2827 881 2886 libra
891 2829 1116 2903 Hieronymiana
1130 2833 1279 2889 Nominum
1306 2832 1515 2889 Hebraicorum.
1544 2831 1618 2888 Nom
1646 2831 1764 2889 l'eactiie
1775 2845 1833 2902 per

116 2920 221 2991 [robae
234 2917 369 2974 loannem
384 2919 410 2973 ct
424 2914 596 2985 Graepartum
609 2915 642 2973 dc
656 2915 804 2988 Grepcriis,
815 2933 888 2975 cana
902 2919 1015 2976 Domini
1041 2917 1123 2990 1498,
1139 2920 1184 2977 die
1210 2921 1249 2977 25
1276 2914 1404 2993 aupaci,
1432 2937 1499 2977 aum
1527 2919 1582 2976 hoa
1610 2919 1831 2993 perturbatione

118 3023 154 3064 ac
181 3005 373 3063 subversione
386 3004 495 3078 prodiit
507 3003 583 3062 inter
597 3005 691 3078 opera
703 3005 872 3079 Hieronymi
887 3005 962 3064 liber
975 3007 1134 3065 Nominum
1149 3008 1370 3077 Hebraicorum,
1384 3007 1414 3066 in
1428 3024 1486 3082 quc
1501 3007 1618 3066 sublata
1632 3007 1768 3064 universe
1781 3007 1827 3064 di·

121 3093 282 3152 stinctione
297 3109 331 3150 ao
346 3091 494 3149 mentione
507 3091 691 3150 voluminum
708 3093 876 3166 Scriptura,
893 3094 991 3150 amnia
1004 3111 1125 3168 prorsus
1138 3097 1280 3154 vocabula
1299 3101 1360 3153 tarn
1375 3096 1488 3154 Veteris
1515 3111 1605 3168 qnam
1633 3095 1704 3153 Navi
1730 3098 1832 3153 Tosta-

119 3182 214 3241 menti
231 3183 288 3240 sub
301 3181 400 3239 littera
414 3197 503 3254 quam
520 3180 676 3238 habentab
691 3181 775 3240 initia
789 3181 886 3254 posita
899 3181 1047 3256 leguntur.
1065 3183 1160 3242 Series
1173 3184 1264 3258 igitur
1279 3184 1433 3242 nominum
1461 3185 1491 3240 in
1521 3183 1624 3240 toxica
1651 3181 1827 3267 origeniana

120 3271 284 3332 adventbia
297 3275 352 3339 est,
365 3275 395 3328 ot
408 3269 591 3328 subversoris
601 3269 723 3326 oraculi
738 3271 894 3343 cujusdam
910 3272 960 3345 qui
977 3273 1109 3332 ordinem
1123 3290 1305 3349 perversum,
1320 3291 1378 3332 nan
1394 3272 1526 3330 nativum
1550 3275 1680 3341 secutus,
1695 3289 1711 3329 o
1730 3271 1827 3330 medio

121 3360 251 3421 sustulit
263 3358 523 3418 adnotatiunculae
535 3361 565 3416 et
580 3359 734 3417 citationes
748 3359 902 3431 librorum,
916 3365 949 3418 ut
960 3378 1025 3434 qua
1039 3361 1175 3420 distincte
1190 3379 1224 3420 ac
1251 3363 1358 3436 partite
1385 3362 1496 3436 scripta
1518 3361 1637 3418 lucrant
1661 3362 1740 3434 apud
1755 3359 1828 3416 rhi-

115 3455 218 3508 tanam
233 3465 266 3508 aa
279 3449 445 3522 origenem,
463 3448 526 3521 ipse
540 3448 637 3506 salivae
652 3448 776 3522 propria
793 3447 963 3521 indulgens,
991 3455 1126 3522 separata
1141 3450 1319 3518 consociare,
1337 3449 1536 3522 distinctaque
1562 3450 1741 3507 contundere
1769 3447 1827 3506 sibi

115 3538 310 3613 permitteret.
326 3537 383 3594 Sed
393 3535 448 3594 etsi
463 3536 535 3593 ardo
551 3536 706 3594 nominum
720 3536 843 3593 vitiosae
857 3535 896 3592 sit
910 3536 940 3593 in
956 3537 1068 3604 herrico,
1085 3553 1131 3594 res
1146 3541 1245 3595 omen
1260 3542 1289 3595 et
1303 3537 1557 3610 interpretationes
1578 3535 1740 3593 dictionum
1762 3551 1828 3592 om·
1928 3597 1934 3602 ,

117 3625 337 3700 nincgeuuine
352 3629 434 3694 sunt,
449 3641 561 3700 aquavo
576 3641 677 3684 ereua
706 3626 785 3684 tante
814 3624 921 3683 nativa.
952 3626 1034 3694 Quod
1061 3625 1250 3685 manifestum
1278 3630 1438 3700 ratumque
1465 3626 1539 3682 lacto
1568 3640 1584 3681 o
1610 3625 1728 3681 duobus
1754 3622 1827 3682 lacis

116 3719 308 3788 Quaeaticnum
329 3718 355 3773 ct
369 3717 583 3789 ltcspaaaiaaum
593 3715 630 3773 cd
644 3714 812 3773 orthodoxos
827 3712 901 3771 ialeo
915 3715 1092 3788 scriptarum
1106 3714 1223 3773 lustina
1238 3713 1368 3787 Martyri.

154 3809 199 3863 Ad
213 3805 409 3871 Quaestionem
430 3803 579 3877 igiturot.
595 3807 665 3876 Qua
687 3805 725 3860 sit
739 3803 860 3860 nominis
873 3803 1020 3860 Beelzebub
1034 3803 1166 3876 expositio
1186 3801 1255 3860 talis
1270 3801 1421 3874 responsio
1437 3801 1473 3858 ab
1503 3802 1622 3857 auctare
1651 3798 1749 3857 oraca
1778 3802 1823 3856 ast

117 3893 253 3952 adbibita
270 3910 278 3950 ι
293 3894 347 3947 Teia
360 3910 390 3946 τε
404 3884 583 3966 Respiciet),
606 3891 652 3946 atat
679 3894 728 3946 τοῦ
756 3887 866 3967 Βελίαρ,
893 3887 970 3946 itio
997 3891 1031 3946 τὰ
1059 3889 1210 3964 ὀνόματα...
1242 3894 1348 3966 εἴρηται
1376 3884 1405 3944 δὲ
1431 3891 1472 3942 τῶ
1499 3887 1631 3963 Ὠριγὲνει
1654 3890 1757 3942 teocam
1771 3888 1827 3941 τῶν

120 3981 265 4054 ὀνομάτων
284 3979 450 4057 Hippoteia
464 3977 491 4034 ἐν
505 3985 540 4049 τῆ
553 3978 702 4055 Ἑρμηνεῐα
715 3983 769 4034 τῶν
780 3973 928 4054 Ἐὅραῖκῶν
956 3977 1110 4053 ὀνομάτων.
1135 3981 1166 4036 ld
1194 3983 1249 4048 est,
1278 3979 1417 4052 Exprimit
1438 3993 1502 4035 uera
1529 3976 1643 4034 uomina
1675 3974 1824 4034 Beelzebul

119 4073 147 4130 el
164 4071 256 4129 Baiter
258 4110 312 4138 .....
327 4055 432 4126 diriter
446 4071 538 4125 actm
555 4068 590 4125 ab
616 4066 734 4139 oripeoe
761 4067 858 4126 tantm
885 4069 1029 4126 ominum
1056 4069 1248 4142 interpretatio
1277 4069 1308 4124 in
1336 4067 1566 4140 Interpretctiaao
1590 4065 1740 4124 Nominum
1765 4065 1825 4121 He-

122 4162 283 4222 braiecrvm
305 4156 474 4216 Haberent
488 4155 651 4231 scriptoris,
666 4156 834 4230 quicunque
849 4157 937 4214 tuerit
950 4158 1101 4231 responsio
1115 4174 1183 4214 vara
1196 4156 1316 4214 omnino
1331 4156 1539 4228 comprabatur
1566 4171 1601 4212 ex
1629 4155 1732 4212 Lexico
1760 4151 1825 4212 Ori-

119 4249 248 4328 geniana
264 4263 331 4306 mox
344 4245 537 4320 consequenti
552 4247 602 4304 ubl
616 4246 737 4304 nomina
753 4247 1047 4304 aestuationem
1062 4245 1349 4320 corrupteleguntur
1373 4244 1474 4302 eadem
1503 4243 1590 4317 plane
1617 4243 1704 4302 mado
1733 4258 1766 4300 aa
1794 4241 1824 4296 in

118 4336 321 4412 Responsiana
335 4333 465 4404 recitata,
482 4335 670 4408 diversasque
682 4333 754 4392 inibi
773 4334 884 4392 habent
896 4333 1151 4408 interpretationes
1165 4335 1202 4392 ab
1217 4333 1340 4407 origene
1354 4333 1539 4406 subjunctas.

154 4427 282 4496 Quaestio
297 4425 343 4484 ito.
360 4425 423 4494 Qua
437 4427 478 4480 eet
492 4424 683 4496 interpretatio
698 4423 898 4482 vocabulorum
912 4426 1038 4495 istarum
1056 4423 1133 4498 Mna,
1153 4423 1242 4498 llpai,
1258 4422 1358 4494 Nabal,
1383 4421 1500 4480 Gomar.
1529 4420 1636 4493 Siclue,
1667 4419 1825 4490 Basilicas,

115 4519 272 4581 Sanctum,
288 4512 561 4586 Stater,Dracbma,
577 4513 739 4586 ouad'rans,
756 4512 937 4572 Hormiscus.
953 4513 1141 4571 liidrachma.
1158 4513 1327 4580 Talentum,
1344 4511 1437 4580 llssis,
1467 4509 1633 4584 Seraphim,
1663 4508 1755 4578 Boset,
1771 4508 1828 4566 Sa·

116 4604 223 4673 booth,
235 4601 358 4673 adonai,
374 4601 479 4676 Ephud
495 4603 509 4658 ‘l
525 4605 705 4675 otrammpac
717 4604 793 4660 enim
806 4603 884 4661 cabo
896 4605 1101 4676 pernecessaria
1121 4605 1159 4660 est
1181 4603 1301 4674 capitilio
1315 4619 1325 4657 :
1339 4608 1455 4675 utraque
1467 4615 1590 4673 cccmus
1616 4601 1647 4656 iu
1672 4597 1821 4670 scripturis

114 4694 306 4761 conmeatus,

156 4780 342 4856 Responsio:
359 4781 526 4855 Ειρητανιτῷ
553 4778 683 4855 Ὦριγὲνει
712 4778 802 4855 &sapit
818 4777 989 4854 ἐπισταμένῳ
1016 4779 1066 4848 τήν
1094 4773 1281 4856 τῶνΈὸραῐων
1311 4775 1463 4847 διάλεκτον,
1491 4777 1599 4832 πάντων
1627 4779 1681 4830 τῶν
1709 4774 1734 4828 ἒν
1762 4776 1823 4836 ταῖς

115 4869 206 4933 θείαις
234 4872 354 4948 Γρνφαϊς
383 4865 540 4948 φερομὲνων
569 4861 718 4942 Ἐὅραῖκῶν
746 4867 887 4942 ὀνομάτων
916 4867 934 4939 ἦ
966 4869 1070 4946 μέτρων
1099 4869 1117 4938 ὴ
1147 4865 1292 4945 apparato
1333 4865 1436 4938 ἐκείνην
1482 4867 1611 4937 ζητήσας,
1640 4864 1763 4939 εὑρήσεις
1792 4861 1819 4918 ἐν

116 4958 373 5028 αὐτῆτῆνπάντων
390 4955 586 5034 tppnvelavin
603 4955 823 5029 iticinasctloc
840 4961 1042 5033 antispasto
1069 4963 1109 5016 ort
1134 4957 1168 5014 cb
1197 4959 1320 5029 oniperto,
1351 4959 1409 5014 aira
1437 4955 1576 5012 Heba-oica
1604 4956 1710 5024 linquas
1734 4953 1825 5025 perita

114 5051 246 5108 omnium
260 5064 321 5120 puoe
350 5049 378 5103 in
404 5049 491 5104 acmo
520 5045 670 5119 scripturis
692 5048 824 5119 [ematur
850 5047 1046 5105 Habratcatum
1072 5049 1214 5105 nominum
1236 5050 1262 5103 et
1280 5061 1474 5102 censurarum
1502 5043 1700 5115 interpretatio.
1717 5042 1826 5099 Bomoi

113 5138 284 5210 requisieris
298 5140 330 5192 in
342 5152 375 5193 cu
389 5137 510 5192 inuenies
524 5135 649 5191 amnium
663 5151 759 5192 aarum
772 5135 805 5192 de
818 5136 915 5207 quibua
926 5138 1088 5209 quasivicti,
1105 5136 1329 5209 esplanutiaaem
1342 5134 1504 5191 Nominum.

156 5224 294 5282 Lexicum
309 5229 388 5281 certe
404 5224 481 5296 quad
496 5223 706 5298 origenianam
722 5222 792 5294 dixi,
809 5241 866 5282 nan
886 5223 982 5283 solum
997 5225 1188 5300 etymologias
1203 5223 1412 5280 Hebraicorum
1427 5220 1592 5287 nominum,
1608 5218 1659 5274 scd
1675 5233 1826 5276 mensura-

117 5329 190 5370 rum
205 5313 293 5371 etiam
308 5311 563 5386 interpretationes
578 5311 803 5385 complectitur:
820 5313 897 5371 ande
913 5314 1084 5388 ipsissmum
1104 5314 1222 5371 videtur
1237 5329 1310 5384 apos
1325 5309 1505 5367 adamantii.
1522 5307 1657 5380 quamvis
1670 5306 1824 5364 nominum

117 5406 154 5458 ut
170 5405 257 5458 autea
271 5401 473 5470 observabam,
488 5401 628 5459 contuens
643 5399 682 5456 sit
694 5401 766 5457 orda
781 5406 869 5476 atque
884 5408 1026 5462 mumtus.
1042 5402 1153 5468 Quibus
1168 5402 1193 5460 si
1208 5402 1309 5460 addas.
1327 5398 1446 5456 nomina
1470 5397 1612 5454 Hebraico
1638 5395 1708 5453 Novi
1723 5396 1826 5453 Testa·

116 5489 215 5548 menti
228 5489 259 5546 in
276 5488 378 5548 eodem
394 5489 497 5546 Loxico
512 5489 623 5562 scripta
637 5505 702 5545 osse
715 5494 746 5546 et
760 5489 960 5565 interpretata,
977 5492 1076 5549 nullus
1091 5489 1259 5565 ambigendi
1273 5489 1354 5546 locus
1370 5486 1558 5561 relinquitur,
1583 5484 1655 5557 quin
1680 5484 1734 5540 hoc
1749 5499 1824 5555 opus

115 5581 274 5654 parentem
288 5577 425 5641 babuerit
436 5577 601 5652 origenem,
617 5576 669 5650 qui
679 5581 712 5633 ut
726 5577 912 5638 Christianus
939 5581 1124 5656 suppleverat
1151 5578 1272 5637 aomina
1299 5595 1316 5635 a
1342 5577 1441 5634 tudae
1469 5573 1590 5632 Philone
1618 5572 1824 5648 pretermissa,

115 5665 238 5726 Praevile
251 5665 440 5741 itaquehiaoe
455 5665 642 5741 generalibus
657 5664 840 5727 documentis
855 5669 890 5727 ad
905 5669 1029 5728 Lexiaaa
1044 5669 1142 5746 ipsum
1154 5683 1276 5728 manum
1289 5663 1455 5740 mittamus,
1470 5662 1571 5726 multia
1599 5661 1667 5724 aliis
1692 5658 1819 5740 peculia·

115 5756 205 5818 ribus
218 5771 272 5836 pra
287 5755 406 5818 modulo
420 5761 521 5830 nostra
530 5755 653 5818 interius
667 5753 877 5820 illustrandum
893 5756 1141 5829 macedonibus.

283 5855 416 5954 bosor.
437 5883 546 5952 xxviv.
1625 5874 1665 5944 ⁴⁰
