<?xml version="1.0" encoding="UTF-8"?>
<!DOCTYPE html PUBLIC "-//W3C//DTD XHTML 1.0 Transitional//EN"
    "http://www.w3.org/TR/xhtml1/DTD/xhtml1-transitional.dtd">
<html xmlns="http://www.w3.org/1999/xhtml" xml:lang="en" lang="en">
 <head>
  <title>
</title>
<meta http-equiv="Content-Type" content="text/html;charset=utf-8" />
  <meta name='ocr-system' content='tesseract 3.04.00' />
  <meta name='ocr-capabilities' content='ocr_page ocr_carea ocr_par ocr_line ocrx_word'/>
</head>
<body>
  <div class='ocr_page' id='page_1' title='image "./patrologiaecurs01goog/patrologiaecurs01goog_0165.png"; bbox 0 0 4064 6158; ppageno 0'>
   <div class='ocr_carea' id='block_1_1' title="bbox 205 199 1899 276">
    <p class='ocr_par' dir='ltr' id='par_1_1' title="bbox 205 199 1899 276">
     <span class='ocr_line' id='line_1_1' title="bbox 205 199 1899 276; baseline -0.002 -4"><span class='ocrx_word' id='word_1_1' title='bbox 205 205 263 273; x_wconf 83' lang='lat' dir='ltr'><strong>tte</strong></span> <span class='ocrx_word' id='word_1_2' title='bbox 821 205 852 272; x_wconf 82' lang='lat' dir='ltr'><strong>S.</strong></span> <span class='ocrx_word' id='word_1_3' title='bbox 876 203 1031 274; x_wconf 78' lang='lat' dir='ltr'><strong>bussoti</strong></span> <span class='ocrx_word' id='word_1_4' title='bbox 1051 205 1287 276; x_wconf 78' lang='lat' dir='ltr'><strong>ntouoNYttl.</strong></span> <span class='ocrx_word' id='word_1_5' title='bbox 1835 199 1899 270; x_wconf 73' lang='grc'><strong>316</strong></span> 
     </span>
    </p>
   </div>
   <div class='ocr_carea' id='block_1_2' title="bbox 197 337 1905 2018">
    <p class='ocr_par' dir='ltr' id='par_1_2' title="bbox 198 337 1905 1573">
     <span class='ocr_line' id='line_1_2' title="bbox 202 337 1898 418; baseline 0.002 -22"><span class='ocrx_word' id='word_1_6' title='bbox 202 339 318 408; x_wconf 88' lang='lat' dir='ltr'><strong>christi,</strong></span> <span class='ocrx_word' id='word_1_7' title='bbox 334 341 447 400; x_wconf 88' lang='lat' dir='ltr'><strong>tantam</strong></span> <span class='ocrx_word' id='word_1_8' title='bbox 461 341 569 402; x_wconf 89' lang='lat' dir='ltr'><strong>habere</strong></span> <span class='ocrx_word' id='word_1_9' title='bbox 582 343 795 417; x_wconf 80' lang='lat' dir='ltr'><strong>tortitudinem,</strong></span> <span class='ocrx_word' id='word_1_10' title='bbox 811 361 875 418; x_wconf 84' lang='lat' dir='ltr'><strong>que</strong></span> <span class='ocrx_word' id='word_1_11' title='bbox 903 341 1021 402; x_wconf 77' lang='lat' dir='ltr'><strong>athletis</strong></span> <span class='ocrx_word' id='word_1_12' title='bbox 1036 342 1268 410; x_wconf 79' lang='lat' dir='ltr'><strong>Acaarchusin</strong></span> <span class='ocrx_word' id='word_1_13' title='bbox 1297 340 1364 400; x_wconf 82' lang='lat' dir='ltr'>libri</span> <span class='ocrx_word' id='word_1_14' title='bbox 1391 341 1619 418; x_wconf 78' lang='lat' dir='ltr'><strong>Antiquitatum,</strong></span> <span class='ocrx_word' id='word_1_15' title='bbox 1647 343 1676 400; x_wconf 89' lang='lat' dir='ltr'><strong>et</strong></span> <span class='ocrx_word' id='word_1_16' title='bbox 1702 337 1898 416; x_wconf 85' lang='lat' dir='ltr'><strong>descriptione</strong></span> 
     </span>
     <span class='ocr_line' id='line_1_3' title="bbox 202 428 1903 508; baseline 0.002 -22"><span class='ocrx_word' id='word_1_17' title='bbox 202 434 232 486; x_wconf 87' lang='lat' dir='ltr'><strong>ot</strong></span> <span class='ocrx_word' id='word_1_18' title='bbox 247 428 390 487; x_wconf 70' lang='lat' dir='ltr'><strong>militibus</strong></span> <span class='ocrx_word' id='word_1_19' title='bbox 405 435 634 498; x_wconf 86' lang='lat' dir='ltr'><strong>necessariaest,</strong></span> <span class='ocrx_word' id='word_1_20' title='bbox 651 452 739 508; x_wconf 90' lang='lat' dir='ltr'><strong>quarn</strong></span> <span class='ocrx_word' id='word_1_21' title='bbox 755 452 821 492; x_wconf 91' lang='lat' dir='ltr'><strong>cum</strong></span> <span class='ocrx_word' id='word_1_22' title='bbox 838 435 1024 498; x_wconf 88' lang='lat' dir='ltr'><strong>habuerit,ad</strong></span> <span class='ocrx_word' id='word_1_23' title='bbox 1081 433 1207 502; x_wconf 73' lang='lat' dir='ltr'><strong>Graeciae,</strong></span> <span class='ocrx_word' id='word_1_24' title='bbox 1228 433 1316 490; x_wconf 88' lang='lat' dir='ltr'><strong>relcrt</strong></span> <span class='ocrx_word' id='word_1_25' title='bbox 1339 434 1393 490; x_wconf 90' lang='lat' dir='ltr'><strong>suh</strong></span> <span class='ocrx_word' id='word_1_26' title='bbox 1418 433 1553 502; x_wconf 88' lang='lat' dir='ltr'><strong>Saturno,</strong></span> <span class='ocrx_word' id='word_1_27' title='bbox 1570 435 1598 490; x_wconf 93' lang='lat' dir='ltr'><strong>id</strong></span> <span class='ocrx_word' id='word_1_28' title='bbox 1620 437 1675 502; x_wconf 90' lang='lat' dir='ltr'><strong>est,</strong></span> <span class='ocrx_word' id='word_1_29' title='bbox 1697 431 1727 488; x_wconf 94' lang='lat' dir='ltr'><strong>in</strong></span> <span class='ocrx_word' id='word_1_30' title='bbox 1743 449 1830 489; x_wconf 89' lang='lat' dir='ltr'><strong>aureo</strong></span> <span class='ocrx_word' id='word_1_31' title='bbox 1845 449 1903 489; x_wconf 83' lang='lat' dir='ltr'><strong>saa·</strong></span> 
     </span>
     <span class='ocr_line' id='line_1_4' title="bbox 201 517 1900 597; baseline 0.004 -25"><span class='ocrx_word' id='word_1_32' title='bbox 201 517 802 597; x_wconf 71' lang='lat' dir='ltr'><strong>vitiaprcvoeetur‘lllliarbitrsnturirtt.</strong></span> <span class='ocrx_word' id='word_1_33' title='bbox 832 523 1023 594; x_wconf 77' lang='lat' dir='ltr'><strong>arbritantur]</strong></span> <span class='ocrx_word' id='word_1_34' title='bbox 1079 521 1633 590; x_wconf 88' lang='lat' dir='ltr'><strong>culo,cumomniahumuslundcret,</strong></span> <span class='ocrx_word' id='word_1_35' title='bbox 1656 520 1770 578; x_wconf 92' lang='lat' dir='ltr'><strong>nullum</strong></span> <span class='ocrx_word' id='word_1_36' title='bbox 1799 537 1900 578; x_wconf 88' lang='lat' dir='ltr'><strong>come·</strong></span> 
     </span>
     <span class='ocr_line' id='line_1_5' title="bbox 202 607 1905 686; baseline 0.002 -23"><span class='ocrx_word' id='word_1_37' title='bbox 202 623 304 664; x_wconf 90' lang='lat' dir='ltr'><strong>carues</strong></span> <span class='ocrx_word' id='word_1_38' title='bbox 319 607 438 666; x_wconf 90' lang='lat' dir='ltr'><strong>sanitati</strong></span> <span class='ocrx_word' id='word_1_39' title='bbox 454 629 609 686; x_wconf 87' lang='lat' dir='ltr'><strong>congruas,</strong></span> <span class='ocrx_word' id='word_1_40' title='bbox 625 613 675 684; x_wconf 93' lang='lat' dir='ltr'><strong>qui</strong></span> <span class='ocrx_word' id='word_1_41' title='bbox 691 613 793 669; x_wconf 90' lang='lat' dir='ltr'><strong>volunt</strong></span> <span class='ocrx_word' id='word_1_42' title='bbox 807 612 888 668; x_wconf 90' lang='lat' dir='ltr'><strong>abuti</strong></span> <span class='ocrx_word' id='word_1_43' title='bbox 904 611 1025 668; x_wconf 79' lang='lat' dir='ltr'><strong>libidine</strong></span> <span class='ocrx_word' id='word_1_44' title='bbox 1079 610 1158 666; x_wconf 89' lang='lat' dir='ltr'><strong>disse</strong></span> <span class='ocrx_word' id='word_1_45' title='bbox 1174 627 1287 680; x_wconf 87' lang='lat' dir='ltr'><strong>carnes,</strong></span> <span class='ocrx_word' id='word_1_46' title='bbox 1304 611 1354 668; x_wconf 89' lang='lat' dir='ltr'><strong>sed</strong></span> <span class='ocrx_word' id='word_1_47' title='bbox 1370 611 1522 667; x_wconf 91' lang='lat' dir='ltr'><strong>universos</strong></span> <span class='ocrx_word' id='word_1_48' title='bbox 1537 610 1644 668; x_wconf 83' lang='lat' dir='ltr'><strong>vixisse</strong></span> <span class='ocrx_word' id='word_1_49' title='bbox 1658 610 1793 684; x_wconf 78' lang='lat' dir='ltr'><strong>frugibus</strong></span> <span class='ocrx_word' id='word_1_50' title='bbox 1808 614 1836 667; x_wconf 89' lang='lat' dir='ltr'><strong>et</strong></span> <span class='ocrx_word' id='word_1_51' title='bbox 1849 625 1905 683; x_wconf 90' lang='lat' dir='ltr'><strong>pc·</strong></span> 
     </span>
     <span class='ocr_line' id='line_1_6' title="bbox 202 697 1904 775; baseline 0.002 -24"><span class='ocrx_word' id='word_1_52' title='bbox 202 701 231 752; x_wconf 93' lang='lat' dir='ltr'><strong>et</strong></span> <span class='ocrx_word' id='word_1_53' title='bbox 246 697 275 752; x_wconf 90' lang='lat' dir='ltr'><strong>in</strong></span> <span class='ocrx_word' id='word_1_54' title='bbox 292 713 407 754; x_wconf 87' lang='lat' dir='ltr'><strong>coenum</strong></span> <span class='ocrx_word' id='word_1_55' title='bbox 424 699 550 757; x_wconf 89' lang='lat' dir='ltr'><strong>demersi</strong></span> <span class='ocrx_word' id='word_1_56' title='bbox 569 701 803 775; x_wconf 89' lang='lat' dir='ltr'><strong>voluptatum,ad</strong></span> <span class='ocrx_word' id='word_1_57' title='bbox 819 701 928 758; x_wconf 89' lang='lat' dir='ltr'><strong>coitum</strong></span> <span class='ocrx_word' id='word_1_58' title='bbox 951 717 1025 758; x_wconf 92' lang='lat' dir='ltr'><strong>sem·</strong></span> <span class='ocrx_word' id='word_1_59' title='bbox 1079 700 1146 760; x_wconf 85' lang='lat' dir='ltr'><strong>mis.</strong></span> <span class='ocrx_word' id='word_1_60' title='bbox 1163 717 1225 772; x_wconf 80' lang='lat' dir='ltr'><strong>quc</strong></span> <span class='ocrx_word' id='word_1_61' title='bbox 1240 704 1344 772; x_wconf 84' lang='lat' dir='ltr'><strong>sponte</strong></span> <span class='ocrx_word' id='word_1_62' title='bbox 1357 704 1436 756; x_wconf 88' lang='lat' dir='ltr'><strong>terra</strong></span> <span class='ocrx_word' id='word_1_63' title='bbox 1462 700 1611 774; x_wconf 80' lang='lat' dir='ltr'><strong>gignebat.</strong></span> <span class='ocrx_word' id='word_1_64' title='bbox 1642 700 1795 757; x_wconf 75' lang='lat' dir='ltr'><strong>Persarum</strong></span> <span class='ocrx_word' id='word_1_65' title='bbox 1825 700 1904 774; x_wconf 88' lang='lat' dir='ltr'><strong>regis</strong></span> 
     </span>
     <span class='ocr_line' id='line_1_7' title="bbox 200 787 1901 863; baseline 0.001 -21"><span class='ocrx_word' id='word_1_66' title='bbox 200 803 253 858; x_wconf 90' lang='lat' dir='ltr'><strong>per</strong></span> <span class='ocrx_word' id='word_1_67' title='bbox 274 793 443 844; x_wconf 72' lang='lat' dir='ltr'><strong>exaestuant.</strong></span> <span class='ocrx_word' id='word_1_68' title='bbox 467 789 633 847; x_wconf 85' lang='lat' dir='ltr'><strong>Christiano</strong></span> <span class='ocrx_word' id='word_1_69' title='bbox 648 793 760 848; x_wconf 77' lang='lat' dir='ltr'><strong>sanitas</strong></span> <span class='ocrx_word' id='word_1_70' title='bbox 785 792 895 863; x_wconf 86' lang='lat' dir='ltr'><strong>absque</strong></span> <span class='ocrx_word' id='word_1_71' title='bbox 910 790 1023 846; x_wconf 89' lang='lat' dir='ltr'><strong>viribus</strong></span> <span class='ocrx_word' id='word_1_72' title='bbox 1077 788 1141 862; x_wconf 81' lang='lat' dir='ltr'><strong>Cyri</strong></span> <span class='ocrx_word' id='word_1_73' title='bbox 1164 788 1224 845; x_wconf 88' lang='lat' dir='ltr'><strong>vito</strong></span> <span class='ocrx_word' id='word_1_74' title='bbox 1251 789 1411 861; x_wconf 79' lang='lat' dir='ltr'><strong>Xenophon</strong></span> <span class='ocrx_word' id='word_1_75' title='bbox 1438 793 1502 844; x_wconf 87' lang='lat' dir='ltr'><strong>octo</strong></span> <span class='ocrx_word' id='word_1_76' title='bbox 1526 787 1728 846; x_wconf 84' lang='lat' dir='ltr'><strong>voluminibus</strong></span> <span class='ocrx_word' id='word_1_77' title='bbox 1753 787 1901 861; x_wconf 83' lang='lat' dir='ltr'><strong>explicat:</strong></span> 
     </span>
     <span class='ocr_line' id='line_1_8' title="bbox 202 874 1900 950; baseline 0.002 -21"><span class='ocrx_word' id='word_1_78' title='bbox 202 874 302 931; x_wconf 85' lang='lat' dir='ltr'><strong>nimiis</strong></span> <span class='ocrx_word' id='word_1_79' title='bbox 318 879 482 934; x_wconf 88' lang='lat' dir='ltr'><strong>necessaria</strong></span> <span class='ocrx_word' id='word_1_80' title='bbox 496 884 550 935; x_wconf 89' lang='lat' dir='ltr'><strong>est.</strong></span> <span class='ocrx_word' id='word_1_81' title='bbox 567 879 624 935; x_wconf 92' lang='lat' dir='ltr'><strong>Nec</strong></span> <span class='ocrx_word' id='word_1_82' title='bbox 643 880 762 936; x_wconf 90' lang='lat' dir='ltr'><strong>turbare</strong></span> <span class='ocrx_word' id='word_1_83' title='bbox 791 897 845 936; x_wconf 93' lang='lat' dir='ltr'><strong>nos</strong></span> <span class='ocrx_word' id='word_1_84' title='bbox 872 880 967 948; x_wconf 86' lang='lat' dir='ltr'><strong>dehet,</strong></span> <span class='ocrx_word' id='word_1_85' title='bbox 997 877 1023 934; x_wconf 93' lang='lat' dir='ltr'><strong>si</strong></span> <span class='ocrx_word' id='word_1_86' title='bbox 1078 877 1197 950; x_wconf 90' lang='lat' dir='ltr'><strong>polenta</strong></span> <span class='ocrx_word' id='word_1_87' title='bbox 1210 882 1239 935; x_wconf 90' lang='lat' dir='ltr'><strong>et</strong></span> <span class='ocrx_word' id='word_1_88' title='bbox 1253 878 1390 935; x_wconf 89' lang='lat' dir='ltr'><strong>cardamo</strong></span> <span class='ocrx_word' id='word_1_89' title='bbox 1405 881 1434 934; x_wconf 91' lang='lat' dir='ltr'><strong>et</strong></span> <span class='ocrx_word' id='word_1_90' title='bbox 1461 875 1522 933; x_wconf 86' lang='lat' dir='ltr'><strong>saie</strong></span> <span class='ocrx_word' id='word_1_91' title='bbox 1550 893 1583 934; x_wconf 90' lang='lat' dir='ltr'><strong>ac</strong></span> <span class='ocrx_word' id='word_1_92' title='bbox 1611 893 1686 949; x_wconf 88' lang='lat' dir='ltr'><strong>pane</strong></span> <span class='ocrx_word' id='word_1_93' title='bbox 1711 876 1820 933; x_wconf 90' lang='lat' dir='ltr'><strong>cibario</strong></span> <span class='ocrx_word' id='word_1_94' title='bbox 1850 893 1900 934; x_wconf 87' lang='lat' dir='ltr'><strong>eos</strong></span> 
     </span>
     <span class='ocr_line' id='line_1_9' title="bbox 203 963 1899 1040; baseline 0.002 -22"><span class='ocrx_word' id='word_1_95' title='bbox 203 963 261 1020; x_wconf 90' lang='lat' dir='ltr'><strong>rari</strong></span> <span class='ocrx_word' id='word_1_96' title='bbox 291 963 352 1021; x_wconf 88' lang='lat' dir='ltr'><strong>sint</strong></span> <span class='ocrx_word' id='word_1_97' title='bbox 381 966 470 1038; x_wconf 90' lang='lat' dir='ltr'><strong>hujus</strong></span> <span class='ocrx_word' id='word_1_98' title='bbox 494 967 634 1039; x_wconf 82' lang='lat' dir='ltr'><strong>propositi</strong></span> <span class='ocrx_word' id='word_1_99' title='bbox 663 971 839 1035; x_wconf 90' lang='lat' dir='ltr'><strong>sectatores;</strong></span> <span class='ocrx_word' id='word_1_100' title='bbox 868 968 937 1040; x_wconf 87' lang='lat' dir='ltr'><strong>qnia</strong></span> <span class='ocrx_word' id='word_1_101' title='bbox 965 966 1022 1022; x_wconf 88' lang='lat' dir='ltr'><strong>rari</strong></span> <span class='ocrx_word' id='word_1_102' title='bbox 1078 982 1212 1024; x_wconf 88' lang='lat' dir='ltr'><strong>asserens</strong></span> <span class='ocrx_word' id='word_1_103' title='bbox 1234 965 1375 1023; x_wconf 88' lang='lat' dir='ltr'><strong>victitare.</strong></span> <span class='ocrx_word' id='word_1_104' title='bbox 1399 965 1682 1022; x_wconf 83' lang='lat' dir='ltr'><strong>Laccdaemoniorum</strong></span> <span class='ocrx_word' id='word_1_105' title='bbox 1708 982 1815 1022; x_wconf 79' lang='lat' dir='ltr'><strong>mensae</strong></span> <span class='ocrx_word' id='word_1_106' title='bbox 1839 966 1899 1022; x_wconf 83' lang='lat' dir='ltr'><strong>sru-</strong></span> 
     </span>
     <span class='ocr_line' id='line_1_10' title="bbox 201 1053 1898 1130; baseline 0.001 -21"><span class='ocrx_word' id='word_1_107' title='bbox 201 1055 415 1111; x_wconf 87' lang='lat' dir='ltr'><strong>suntetamici</strong></span> <span class='ocrx_word' id='word_1_108' title='bbox 433 1055 672 1124; x_wconf 81' lang='lat' dir='ltr'><strong>honictsrdeles,</strong></span> <span class='ocrx_word' id='word_1_109' title='bbox 693 1062 722 1113; x_wconf 90' lang='lat' dir='ltr'><strong>et</strong></span> <span class='ocrx_word' id='word_1_110' title='bbox 750 1056 848 1130; x_wconf 79' lang='lat' dir='ltr'><strong>pudica</strong></span> <span class='ocrx_word' id='word_1_111' title='bbox 873 1061 902 1112; x_wconf 89' lang='lat' dir='ltr'><strong>et</strong></span> <span class='ocrx_word' id='word_1_112' title='bbox 930 1053 1021 1111; x_wconf 88' lang='lat' dir='ltr'><strong>conti·</strong></span> <span class='ocrx_word' id='word_1_113' title='bbox 1077 1053 1541 1128; x_wconf 87' lang='lat' dir='ltr'><strong>galitntisqueatsuprascriptus</strong></span> <span class='ocrx_word' id='word_1_114' title='bbox 1560 1053 1720 1127; x_wconf 77' lang='lat' dir='ltr'><strong>Xenophon</strong></span> <span class='ocrx_word' id='word_1_115' title='bbox 1751 1059 1781 1110; x_wconf 93' lang='lat' dir='ltr'><strong>ct</strong></span> <span class='ocrx_word' id='word_1_116' title='bbox 1805 1055 1898 1112; x_wconf 83' lang='lat' dir='ltr'><strong>Theo·</strong></span> 
     </span>
     <span class='ocr_line' id='line_1_11' title="bbox 199 1141 1897 1218; baseline 0.001 -20"><span class='ocrx_word' id='word_1_117' title='bbox 199 1148 314 1209; x_wconf 86' lang='lat' dir='ltr'><strong>nautes,</strong></span> <span class='ocrx_word' id='word_1_118' title='bbox 331 1159 505 1217; x_wconf 78' lang='lat' dir='ltr'><strong>semperque</strong></span> <span class='ocrx_word' id='word_1_119' title='bbox 519 1146 612 1203; x_wconf 87' lang='lat' dir='ltr'><strong>virtus</strong></span> <span class='ocrx_word' id='word_1_120' title='bbox 627 1163 692 1202; x_wconf 88' lang='lat' dir='ltr'><strong>rara</strong></span> <span class='ocrx_word' id='word_1_121' title='bbox 719 1150 773 1202; x_wconf 87' lang='lat' dir='ltr'><strong>est.</strong></span> <span class='ocrx_word' id='word_1_122' title='bbox 799 1146 873 1218; x_wconf 86' lang='lat' dir='ltr'><strong>Lego</strong></span> <span class='ocrx_word' id='word_1_123' title='bbox 899 1141 1021 1199; x_wconf 75' lang='lat' dir='ltr'><strong>Fabricii</strong></span> <span class='ocrx_word' id='word_1_124' title='bbox 1078 1143 1226 1215; x_wconf 86' lang='lat' dir='ltr'><strong>phrastus,</strong></span> <span class='ocrx_word' id='word_1_125' title='bbox 1242 1148 1271 1200; x_wconf 92' lang='lat' dir='ltr'><strong>ct</strong></span> <span class='ocrx_word' id='word_1_126' title='bbox 1284 1159 1387 1200; x_wconf 91' lang='lat' dir='ltr'><strong>omncs</strong></span> <span class='ocrx_word' id='word_1_127' title='bbox 1402 1159 1476 1215; x_wconf 86' lang='lat' dir='ltr'><strong>pene</strong></span> <span class='ocrx_word' id='word_1_128' title='bbox 1488 1143 1645 1215; x_wconf 88' lang='lat' dir='ltr'><strong>scriptores</strong></span> <span class='ocrx_word' id='word_1_129' title='bbox 1669 1143 1783 1199; x_wconf 75' lang='lat' dir='ltr'><strong>Graecia</strong></span> <span class='ocrx_word' id='word_1_130' title='bbox 1807 1147 1897 1202; x_wconf 81' lang='lat' dir='ltr'><strong>testes</strong></span> 
     </span>
     <span class='ocr_line' id='line_1_12' title="bbox 199 1229 1898 1308; baseline 0.002 -22"><span class='ocrx_word' id='word_1_131' title='bbox 199 1230 419 1301; x_wconf 88' lang='lat' dir='ltr'><strong>continentiam,</strong></span> <span class='ocrx_word' id='word_1_132' title='bbox 436 1233 514 1290; x_wconf 86' lang='lat' dir='ltr'><strong>Curii</strong></span> <span class='ocrx_word' id='word_1_133' title='bbox 531 1239 741 1308; x_wconf 83' lang='lat' dir='ltr'><strong>paupertatem,</strong></span> <span class='ocrx_word' id='word_1_134' title='bbox 759 1238 787 1290; x_wconf 91' lang='lat' dir='ltr'><strong>et</strong></span> <span class='ocrx_word' id='word_1_135' title='bbox 800 1233 830 1289; x_wconf 92' lang='lat' dir='ltr'><strong>in</strong></span> <span class='ocrx_word' id='word_1_136' title='bbox 855 1236 935 1288; x_wconf 87' lang='lat' dir='ltr'><strong>tanta</strong></span> <span class='ocrx_word' id='word_1_137' title='bbox 951 1232 1023 1288; x_wconf 85' lang='lat' dir='ltr'><strong>urbe</strong></span> <span class='ocrx_word' id='word_1_138' title='bbox 1076 1238 1156 1288; x_wconf 86' lang='lat' dir='ltr'><strong>sunt.</strong></span> <span class='ocrx_word' id='word_1_139' title='bbox 1184 1232 1376 1289; x_wconf 66' lang='lat' dir='ltr'><strong>chawmont</strong></span> <span class='ocrx_word' id='word_1_140' title='bbox 1411 1231 1538 1297; x_wconf 86' lang='lat' dir='ltr'><strong>Stoicus,</strong></span> <span class='ocrx_word' id='word_1_141' title='bbox 1553 1231 1598 1286; x_wconf 94' lang='lat' dir='ltr'><strong>vir</strong></span> <span class='ocrx_word' id='word_1_142' title='bbox 1625 1229 1898 1305; x_wconf 86' lang='lat' dir='ltr'><strong>eloquentissimus,</strong></span> 
     </span>
     <span class='ocr_line' id='line_1_13' title="bbox 198 1320 1896 1397; baseline 0.004 -24"><span class='ocrx_word' id='word_1_143' title='bbox 198 1320 762 1397; x_wconf 87' lang='lat' dir='ltr'><strong>vixpancosinveniesquosscquaris.</strong></span> <span class='ocrx_word' id='word_1_144' title='bbox 780 1321 1020 1388; x_wconf 80' lang='lat' dir='ltr'><strong>Nolitimcrene,</strong></span> <span class='ocrx_word' id='word_1_145' title='bbox 1076 1323 1225 1379; x_wconf 88' lang='lat' dir='ltr'><strong>narratdc</strong></span> <span class='ocrx_word' id='word_1_146' title='bbox 1247 1322 1315 1378; x_wconf 89' lang='lat' dir='ltr'><strong>Vita</strong></span> <span class='ocrx_word' id='word_1_147' title='bbox 1341 1322 1530 1394; x_wconf 91' lang='lat' dir='ltr'><strong>antiquorum</strong></span> <span class='ocrx_word' id='word_1_148' title='bbox 1559 1321 1672 1394; x_wconf 80' lang='lat' dir='ltr'><strong>AEgypti</strong></span> <span class='ocrx_word' id='word_1_149' title='bbox 1702 1323 1896 1393; x_wconf 87' lang='lat' dir='ltr'><strong>sacerdotum,</strong></span> 
     </span>
     <span class='ocr_line' id='line_1_14' title="bbox 198 1408 1899 1485; baseline 0.001 -21"><span class='ocrx_word' id='word_1_150' title='bbox 198 1408 223 1464; x_wconf 91' lang='lat' dir='ltr'><strong>si</strong></span> <span class='ocrx_word' id='word_1_151' title='bbox 250 1425 353 1466; x_wconf 88' lang='lat' dir='ltr'><strong>carnes</strong></span> <span class='ocrx_word' id='word_1_152' title='bbox 382 1427 441 1466; x_wconf 94' lang='lat' dir='ltr'><strong>non</strong></span> <span class='ocrx_word' id='word_1_153' title='bbox 469 1413 641 1479; x_wconf 87' lang='lat' dir='ltr'><strong>comederis,</strong></span> <span class='ocrx_word' id='word_1_154' title='bbox 669 1429 798 1485; x_wconf 88' lang='lat' dir='ltr'><strong>aucupes</strong></span> <span class='ocrx_word' id='word_1_155' title='bbox 823 1416 852 1468; x_wconf 89' lang='lat' dir='ltr'><strong>at</strong></span> <span class='ocrx_word' id='word_1_156' title='bbox 870 1416 1022 1467; x_wconf 85' lang='lat' dir='ltr'><strong>venatores</strong></span> <span class='ocrx_word' id='word_1_157' title='bbox 1076 1411 1153 1484; x_wconf 90' lang='lat' dir='ltr'><strong>quod</strong></span> <span class='ocrx_word' id='word_1_158' title='bbox 1169 1409 1418 1467; x_wconf 87' lang='lat' dir='ltr'><strong>omnibusmondi</strong></span> <span class='ocrx_word' id='word_1_159' title='bbox 1434 1408 1559 1482; x_wconf 87' lang='lat' dir='ltr'><strong>nogotiis</strong></span> <span class='ocrx_word' id='word_1_160' title='bbox 1574 1408 1711 1481; x_wconf 90' lang='lat' dir='ltr'><strong>curisque</strong></span> <span class='ocrx_word' id='word_1_161' title='bbox 1726 1409 1899 1482; x_wconf 84' lang='lat' dir='ltr'><strong>postpositis</strong></span> 
     </span>
     <span class='ocr_line' id='line_1_15' title="bbox 198 1497 1900 1573; baseline 0.002 -21"><span class='ocrx_word' id='word_1_162' title='bbox 198 1497 308 1554; x_wconf 86' lang='lat' dir='ltr'><strong>frustra</strong></span> <span class='ocrx_word' id='word_1_163' title='bbox 323 1499 447 1556; x_wconf 85' lang='lat' dir='ltr'><strong>artificia</strong></span> <span class='ocrx_word' id='word_1_164' title='bbox 461 1501 633 1558; x_wconf 83' lang='lat' dir='ltr'><strong>dedicarint.</strong></span> <span class='ocrx_word' id='word_1_165' title='bbox 1076 1516 1192 1573; x_wconf 85' lang='lat' dir='ltr'><strong>semper</strong></span> <span class='ocrx_word' id='word_1_166' title='bbox 1204 1499 1234 1555; x_wconf 93' lang='lat' dir='ltr'><strong>in</strong></span> <span class='ocrx_word' id='word_1_167' title='bbox 1248 1499 1357 1572; x_wconf 91' lang='lat' dir='ltr'><strong>templo</strong></span> <span class='ocrx_word' id='word_1_168' title='bbox 1373 1498 1500 1566; x_wconf 72' lang='lat' dir='ltr'><strong>tuorint3</strong></span> <span class='ocrx_word' id='word_1_169' title='bbox 1517 1501 1661 1556; x_wconf 85' lang='lat' dir='ltr'><strong>atrorum</strong></span> <span class='ocrx_word' id='word_1_170' title='bbox 1681 1503 1814 1570; x_wconf 88' lang='lat' dir='ltr'><strong>naturas,</strong></span> <span class='ocrx_word' id='word_1_171' title='bbox 1830 1515 1900 1556; x_wconf 89' lang='lat' dir='ltr'><strong>cau·</strong></span> 
     </span>
    </p>

    <p class='ocr_par' dir='ltr' id='par_1_3' title="bbox 197 1586 1901 2018">
     <span class='ocr_line' id='line_1_16' title="bbox 234 1586 1898 1661; baseline 0.002 -21"><span class='ocrx_word' id='word_1_172' title='bbox 234 1586 278 1642; x_wconf 76' lang='lat' dir='ltr'><strong>te.</strong></span> <span class='ocrx_word' id='word_1_173' title='bbox 294 1587 428 1660; x_wconf 79' lang='lat' dir='ltr'><strong>Podcprm</strong></span> <span class='ocrx_word' id='word_1_174' title='bbox 443 1589 590 1646; x_wconf 80' lang='lat' dir='ltr'><strong>medicina.</strong></span> <span class='ocrx_word' id='word_1_175' title='bbox 607 1591 826 1648; x_wconf 84' lang='lat' dir='ltr'><strong>Vitandoomnis</strong></span> <span class='ocrx_word' id='word_1_176' title='bbox 849 1592 971 1646; x_wconf 80' lang='lat' dir='ltr'><strong>sotiatus.</strong></span> <span class='ocrx_word' id='word_1_177' title='bbox 987 1621 1022 1631; x_wconf 91' lang='lat'><em>-</em></span> <span class='ocrx_word' id='word_1_178' title='bbox 1076 1605 1183 1661; x_wconf 85' lang='lat' dir='ltr'><strong>sasque</strong></span> <span class='ocrx_word' id='word_1_179' title='bbox 1209 1605 1242 1645; x_wconf 92' lang='lat' dir='ltr'><strong>ac</strong></span> <span class='ocrx_word' id='word_1_180' title='bbox 1271 1589 1397 1645; x_wconf 85' lang='lat' dir='ltr'><strong>rationes</strong></span> <span class='ocrx_word' id='word_1_181' title='bbox 1424 1587 1555 1644; x_wconf 87' lang='lat' dir='ltr'><strong>siderum</strong></span> <span class='ocrx_word' id='word_1_182' title='bbox 1597 1586 1786 1661; x_wconf 89' lang='lat' dir='ltr'><strong>contemplati</strong></span> <span class='ocrx_word' id='word_1_183' title='bbox 1814 1589 1898 1656; x_wconf 87' lang='lat' dir='ltr'><strong>sint;</strong></span> 
     </span>
     <span class='ocr_line' id='line_1_17' title="bbox 199 1675 1900 1780; baseline 0.001 -49"><span class='ocrx_word' id='word_1_184' title='bbox 199 1675 337 1748; x_wconf 89' lang='lat' dir='ltr'><strong>Legimus</strong></span> <span class='ocrx_word' id='word_1_185' title='bbox 351 1679 495 1750; x_wconf 88' lang='lat' dir='ltr'><strong>quosdam</strong></span> <span class='ocrx_word' id='word_1_186' title='bbox 520 1681 621 1736; x_wconf 89' lang='lat' dir='ltr'><strong>morbo</strong></span> <span class='ocrx_word' id='word_1_187' title='bbox 650 1679 800 1736; x_wconf 88' lang='lat' dir='ltr'><strong>articulari</strong></span> <span class='ocrx_word' id='word_1_188' title='bbox 828 1684 858 1736; x_wconf 89' lang='lat' dir='ltr'><strong>et</strong></span> <span class='ocrx_word' id='word_1_189' title='bbox 886 1680 1230 1780; x_wconf 78' lang='lat' dir='ltr'><strong>podagraeBnunquam</strong></span> <span class='ocrx_word' id='word_1_190' title='bbox 1259 1676 1433 1734; x_wconf 84' lang='lat' dir='ltr'><strong>mulieribus</strong></span> <span class='ocrx_word' id='word_1_191' title='bbox 1466 1692 1498 1734; x_wconf 88' lang='lat' dir='ltr'><strong>sc</strong></span> <span class='ocrx_word' id='word_1_192' title='bbox 1527 1675 1715 1745; x_wconf 87' lang='lat' dir='ltr'><strong>miscuerint;</strong></span> <span class='ocrx_word' id='word_1_193' title='bbox 1746 1693 1900 1750; x_wconf 89' lang='lat' dir='ltr'><strong>nunquam</strong></span> 
     </span>
     <span class='ocr_line' id='line_1_18' title="bbox 197 1763 1899 1842; baseline 0.002 -23"><span class='ocrx_word' id='word_1_194' title='bbox 197 1763 372 1822; x_wconf 90' lang='lat' dir='ltr'><strong>humoribus</strong></span> <span class='ocrx_word' id='word_1_195' title='bbox 388 1766 564 1836; x_wconf 89' lang='lat' dir='ltr'><strong>laborantes,</strong></span> <span class='ocrx_word' id='word_1_196' title='bbox 582 1769 794 1842; x_wconf 85' lang='lat' dir='ltr'><strong>proscriptione</strong></span> <span class='ocrx_word' id='word_1_197' title='bbox 813 1769 969 1835; x_wconf 90' lang='lat' dir='ltr'><strong>bonorum,</strong></span> <span class='ocrx_word' id='word_1_198' title='bbox 985 1768 1022 1824; x_wconf 89' lang='lat' dir='ltr'><strong>sd</strong></span> <span class='ocrx_word' id='word_1_199' title='bbox 1078 1772 1216 1841; x_wconf 90' lang='lat' dir='ltr'><strong>cognatos</strong></span> <span class='ocrx_word' id='word_1_200' title='bbox 1232 1770 1261 1823; x_wconf 87' lang='lat' dir='ltr'><strong>et</strong></span> <span class='ocrx_word' id='word_1_201' title='bbox 1274 1766 1465 1840; x_wconf 89' lang='lat' dir='ltr'><strong>propinquos,</strong></span> <span class='ocrx_word' id='word_1_202' title='bbox 1483 1781 1518 1822; x_wconf 89' lang='lat' dir='ltr'><strong>ne</strong></span> <span class='ocrx_word' id='word_1_203' title='bbox 1538 1764 1646 1821; x_wconf 89' lang='lat' dir='ltr'><strong>liberos</strong></span> <span class='ocrx_word' id='word_1_204' title='bbox 1673 1765 1793 1838; x_wconf 91' lang='lat' dir='ltr'><strong>quidem</strong></span> <span class='ocrx_word' id='word_1_205' title='bbox 1820 1766 1899 1823; x_wconf 67' lang='lat'><strong>848</strong></span> 
     </span>
     <span class='ocr_line' id='line_1_19' title="bbox 198 1853 1900 1931; baseline 0.002 -23"><span class='ocrx_word' id='word_1_206' title='bbox 198 1853 361 1925; x_wconf 89' lang='lat' dir='ltr'><strong>simplicem</strong></span> <span class='ocrx_word' id='word_1_207' title='bbox 384 1873 516 1913; x_wconf 88' lang='lat' dir='ltr'><strong>mensam</strong></span> <span class='ocrx_word' id='word_1_208' title='bbox 539 1863 568 1914; x_wconf 92' lang='lat' dir='ltr'><strong>et</strong></span> <span class='ocrx_word' id='word_1_209' title='bbox 596 1873 739 1931; x_wconf 88' lang='lat' dir='ltr'><strong>pauperes</strong></span> <span class='ocrx_word' id='word_1_210' title='bbox 768 1857 848 1916; x_wconf 87' lang='lat' dir='ltr'><strong>cibos</strong></span> <span class='ocrx_word' id='word_1_211' title='bbox 877 1857 1020 1925; x_wconf 84' lang='lat' dir='ltr'><strong>redactos,</strong></span> <span class='ocrx_word' id='word_1_212' title='bbox 1076 1856 1212 1925; x_wconf 89' lang='lat' dir='ltr'><strong>viderint,</strong></span> <span class='ocrx_word' id='word_1_213' title='bbox 1241 1871 1275 1912; x_wconf 87' lang='lat' dir='ltr'><strong>ex</strong></span> <span class='ocrx_word' id='word_1_214' title='bbox 1309 1870 1342 1912; x_wconf 86' lang='lat' dir='ltr'><strong>co</strong></span> <span class='ocrx_word' id='word_1_215' title='bbox 1372 1858 1513 1927; x_wconf 86' lang='lat' dir='ltr'><strong>tempore,</strong></span> <span class='ocrx_word' id='word_1_216' title='bbox 1536 1870 1595 1926; x_wconf 91' lang='lat' dir='ltr'><strong>quo</strong></span> <span class='ocrx_word' id='word_1_217' title='bbox 1619 1853 1776 1927; x_wconf 75' lang='lat' dir='ltr'><strong>cepissent</strong></span> <span class='ocrx_word' id='word_1_218' title='bbox 1799 1854 1900 1912; x_wconf 89' lang='lat' dir='ltr'><strong>divino</strong></span> 
     </span>
     <span class='ocr_line' id='line_1_20' title="bbox 197 1941 1901 2018; baseline 0.001 -20"><span class='ocrx_word' id='word_1_219' title='bbox 197 1943 389 2000; x_wconf 88' lang='lat' dir='ltr'><strong>convaluisse.</strong></span> <span class='ocrx_word' id='word_1_220' title='bbox 411 1946 571 2004; x_wconf 83' lang='lat' dir='ltr'><strong>Caruerant</strong></span> <span class='ocrx_word' id='word_1_221' title='bbox 599 1946 677 2002; x_wconf 87' lang='lat' dir='ltr'><strong>onim</strong></span> <span class='ocrx_word' id='word_1_222' title='bbox 708 1944 873 2004; x_wconf 85' lang='lat' dir='ltr'><strong>sollicitudo</strong></span> <span class='ocrx_word' id='word_1_223' title='bbox 903 1945 1020 2018; x_wconf 91' lang='lat' dir='ltr'><strong>dispen·</strong></span> <span class='ocrx_word' id='word_1_224' title='bbox 1076 1945 1168 2002; x_wconf 92' lang='lat' dir='ltr'><strong>cultui</strong></span> <span class='ocrx_word' id='word_1_225' title='bbox 1183 1943 1503 2002; x_wconf 79' lang='lat' dir='ltr'><strong>deservirezcarnihus</strong></span> <span class='ocrx_word' id='word_1_226' title='bbox 1518 1945 1547 1998; x_wconf 89' lang='lat' dir='ltr'><strong>et</strong></span> <span class='ocrx_word' id='word_1_227' title='bbox 1561 1941 1648 1998; x_wconf 77' lang='lat' dir='ltr'><strong>vino⁸</strong></span> <span class='ocrx_word' id='word_1_228' title='bbox 1671 1959 1787 2016; x_wconf 83' lang='lat' dir='ltr'><strong>semper</strong></span> <span class='ocrx_word' id='word_1_229' title='bbox 1809 1943 1901 2001; x_wconf 86' lang='lat' dir='ltr'><strong>absti-</strong></span> 
     </span>
    </p>
   </div>
   <div class='ocr_carea' id='block_1_3' title="bbox 197 2033 1021 2481">
    <p class='ocr_par' dir='ltr' id='par_1_4' title="bbox 197 2033 1021 2481">
     <span class='ocr_line' id='line_1_21' title="bbox 197 2033 1014 2110; baseline 0.001 -22"><span class='ocrx_word' id='word_1_230' title='bbox 197 2033 295 2088; x_wconf 83' lang='lat' dir='ltr'><strong>sandae</strong></span> <span class='ocrx_word' id='word_1_231' title='bbox 312 2033 417 2090; x_wconf 90' lang='lat' dir='ltr'><strong>domus</strong></span> <span class='ocrx_word' id='word_1_232' title='bbox 432 2039 461 2091; x_wconf 89' lang='lat' dir='ltr'><strong>et</strong></span> <span class='ocrx_word' id='word_1_233' title='bbox 480 2035 634 2108; x_wconf 89' lang='lat' dir='ltr'><strong>epularum</strong></span> <span class='ocrx_word' id='word_1_234' title='bbox 650 2035 796 2110; x_wconf 88' lang='lat' dir='ltr'><strong>largitate,</strong></span> <span class='ocrx_word' id='word_1_235' title='bbox 814 2050 878 2108; x_wconf 89' lang='lat' dir='ltr'><strong>quae</strong></span> <span class='ocrx_word' id='word_1_236' title='bbox 893 2039 922 2092; x_wconf 87' lang='lat' dir='ltr'><strong>ct</strong></span> <span class='ocrx_word' id='word_1_237' title='bbox 949 2051 1014 2090; x_wconf 92' lang='lat' dir='ltr'><strong>cor-</strong></span> 
     </span>
     <span class='ocr_line' id='line_1_22' title="bbox 197 2121 1021 2196; baseline 0.005 -22"><span class='ocrx_word' id='word_1_238' title='bbox 197 2134 253 2190; x_wconf 91' lang='lat' dir='ltr'><strong>pus</strong></span> <span class='ocrx_word' id='word_1_239' title='bbox 269 2121 408 2196; x_wconf 82' lang='lat' dir='ltr'><strong>frangunt</strong></span> <span class='ocrx_word' id='word_1_240' title='bbox 420 2128 449 2180; x_wconf 91' lang='lat' dir='ltr'><strong>et</strong></span> <span class='ocrx_word' id='word_1_241' title='bbox 476 2125 554 2182; x_wconf 73' lang='lat' dir='ltr'><strong>m</strong></span> <span class='ocrx_word' id='word_1_242' title='bbox 578 2124 720 2182; x_wconf 89' lang='lat' dir='ltr'><strong>animam.</strong></span> <span class='ocrx_word' id='word_1_243' title='bbox 751 2123 856 2180; x_wconf 86' lang='lat' dir='ltr'><strong>Irridet</strong></span> <span class='ocrx_word' id='word_1_244' title='bbox 882 2122 1021 2180; x_wconf 89' lang='lat' dir='ltr'><strong>Horatius</strong></span> 
     </span>
     <span class='ocr_line' id='line_1_23' title="bbox 197 2209 1020 2290; baseline 0.005 -26"><span class='ocrx_word' id='word_1_245' title='bbox 197 2209 293 2280; x_wconf 82' lang='lat' dir='ltr'><strong>(Epist.</strong></span> <span class='ocrx_word' id='word_1_246' title='bbox 310 2211 359 2268; x_wconf 80' lang='lat' dir='ltr'><strong>ut.</strong></span> <span class='ocrx_word' id='word_1_247' title='bbox 376 2229 395 2281; x_wconf 92' lang='lat'><strong>1,</strong></span> <span class='ocrx_word' id='word_1_248' title='bbox 413 2229 454 2285; x_wconf 87' lang='lat' dir='ltr'><strong>ep.</strong></span> <span class='ocrx_word' id='word_1_249' title='bbox 470 2217 498 2284; x_wconf 83' lang='lat'><strong>2,</strong></span> <span class='ocrx_word' id='word_1_250' title='bbox 523 2213 559 2270; x_wconf 87' lang='lat' dir='ltr'><strong>cd</strong></span> <span class='ocrx_word' id='word_1_251' title='bbox 587 2215 718 2290; x_wconf 60' lang='lat' dir='ltr'><strong>bolliam)</strong></span> <span class='ocrx_word' id='word_1_252' title='bbox 748 2212 910 2286; x_wconf 86' lang='lat' dir='ltr'><strong>appetitum</strong></span> <span class='ocrx_word' id='word_1_253' title='bbox 940 2212 1020 2269; x_wconf 87' lang='lat' dir='ltr'><strong>cibo-</strong></span> 
     </span>
     <span class='ocr_line' id='line_1_24' title="bbox 197 2300 947 2375; baseline 0.005 -23"><span class='ocrx_word' id='word_1_254' title='bbox 197 2313 274 2366; x_wconf 84' lang='lat' dir='ltr'><strong>rum,</strong></span> <span class='ocrx_word' id='word_1_255' title='bbox 288 2300 340 2372; x_wconf 89' lang='lat' dir='ltr'><strong>qui</strong></span> <span class='ocrx_word' id='word_1_256' title='bbox 352 2303 518 2375; x_wconf 89' lang='lat' dir='ltr'><strong>consumpti</strong></span> <span class='ocrx_word' id='word_1_257' title='bbox 534 2301 705 2374; x_wconf 91' lang='lat' dir='ltr'><strong>relinquunt</strong></span> <span class='ocrx_word' id='word_1_258' title='bbox 726 2301 947 2375; x_wconf 67' lang='lat' dir='ltr'><strong>penitentiam:</strong></span> 
     </span>
     <span class='ocr_line' id='line_1_25' title="bbox 239 2413 974 2481; baseline 0 -17"><span class='ocrx_word' id='word_1_259' title='bbox 239 2413 341 2478; x_wconf 87' lang='lat' dir='ltr'><strong>Sperne</strong></span> <span class='ocrx_word' id='word_1_260' title='bbox 354 2416 517 2481; x_wconf 88' lang='lat' dir='ltr'><strong>voluptates,</strong></span> <span class='ocrx_word' id='word_1_261' title='bbox 531 2422 611 2468; x_wconf 90' lang='lat' dir='ltr'><strong>nocet</strong></span> <span class='ocrx_word' id='word_1_262' title='bbox 625 2421 713 2481; x_wconf 88' lang='lat' dir='ltr'><strong>empta</strong></span> <span class='ocrx_word' id='word_1_263' title='bbox 727 2415 819 2467; x_wconf 90' lang='lat' dir='ltr'><strong>dolore</strong></span> <span class='ocrx_word' id='word_1_264' title='bbox 844 2416 974 2480; x_wconf 87' lang='lat' dir='ltr'><strong>voluptas.</strong></span> 
     </span>
    </p>
   </div>
   <div class='ocr_carea' id='block_1_4' title="bbox 196 2530 1019 2778">
    <p class='ocr_par' dir='ltr' id='par_1_5' title="bbox 196 2530 1019 2778">
     <span class='ocr_line' id='line_1_26' title="bbox 233 2530 1018 2606; baseline 0.001 -21"><span class='ocrx_word' id='word_1_265' title='bbox 233 2531 349 2588; x_wconf 83' lang='lat' dir='ltr'><strong>Etcum</strong></span> <span class='ocrx_word' id='word_1_266' title='bbox 366 2532 395 2586; x_wconf 92' lang='lat' dir='ltr'><strong>in</strong></span> <span class='ocrx_word' id='word_1_267' title='bbox 411 2532 612 2589; x_wconf 82' lang='lat' dir='ltr'><strong>amoenissimo</strong></span> <span class='ocrx_word' id='word_1_268' title='bbox 628 2549 696 2606; x_wconf 89' lang='lat' dir='ltr'><strong>agro</strong></span> <span class='ocrx_word' id='word_1_269' title='bbox 711 2533 740 2588; x_wconf 93' lang='lat' dir='ltr'><strong>in</strong></span> <span class='ocrx_word' id='word_1_270' title='bbox 757 2548 890 2588; x_wconf 91' lang='lat' dir='ltr'><strong>morsum</strong></span> <span class='ocrx_word' id='word_1_271' title='bbox 914 2530 1018 2603; x_wconf 92' lang='lat' dir='ltr'><strong>volup-</strong></span> 
     </span>
     <span class='ocr_line' id='line_1_27' title="bbox 196 2620 1019 2694; baseline 0.002 -22"><span class='ocrx_word' id='word_1_272' title='bbox 196 2620 350 2674; x_wconf 90' lang='lat' dir='ltr'><strong>tuosorum</strong></span> <span class='ocrx_word' id='word_1_273' title='bbox 365 2620 519 2676; x_wconf 89' lang='lat' dir='ltr'><strong>hominum</strong></span> <span class='ocrx_word' id='word_1_274' title='bbox 535 2637 566 2677; x_wconf 89' lang='lat' dir='ltr'><strong>se</strong></span> <span class='ocrx_word' id='word_1_275' title='bbox 580 2637 714 2678; x_wconf 89' lang='lat' dir='ltr'><strong>crassum</strong></span> <span class='ocrx_word' id='word_1_276' title='bbox 735 2621 933 2694; x_wconf 88' lang='lat' dir='ltr'><strong>pinguemque</strong></span> <span class='ocrx_word' id='word_1_277' title='bbox 955 2620 1019 2675; x_wconf 88' lang='lat' dir='ltr'><strong>dss-</strong></span> 
     </span>
     <span class='ocr_line' id='line_1_28' title="bbox 196 2705 643 2778; baseline 0.009 -18"><span class='ocrx_word' id='word_1_278' title='bbox 196 2705 329 2778; x_wconf 87' lang='lat' dir='ltr'><strong>cribaret,</strong></span> <span class='ocrx_word' id='word_1_279' title='bbox 346 2706 414 2764; x_wconf 89' lang='lat' dir='ltr'><strong>lusit</strong></span> <span class='ocrx_word' id='word_1_280' title='bbox 430 2709 478 2764; x_wconf 87' lang='lat' dir='ltr'><strong>his</strong></span> <span class='ocrx_word' id='word_1_281' title='bbox 493 2710 643 2766; x_wconf 89' lang='lat' dir='ltr'><strong>versibus:</strong></span> 
     </span>
    </p>
   </div>
   <div class='ocr_carea' id='block_1_5' title="bbox 228 2821 957 2968">
    <p class='ocr_par' dir='ltr' id='par_1_6' title="bbox 228 2821 957 2968">
     <span class='ocr_line' id='line_1_29' title="bbox 229 2821 957 2888; baseline 0.003 -18"><span class='ocrx_word' id='word_1_282' title='bbox 229 2821 270 2870; x_wconf 84' lang='lat' dir='ltr'><strong>Ma</strong></span> <span class='ocrx_word' id='word_1_283' title='bbox 284 2822 412 2888; x_wconf 85' lang='lat' dir='ltr'><strong>pinguem</strong></span> <span class='ocrx_word' id='word_1_284' title='bbox 426 2829 453 2875; x_wconf 92' lang='lat' dir='ltr'><strong>et</strong></span> <span class='ocrx_word' id='word_1_285' title='bbox 467 2824 590 2884; x_wconf 87' lang='lat' dir='ltr'><strong>nitidum,</strong></span> <span class='ocrx_word' id='word_1_286' title='bbox 604 2825 673 2875; x_wconf 86' lang='lat' dir='ltr'><strong>bene</strong></span> <span class='ocrx_word' id='word_1_287' title='bbox 687 2829 779 2876; x_wconf 86' lang='lat' dir='ltr'><strong>curata</strong></span> <span class='ocrx_word' id='word_1_288' title='bbox 793 2829 864 2881; x_wconf 88' lang='lat' dir='ltr'><strong>eote,</strong></span> <span class='ocrx_word' id='word_1_289' title='bbox 879 2823 957 2882; x_wconf 81' lang='lat' dir='ltr'><strong>vises,</strong></span> 
     </span>
     <span class='ocr_line' id='line_1_30' title="bbox 228 2901 893 2968; baseline 0.005 -18"><span class='ocrx_word' id='word_1_290' title='bbox 228 2901 293 2951; x_wconf 89' lang='lat' dir='ltr'><strong>Cum</strong></span> <span class='ocrx_word' id='word_1_291' title='bbox 308 2902 394 2952; x_wconf 86' lang='lat' dir='ltr'><strong>ridere</strong></span> <span class='ocrx_word' id='word_1_292' title='bbox 409 2904 493 2966; x_wconf 85' lang='lat' dir='ltr'><strong>voles,</strong></span> <span class='ocrx_word' id='word_1_293' title='bbox 509 2905 615 2968; x_wconf 87' lang='lat' dir='ltr'><strong>Epicuri</strong></span> <span class='ocrx_word' id='word_1_294' title='bbox 630 2905 664 2956; x_wconf 89' lang='lat' dir='ltr'><strong>da</strong></span> <span class='ocrx_word' id='word_1_295' title='bbox 679 2917 758 2968; x_wconf 85' lang='lat' dir='ltr'><strong>grege</strong></span> <span class='ocrx_word' id='word_1_296' title='bbox 772 2917 893 2968; x_wconf 87' lang='lat' dir='ltr'><strong>porcum.</strong></span> 
     </span>
    </p>
   </div>
   <div class='ocr_carea' id='block_1_6' title="bbox 233 3008 1017 3068">
    <p class='ocr_par' dir='ltr' id='par_1_7' title="bbox 233 3008 1017 3068">
     <span class='ocr_line' id='line_1_31' title="bbox 233 3008 1017 3068; baseline -0.003 -3"><span class='ocrx_word' id='word_1_297' title='bbox 233 3009 288 3066; x_wconf 87' lang='lat' dir='ltr'><strong>Sed</strong></span> <span class='ocrx_word' id='word_1_298' title='bbox 304 3013 333 3065; x_wconf 88' lang='lat' dir='ltr'><strong>ct</strong></span> <span class='ocrx_word' id='word_1_299' title='bbox 347 3025 382 3065; x_wconf 86' lang='lat' dir='ltr'><strong>ex</strong></span> <span class='ocrx_word' id='word_1_300' title='bbox 395 3009 547 3068; x_wconf 88' lang='lat' dir='ltr'><strong>vilissimis</strong></span> <span class='ocrx_word' id='word_1_301' title='bbox 569 3011 642 3068; x_wconf 91' lang='lat' dir='ltr'><strong>cibis</strong></span> <span class='ocrx_word' id='word_1_302' title='bbox 667 3010 788 3067; x_wconf 90' lang='lat' dir='ltr'><strong>vitanda</strong></span> <span class='ocrx_word' id='word_1_303' title='bbox 814 3008 934 3065; x_wconf 87' lang='lat' dir='ltr'><strong>satietas</strong></span> <span class='ocrx_word' id='word_1_304' title='bbox 962 3012 1017 3064; x_wconf 89' lang='lat' dir='ltr'><strong>est.</strong></span> 
     </span>
    </p>
   </div>
   <div class='ocr_carea' id='block_1_7' title="bbox 1072 2031 1904 3077">
    <p class='ocr_par' dir='ltr' id='par_1_8' title="bbox 1072 2031 1904 3077">
     <span class='ocr_line' id='line_1_32' title="bbox 1076 2031 1896 2108; baseline -0.001 -18"><span class='ocrx_word' id='word_1_305' title='bbox 1076 2035 1204 2104; x_wconf 90' lang='lat' dir='ltr'><strong>nuerint,</strong></span> <span class='ocrx_word' id='word_1_306' title='bbox 1220 2037 1348 2108; x_wconf 86' lang='lat' dir='ltr'><strong>proptor,</strong></span> <span class='ocrx_word' id='word_1_307' title='bbox 1364 2031 1536 2089; x_wconf 82' lang='lat' dir='ltr'><strong>tenuitatem</strong></span> <span class='ocrx_word' id='word_1_308' title='bbox 1552 2046 1657 2088; x_wconf 89' lang='lat' dir='ltr'><strong>sensus</strong></span> <span class='ocrx_word' id='word_1_309' title='bbox 1676 2036 1705 2088; x_wconf 89' lang='lat' dir='ltr'><strong>et</strong></span> <span class='ocrx_word' id='word_1_310' title='bbox 1725 2032 1896 2106; x_wconf 85' lang='lat' dir='ltr'><strong>vertiginem</strong></span> 
     </span>
     <span class='ocr_line' id='line_1_33' title="bbox 1075 2120 1898 2196; baseline -0.002 -16"><span class='ocrx_word' id='word_1_311' title='bbox 1075 2123 1180 2196; x_wconf 88' lang='lat' dir='ltr'><strong>capitis</strong></span> <span class='ocrx_word' id='word_1_312' title='bbox 1196 2139 1284 2196; x_wconf 88' lang='lat' dir='ltr'><strong>quam</strong></span> <span class='ocrx_word' id='word_1_313' title='bbox 1300 2139 1335 2178; x_wconf 86' lang='lat' dir='ltr'><strong>ax</strong></span> <span class='ocrx_word' id='word_1_314' title='bbox 1350 2137 1437 2194; x_wconf 87' lang='lat' dir='ltr'><strong>parvo</strong></span> <span class='ocrx_word' id='word_1_315' title='bbox 1453 2121 1516 2177; x_wconf 92' lang='lat' dir='ltr'><strong>cibo</strong></span> <span class='ocrx_word' id='word_1_316' title='bbox 1531 2120 1737 2193; x_wconf 88' lang='lat' dir='ltr'><strong>patiebantur;</strong></span> <span class='ocrx_word' id='word_1_317' title='bbox 1761 2125 1790 2178; x_wconf 89' lang='lat' dir='ltr'><strong>et</strong></span> <span class='ocrx_word' id='word_1_318' title='bbox 1804 2121 1898 2178; x_wconf 85' lang='lat' dir='ltr'><strong>maxi-</strong></span> 
     </span>
     <span class='ocr_line' id='line_1_34' title="bbox 1075 2209 1900 2286; baseline -0.004 -16"><span class='ocrx_word' id='word_1_319' title='bbox 1075 2229 1123 2270; x_wconf 88' lang='lat' dir='ltr'><strong>me</strong></span> <span class='ocrx_word' id='word_1_320' title='bbox 1138 2216 1256 2286; x_wconf 92' lang='lat' dir='ltr'><strong>propter</strong></span> <span class='ocrx_word' id='word_1_321' title='bbox 1271 2211 1418 2284; x_wconf 89' lang='lat' dir='ltr'><strong>appetitus</strong></span> <span class='ocrx_word' id='word_1_322' title='bbox 1442 2209 1585 2276; x_wconf 90' lang='lat' dir='ltr'><strong>lihidinis,</strong></span> <span class='ocrx_word' id='word_1_323' title='bbox 1614 2209 1664 2282; x_wconf 88' lang='lat' dir='ltr'><strong>qui</strong></span> <span class='ocrx_word' id='word_1_324' title='bbox 1693 2225 1728 2265; x_wconf 84' lang='lat' dir='ltr'><strong>ex</strong></span> <span class='ocrx_word' id='word_1_325' title='bbox 1752 2209 1799 2266; x_wconf 92' lang='lat' dir='ltr'><strong>his</strong></span> <span class='ocrx_word' id='word_1_326' title='bbox 1823 2209 1900 2267; x_wconf 87' lang='lat' dir='ltr'><strong>cibis</strong></span> 
     </span>
     <span class='ocr_line' id='line_1_35' title="bbox 1075 2298 1900 2375; baseline -0.005 -16"><span class='ocrx_word' id='word_1_327' title='bbox 1075 2307 1104 2359; x_wconf 88' lang='lat' dir='ltr'><strong>et</strong></span> <span class='ocrx_word' id='word_1_328' title='bbox 1118 2319 1152 2360; x_wconf 87' lang='lat' dir='ltr'><strong>ox</strong></span> <span class='ocrx_word' id='word_1_329' title='bbox 1167 2301 1222 2358; x_wconf 92' lang='lat' dir='ltr'><strong>hac</strong></span> <span class='ocrx_word' id='word_1_330' title='bbox 1237 2300 1354 2375; x_wconf 91' lang='lat' dir='ltr'><strong>potione</strong></span> <span class='ocrx_word' id='word_1_331' title='bbox 1369 2302 1542 2356; x_wconf 89' lang='lat' dir='ltr'><strong>nascuntur.</strong></span> <span class='ocrx_word' id='word_1_332' title='bbox 1558 2298 1635 2354; x_wconf 88' lang='lat' dir='ltr'><strong>Pane</strong></span> <span class='ocrx_word' id='word_1_333' title='bbox 1658 2315 1723 2355; x_wconf 89' lang='lat' dir='ltr'><strong>raro</strong></span> <span class='ocrx_word' id='word_1_334' title='bbox 1738 2299 1900 2356; x_wconf 87' lang='lat' dir='ltr'><strong>vesceban-</strong></span> 
     </span>
     <span class='ocr_line' id='line_1_36' title="bbox 1075 2385 1901 2462; baseline -0.002 -15"><span class='ocrx_word' id='word_1_335' title='bbox 1075 2395 1133 2462; x_wconf 94' lang='lat' dir='ltr'><strong>tur,</strong></span> <span class='ocrx_word' id='word_1_336' title='bbox 1151 2407 1186 2447; x_wconf 88' lang='lat' dir='ltr'><strong>ue</strong></span> <span class='ocrx_word' id='word_1_337' title='bbox 1202 2394 1358 2446; x_wconf 90' lang='lat' dir='ltr'><strong>onerarent</strong></span> <span class='ocrx_word' id='word_1_338' title='bbox 1371 2387 1614 2445; x_wconf 61' lang='lat' dir='ltr'><strong>stomachantem</strong></span> <span class='ocrx_word' id='word_1_339' title='bbox 1629 2385 1653 2443; x_wconf 93' lang='lat' dir='ltr'><strong>si</strong></span> <span class='ocrx_word' id='word_1_340' title='bbox 1669 2388 1786 2460; x_wconf 87' lang='lat' dir='ltr'><strong>quando</strong></span> <span class='ocrx_word' id='word_1_341' title='bbox 1801 2404 1901 2445; x_wconf 85' lang='lat' dir='ltr'><strong>come-</strong></span> 
     </span>
     <span class='ocr_line' id='line_1_37' title="bbox 1074 2474 1900 2551; baseline 0 -15"><span class='ocrx_word' id='word_1_342' title='bbox 1074 2479 1193 2548; x_wconf 86' lang='lat' dir='ltr'><strong>debant,</strong></span> <span class='ocrx_word' id='word_1_343' title='bbox 1209 2484 1308 2536; x_wconf 86' lang='lat' dir='ltr'><strong>tusum</strong></span> <span class='ocrx_word' id='word_1_344' title='bbox 1326 2477 1379 2550; x_wconf 83' lang='lat' dir='ltr'><strong>[tt.</strong></span> <span class='ocrx_word' id='word_1_345' title='bbox 1397 2493 1517 2533; x_wconf 86' lang='lat' dir='ltr'><strong>consum</strong></span> <span class='ocrx_word' id='word_1_346' title='bbox 1532 2479 1560 2532; x_wconf 90' lang='lat' dir='ltr'><strong>ct</strong></span> <span class='ocrx_word' id='word_1_347' title='bbox 1573 2475 1686 2550; x_wconf 84' lang='lat' dir='ltr'><strong>tusum]</strong></span> <span class='ocrx_word' id='word_1_348' title='bbox 1702 2474 1811 2549; x_wconf 90' lang='lat' dir='ltr'><strong>pariter</strong></span> <span class='ocrx_word' id='word_1_349' title='bbox 1828 2477 1900 2551; x_wconf 83' lang='lat' dir='ltr'><strong>hys-</strong></span> 
     </span>
     <span class='ocr_line' id='line_1_38' title="bbox 1075 2565 1900 2642; baseline -0.002 -16"><span class='ocrx_word' id='word_1_350' title='bbox 1075 2585 1181 2642; x_wconf 89' lang='lat' dir='ltr'><strong>sopum</strong></span> <span class='ocrx_word' id='word_1_351' title='bbox 1208 2567 1365 2625; x_wconf 88' lang='lat' dir='ltr'><strong>sumebant</strong></span> <span class='ocrx_word' id='word_1_352' title='bbox 1388 2567 1418 2622; x_wconf 91' lang='lat' dir='ltr'><strong>in</strong></span> <span class='ocrx_word' id='word_1_353' title='bbox 1446 2565 1521 2632; x_wconf 93' lang='lat' dir='ltr'><strong>ciho,</strong></span> <span class='ocrx_word' id='word_1_354' title='bbox 1552 2569 1585 2622; x_wconf 90' lang='lat' dir='ltr'><strong>ut</strong></span> <span class='ocrx_word' id='word_1_355' title='bbox 1615 2581 1713 2622; x_wconf 89' lang='lat' dir='ltr'><strong>escam</strong></span> <span class='ocrx_word' id='word_1_356' title='bbox 1735 2566 1900 2638; x_wconf 88' lang='lat' dir='ltr'><strong>graviorem</strong></span> 
     </span>
     <span class='ocr_line' id='line_1_39' title="bbox 1073 2653 1904 2728; baseline -0.004 -14"><span class='ocrx_word' id='word_1_357' title='bbox 1073 2656 1153 2714; x_wconf 91' lang='lat' dir='ltr'><strong>illius</strong></span> <span class='ocrx_word' id='word_1_358' title='bbox 1168 2657 1263 2714; x_wconf 91' lang='lat' dir='ltr'><strong>calore</strong></span> <span class='ocrx_word' id='word_1_359' title='bbox 1276 2657 1482 2728; x_wconf 88' lang='lat' dir='ltr'><strong>decoquerent.</strong></span> <span class='ocrx_word' id='word_1_360' title='bbox 1499 2653 1602 2710; x_wconf 86' lang='lat' dir='ltr'><strong>Oleum</strong></span> <span class='ocrx_word' id='word_1_361' title='bbox 1617 2656 1734 2711; x_wconf 90' lang='lat' dir='ltr'><strong>tantum</strong></span> <span class='ocrx_word' id='word_1_362' title='bbox 1758 2653 1788 2710; x_wconf 92' lang='lat' dir='ltr'><strong>in</strong></span> <span class='ocrx_word' id='word_1_363' title='bbox 1814 2654 1904 2712; x_wconf 90' lang='lat' dir='ltr'><strong>oleri·</strong></span> 
     </span>
     <span class='ocr_line' id='line_1_40' title="bbox 1074 2743 1903 2816; baseline -0.002 -14"><span class='ocrx_word' id='word_1_364' title='bbox 1074 2746 1129 2802; x_wconf 93' lang='lat' dir='ltr'><strong>hus</strong></span> <span class='ocrx_word' id='word_1_365' title='bbox 1146 2749 1398 2812; x_wconf 89' lang='lat' dir='ltr'><strong>noverant,verum</strong></span> <span class='ocrx_word' id='word_1_366' title='bbox 1414 2746 1442 2799; x_wconf 88' lang='lat' dir='ltr'><strong>et</strong></span> <span class='ocrx_word' id='word_1_367' title='bbox 1455 2743 1554 2815; x_wconf 91' lang='lat' dir='ltr'><strong>ipsum</strong></span> <span class='ocrx_word' id='word_1_368' title='bbox 1570 2758 1685 2814; x_wconf 90' lang='lat' dir='ltr'><strong>parurn,</strong></span> <span class='ocrx_word' id='word_1_369' title='bbox 1701 2745 1903 2816; x_wconf 88' lang='lat' dir='ltr'><strong>propternau·</strong></span> 
     </span>
     <span class='ocr_line' id='line_1_41' title="bbox 1073 2829 1900 2906; baseline -0.004 -16"><span class='ocrx_word' id='word_1_370' title='bbox 1073 2851 1153 2891; x_wconf 91' lang='lat' dir='ltr'><strong>seam</strong></span> <span class='ocrx_word' id='word_1_371' title='bbox 1168 2838 1197 2890; x_wconf 89' lang='lat' dir='ltr'><strong>et</strong></span> <span class='ocrx_word' id='word_1_372' title='bbox 1211 2833 1399 2906; x_wconf 85' lang='lat' dir='ltr'><strong>asperitatem</strong></span> <span class='ocrx_word' id='word_1_373' title='bbox 1414 2834 1519 2904; x_wconf 89' lang='lat' dir='ltr'><strong>gustus</strong></span> <span class='ocrx_word' id='word_1_374' title='bbox 1542 2829 1720 2886; x_wconf 86' lang='lat' dir='ltr'><strong>leniendam.</strong></span> <span class='ocrx_word' id='word_1_375' title='bbox 1751 2831 1825 2896; x_wconf 82' lang='lat' dir='ltr'><strong>Quid</strong></span> <span class='ocrx_word' id='word_1_376' title='bbox 1852 2831 1900 2888; x_wconf 91' lang='lat' dir='ltr'><strong>lo·</strong></span> 
     </span>
     <span class='ocr_line' id='line_1_42' title="bbox 1072 2919 1899 2996; baseline -0.002 -17"><span class='ocrx_word' id='word_1_377' title='bbox 1072 2939 1156 2996; x_wconf 88' lang='lat' dir='ltr'><strong>quar,</strong></span> <span class='ocrx_word' id='word_1_378' title='bbox 1169 2922 1277 2994; x_wconf 89' lang='lat' dir='ltr'><strong>inquit,</strong></span> <span class='ocrx_word' id='word_1_379' title='bbox 1293 2922 1329 2977; x_wconf 89' lang='lat' dir='ltr'><strong>de</strong></span> <span class='ocrx_word' id='word_1_380' title='bbox 1342 2919 1522 2990; x_wconf 90' lang='lat' dir='ltr'><strong>volatilibus,</strong></span> <span class='ocrx_word' id='word_1_381' title='bbox 1534 2934 1602 2975; x_wconf 90' lang='lat' dir='ltr'><strong>cum</strong></span> <span class='ocrx_word' id='word_1_382' title='bbox 1616 2934 1702 2975; x_wconf 91' lang='lat' dir='ltr'><strong>ovum</strong></span> <span class='ocrx_word' id='word_1_383' title='bbox 1715 2935 1832 2992; x_wconf 85' lang='lat' dir='ltr'><strong>quoque</strong></span> <span class='ocrx_word' id='word_1_384' title='bbox 1842 2937 1899 2993; x_wconf 91' lang='lat' dir='ltr'><strong>pro</strong></span> 
     </span>
     <span class='ocr_line' id='line_1_43' title="bbox 1073 3006 1901 3077; baseline -0.002 -10"><span class='ocrx_word' id='word_1_385' title='bbox 1073 3011 1211 3068; x_wconf 88' lang='lat' dir='ltr'><strong>carnibus</strong></span> <span class='ocrx_word' id='word_1_386' title='bbox 1225 3009 1419 3077; x_wconf 90' lang='lat' dir='ltr'><strong>vitaverint,et</strong></span> <span class='ocrx_word' id='word_1_387' title='bbox 1432 3007 1497 3064; x_wconf 82' lang='lat' dir='ltr'><strong>laci</strong></span> <span class='ocrx_word' id='word_1_388' title='bbox 1507 3010 1637 3073; x_wconf 85' lang='lat' dir='ltr'><strong>Quorum</strong></span> <span class='ocrx_word' id='word_1_389' title='bbox 1651 3006 1776 3064; x_wconf 85' lang='lat' dir='ltr'><strong>altarum</strong></span> <span class='ocrx_word' id='word_1_390' title='bbox 1792 3023 1901 3066; x_wconf 89' lang='lat' dir='ltr'><strong>carnes</strong></span> 
     </span>
    </p>
   </div>
   <div class='ocr_carea' id='block_1_8' title="bbox 197 3082 1902 3173">
    <p class='ocr_par' dir='ltr' id='par_1_9' title="bbox 197 3082 1902 3173">
     <span class='ocr_line' id='line_1_44' title="bbox 197 3082 1902 3173; baseline 0.001 -21"><span class='ocrx_word' id='word_1_391' title='bbox 197 3095 276 3153; x_wconf 90' lang='lat' dir='ltr'><strong>Nihil</strong></span> <span class='ocrx_word' id='word_1_392' title='bbox 291 3098 370 3153; x_wconf 92' lang='lat' dir='ltr'><strong>enim</strong></span> <span class='ocrx_word' id='word_1_393' title='bbox 387 3099 427 3155; x_wconf 88' lang='lat' dir='ltr'><strong>ita</strong></span> <span class='ocrx_word' id='word_1_394' title='bbox 442 3099 540 3156; x_wconf 91' lang='lat' dir='ltr'><strong>obruit</strong></span> <span class='ocrx_word' id='word_1_395' title='bbox 552 3100 698 3168; x_wconf 90' lang='lat' dir='ltr'><strong>animum,</strong></span> <span class='ocrx_word' id='word_1_396' title='bbox 715 3104 747 3155; x_wconf 92' lang='lat' dir='ltr'><strong>ut</strong></span> <span class='ocrx_word' id='word_1_397' title='bbox 756 3098 862 3170; x_wconf 91' lang='lat' dir='ltr'><strong>plenus</strong></span> <span class='ocrx_word' id='word_1_398' title='bbox 876 3101 975 3153; x_wconf 88' lang='lat' dir='ltr'><strong>venter</strong></span> <span class='ocrx_word' id='word_1_399' title='bbox 989 3100 1018 3152; x_wconf 89' lang='lat' dir='ltr'><strong>et</strong></span> <span class='ocrx_word' id='word_1_400' title='bbox 1034 3082 1055 3150; x_wconf 81' lang='lat' dir='ltr'>C</span> <span class='ocrx_word' id='word_1_401' title='bbox 1073 3099 1212 3173; x_wconf 86' lang='lat' dir='ltr'><strong>liquidas,</strong></span> <span class='ocrx_word' id='word_1_402' title='bbox 1227 3098 1353 3156; x_wconf 85' lang='lat' dir='ltr'><strong>alterum</strong></span> <span class='ocrx_word' id='word_1_403' title='bbox 1369 3097 1543 3171; x_wconf 81' lang='lat' dir='ltr'><strong>sanguinem</strong></span> <span class='ocrx_word' id='word_1_404' title='bbox 1556 3112 1621 3153; x_wconf 88' lang='lat' dir='ltr'><strong>esse</strong></span> <span class='ocrx_word' id='word_1_405' title='bbox 1636 3095 1784 3166; x_wconf 87' lang='lat' dir='ltr'><strong>dicebant,</strong></span> <span class='ocrx_word' id='word_1_406' title='bbox 1800 3095 1902 3154; x_wconf 86' lang='lat' dir='ltr'><strong>colore</strong></span> 
     </span>
    </p>
   </div>
   <div class='ocr_carea' id='block_1_9' title="bbox 196 3186 1018 3260">
    <p class='ocr_par' dir='ltr' id='par_1_10' title="bbox 196 3186 1018 3260">
     <span class='ocr_line' id='line_1_45' title="bbox 196 3186 1018 3260; baseline 0 -18"><span class='ocrx_word' id='word_1_407' title='bbox 196 3188 369 3258; x_wconf 78' lang='lat' dir='ltr'><strong>exestuans,</strong></span> <span class='ocrx_word' id='word_1_408' title='bbox 384 3191 414 3243; x_wconf 89' lang='lat' dir='ltr'><strong>et</strong></span> <span class='ocrx_word' id='word_1_409' title='bbox 428 3188 486 3244; x_wconf 93' lang='lat' dir='ltr'><strong>huc</strong></span> <span class='ocrx_word' id='word_1_410' title='bbox 500 3187 628 3260; x_wconf 86' lang='lat' dir='ltr'><strong>illucque</strong></span> <span class='ocrx_word' id='word_1_411' title='bbox 644 3205 675 3245; x_wconf 87' lang='lat' dir='ltr'><strong>se</strong></span> <span class='ocrx_word' id='word_1_412' title='bbox 690 3193 815 3256; x_wconf 86' lang='lat' dir='ltr'><strong>vertens,</strong></span> <span class='ocrx_word' id='word_1_413' title='bbox 827 3191 856 3243; x_wconf 91' lang='lat' dir='ltr'><strong>ct</strong></span> <span class='ocrx_word' id='word_1_414' title='bbox 869 3186 898 3242; x_wconf 92' lang='lat' dir='ltr'><strong>in</strong></span> <span class='ocrx_word' id='word_1_415' title='bbox 916 3191 1018 3242; x_wconf 89' lang='lat' dir='ltr'><strong>ructus</strong></span> 
     </span>
    </p>
   </div>
   <div class='ocr_carea' id='block_1_10' title="bbox 1074 3183 1904 3259">
    <p class='ocr_par' dir='ltr' id='par_1_11' title="bbox 1074 3183 1904 3259">
     <span class='ocr_line' id='line_1_46' title="bbox 1074 3183 1904 3259; baseline -0.002 -14"><span class='ocrx_word' id='word_1_416' title='bbox 1074 3187 1210 3245; x_wconf 81' lang='lat' dir='ltr'><strong>mutato?</strong></span> <span class='ocrx_word' id='word_1_417' title='bbox 1224 3187 1341 3244; x_wconf 81' lang='lat' dir='ltr'><strong>Cubile⁸</strong></span> <span class='ocrx_word' id='word_1_418' title='bbox 1358 3186 1401 3244; x_wconf 90' lang='lat' dir='ltr'><strong>eis</strong></span> <span class='ocrx_word' id='word_1_419' title='bbox 1415 3186 1451 3242; x_wconf 89' lang='lat' dir='ltr'><strong>de</strong></span> <span class='ocrx_word' id='word_1_420' title='bbox 1467 3184 1545 3242; x_wconf 90' lang='lat' dir='ltr'><strong>loliis</strong></span> <span class='ocrx_word' id='word_1_421' title='bbox 1555 3183 1809 3259; x_wconf 88' lang='lat' dir='ltr'><strong>palmarum,quas</strong></span> <span class='ocrx_word' id='word_1_422' title='bbox 1821 3186 1904 3244; x_wconf 83' lang='lat' dir='ltr'><strong>boias</strong></span> 
     </span>
    </p>
   </div>
   <div class='ocr_carea' id='block_1_11' title="bbox 192 3272 1905 3706">
    <p class='ocr_par' dir='ltr' id='par_1_12' title="bbox 192 3272 1905 3706">
     <span class='ocr_line' id='line_1_47' title="bbox 196 3272 1905 3350; baseline 0.001 -19"><span class='ocrx_word' id='word_1_423' title='bbox 196 3274 240 3332; x_wconf 89' lang='lat' dir='ltr'><strong>vel</strong></span> <span class='ocrx_word' id='word_1_424' title='bbox 253 3275 285 3331; x_wconf 90' lang='lat' dir='ltr'><strong>in</strong></span> <span class='ocrx_word' id='word_1_425' title='bbox 299 3276 428 3349; x_wconf 89' lang='lat' dir='ltr'><strong>crepitus</strong></span> <span class='ocrx_word' id='word_1_426' title='bbox 442 3281 594 3334; x_wconf 92' lang='lat' dir='ltr'><strong>ventorum</strong></span> <span class='ocrx_word' id='word_1_427' title='bbox 610 3276 755 3334; x_wconf 87' lang='lat' dir='ltr'><strong>clllationc</strong></span> <span class='ocrx_word' id='word_1_428' title='bbox 769 3275 926 3350; x_wconf 88' lang='lat' dir='ltr'><strong>respirans.</strong></span> <span class='ocrx_word' id='word_1_429' title='bbox 944 3276 1019 3339; x_wconf 84' lang='lat' dir='ltr'><strong>Oua·</strong></span> <span class='ocrx_word' id='word_1_430' title='bbox 1073 3283 1188 3345; x_wconf 92' lang='lat' dir='ltr'><strong>vocant,</strong></span> <span class='ocrx_word' id='word_1_431' title='bbox 1205 3281 1373 3333; x_wconf 82' lang='lat' dir='ltr'><strong>contextum</strong></span> <span class='ocrx_word' id='word_1_432' title='bbox 1387 3278 1470 3332; x_wconf 88' lang='lat' dir='ltr'><strong>erat:</strong></span> <span class='ocrx_word' id='word_1_433' title='bbox 1486 3272 1645 3332; x_wconf 88' lang='lat' dir='ltr'><strong>scabellum</strong></span> <span class='ocrx_word' id='word_1_434' title='bbox 1660 3275 1670 3310; x_wconf 79' lang='lat'>⁸</span> <span class='ocrx_word' id='word_1_435' title='bbox 1684 3273 1807 3344; x_wconf 89' lang='lat' dir='ltr'><strong>accline,</strong></span> <span class='ocrx_word' id='word_1_436' title='bbox 1825 3279 1905 3332; x_wconf 82' lang='lat' dir='ltr'><strong>etex</strong></span> 
     </span>
     <span class='ocr_line' id='line_1_48' title="bbox 196 3362 1905 3442; baseline 0.001 -23"><span class='ocrx_word' id='word_1_437' title='bbox 196 3363 223 3421; x_wconf 92' lang='lat' dir='ltr'><strong>lc</strong></span> <span class='ocrx_word' id='word_1_438' title='bbox 237 3364 470 3439; x_wconf 75' lang='lat' dir='ltr'><strong>illudchunium</strong></span> <span class='ocrx_word' id='word_1_439' title='bbox 485 3371 538 3435; x_wconf 91' lang='lat' dir='ltr'><strong>ast,</strong></span> <span class='ocrx_word' id='word_1_440' title='bbox 559 3370 610 3423; x_wconf 88' lang='lat' dir='ltr'><strong>aut</strong></span> <span class='ocrx_word' id='word_1_441' title='bbox 633 3365 730 3438; x_wconf 88' lang='lat' dir='ltr'><strong>qualis</strong></span> <span class='ocrx_word' id='word_1_442' title='bbox 754 3365 805 3422; x_wconf 88' lang='lat' dir='ltr'><strong>illo</strong></span> <span class='ocrx_word' id='word_1_443' title='bbox 820 3364 937 3422; x_wconf 84' lang='lat' dir='ltr'><strong>refectio</strong></span> <span class='ocrx_word' id='word_1_444' title='bbox 952 3369 1018 3438; x_wconf 92' lang='lat' dir='ltr'><strong>post</strong></span> <span class='ocrx_word' id='word_1_445' title='bbox 1074 3383 1133 3424; x_wconf 91' lang='lat' dir='ltr'><strong>una</strong></span> <span class='ocrx_word' id='word_1_446' title='bbox 1147 3371 1231 3442; x_wconf 89' lang='lat' dir='ltr'><strong>parte</strong></span> <span class='ocrx_word' id='word_1_447' title='bbox 1245 3364 1410 3438; x_wconf 89' lang='lat' dir='ltr'><strong>obliquum,</strong></span> <span class='ocrx_word' id='word_1_448' title='bbox 1430 3364 1461 3419; x_wconf 93' lang='lat' dir='ltr'><strong>in</strong></span> <span class='ocrx_word' id='word_1_449' title='bbox 1482 3367 1561 3420; x_wconf 89' lang='lat' dir='ltr'><strong>terra</strong></span> <span class='ocrx_word' id='word_1_450' title='bbox 1583 3378 1635 3437; x_wconf 93' lang='lat' dir='ltr'><strong>pro</strong></span> <span class='ocrx_word' id='word_1_451' title='bbox 1661 3362 1780 3436; x_wconf 92' lang='lat' dir='ltr'><strong>pulvillo</strong></span> <span class='ocrx_word' id='word_1_452' title='bbox 1809 3362 1905 3436; x_wconf 87' lang='lat' dir='ltr'><strong>capiti</strong></span> 
     </span>
     <span class='ocr_line' id='line_1_49' title="bbox 192 3451 1901 3530; baseline 0 -22"><span class='ocrx_word' id='word_1_453' title='bbox 192 3453 352 3525; x_wconf 85' lang='lat' dir='ltr'><strong>jejunium,</strong></span> <span class='ocrx_word' id='word_1_454' title='bbox 382 3471 449 3510; x_wconf 91' lang='lat' dir='ltr'><strong>cum</strong></span> <span class='ocrx_word' id='word_1_455' title='bbox 477 3454 620 3527; x_wconf 91' lang='lat' dir='ltr'><strong>pridianis</strong></span> <span class='ocrx_word' id='word_1_456' title='bbox 648 3454 743 3528; x_wconf 87' lang='lat' dir='ltr'><strong>epulis</strong></span> <span class='ocrx_word' id='word_1_457' title='bbox 765 3452 972 3519; x_wconf 87' lang='lat' dir='ltr'><strong>distendimur,</strong></span> <span class='ocrx_word' id='word_1_458' title='bbox 988 3457 1018 3509; x_wconf 88' lang='lat' dir='ltr'><strong>et</strong></span> <span class='ocrx_word' id='word_1_459' title='bbox 1074 3453 1379 3530; x_wconf 88' lang='lat' dir='ltr'><strong>supponebant,hidui</strong></span> <span class='ocrx_word' id='word_1_460' title='bbox 1393 3451 1541 3525; x_wconf 88' lang='lat' dir='ltr'><strong>triduique</strong></span> <span class='ocrx_word' id='word_1_461' title='bbox 1557 3451 1684 3508; x_wconf 86' lang='lat' dir='ltr'><strong>inediam</strong></span> <span class='ocrx_word' id='word_1_462' title='bbox 1700 3451 1901 3510; x_wconf 85' lang='lat' dir='ltr'><strong>sustinentes.</strong></span> 
     </span>
     <span class='ocr_line' id='line_1_50' title="bbox 196 3540 1901 3618; baseline 0.001 -21"><span class='ocrx_word' id='word_1_463' title='bbox 196 3545 301 3613; x_wconf 89' lang='lat' dir='ltr'><strong>guttur</strong></span> <span class='ocrx_word' id='word_1_464' title='bbox 317 3547 451 3600; x_wconf 91' lang='lat' dir='ltr'><strong>nostrum</strong></span> <span class='ocrx_word' id='word_1_465' title='bbox 485 3544 718 3601; x_wconf 76' lang='lat' dir='ltr'><strong>meditatorium¹</strong></span> <span class='ocrx_word' id='word_1_466' title='bbox 746 3542 872 3600; x_wconf 87' lang='lat' dir='ltr'><strong>sllrcitvr</strong></span> <span class='ocrx_word' id='word_1_467' title='bbox 897 3541 1016 3598; x_wconf 87' lang='lat' dir='ltr'><strong>latrina·</strong></span> <span class='ocrx_word' id='word_1_468' title='bbox 1073 3545 1217 3602; x_wconf 90' lang='lat' dir='ltr'><strong>Humores</strong></span> <span class='ocrx_word' id='word_1_469' title='bbox 1230 3543 1283 3618; x_wconf 79' lang='lat' dir='ltr'><strong>[lt.</strong></span> <span class='ocrx_word' id='word_1_470' title='bbox 1300 3544 1333 3599; x_wconf 82' lang='lat' dir='ltr'><strong>itt</strong></span> <span class='ocrx_word' id='word_1_471' title='bbox 1347 3541 1495 3613; x_wconf 86' lang='lat' dir='ltr'><strong>homeres]</strong></span> <span class='ocrx_word' id='word_1_472' title='bbox 1524 3540 1664 3613; x_wconf 91' lang='lat' dir='ltr'><strong>corporis,</strong></span> <span class='ocrx_word' id='word_1_473' title='bbox 1685 3540 1737 3614; x_wconf 90' lang='lat' dir='ltr'><strong>qui</strong></span> <span class='ocrx_word' id='word_1_474' title='bbox 1766 3557 1901 3598; x_wconf 71' lang='lat' dir='ltr'><strong>cascum</strong></span> 
     </span>
     <span class='ocr_line' id='line_1_51' title="bbox 197 3627 1899 3706; baseline 0.001 -21"><span class='ocrx_word' id='word_1_475' title='bbox 197 3631 287 3686; x_wconf 81' lang='lat' dir='ltr'><strong>rum?</strong></span> <span class='ocrx_word' id='word_1_476' title='bbox 300 3631 433 3705; x_wconf 88' lang='lat' dir='ltr'><strong>Dumque</strong></span> <span class='ocrx_word' id='word_1_477' title='bbox 447 3633 584 3690; x_wconf 91' lang='lat' dir='ltr'><strong>volumus</strong></span> <span class='ocrx_word' id='word_1_478' title='bbox 600 3632 765 3706; x_wconf 86' lang='lat' dir='ltr'><strong>prolixioris</strong></span> <span class='ocrx_word' id='word_1_479' title='bbox 780 3631 882 3688; x_wconf 81' lang='lat' dir='ltr'><strong>inedie</strong></span> <span class='ocrx_word' id='word_1_480' title='bbox 907 3632 1017 3686; x_wconf 88' lang='lat' dir='ltr'><strong>lamam</strong></span> <span class='ocrx_word' id='word_1_481' title='bbox 1073 3639 1123 3692; x_wconf 90' lang='lat' dir='ltr'><strong>tur</strong></span> <span class='ocrx_word' id='word_1_482' title='bbox 1135 3650 1171 3691; x_wconf 84' lang='lat' dir='ltr'><strong>ax</strong></span> <span class='ocrx_word' id='word_1_483' title='bbox 1184 3633 1242 3690; x_wconf 93' lang='lat' dir='ltr'><strong>ctio</strong></span> <span class='ocrx_word' id='word_1_484' title='bbox 1257 3637 1287 3688; x_wconf 90' lang='lat' dir='ltr'><strong>et</strong></span> <span class='ocrx_word' id='word_1_485' title='bbox 1300 3648 1335 3688; x_wconf 86' lang='lat' dir='ltr'><strong>ex</strong></span> <span class='ocrx_word' id='word_1_486' title='bbox 1349 3629 1501 3688; x_wconf 90' lang='lat' dir='ltr'><strong>mansione</strong></span> <span class='ocrx_word' id='word_1_487' title='bbox 1516 3628 1604 3686; x_wconf 91' lang='lat' dir='ltr'><strong>unius</strong></span> <span class='ocrx_word' id='word_1_488' title='bbox 1619 3629 1687 3696; x_wconf 90' lang='lat' dir='ltr'><strong>loci,</strong></span> <span class='ocrx_word' id='word_1_489' title='bbox 1700 3627 1899 3686; x_wconf 89' lang='lat' dir='ltr'><strong>nimisvictus</strong></span> 
     </span>
    </p>
   </div>
   <div class='ocr_carea' id='block_1_12' title="bbox 183 3721 1017 4152">
    <p class='ocr_par' dir='ltr' id='par_1_13' title="bbox 183 3721 1016 4061">
     <span class='ocr_line' id='line_1_52' title="bbox 197 3721 1016 3794; baseline -0.001 -19"><span class='ocrx_word' id='word_1_490' title='bbox 197 3735 319 3790; x_wconf 90' lang='lat' dir='ltr'><strong>quarere</strong></span> <span class='ocrx_word' id='word_1_491' title='bbox 333 3721 386 3792; x_wconf 79' lang='lat' dir='ltr'><strong>[tt.</strong></span> <span class='ocrx_word' id='word_1_492' title='bbox 403 3722 481 3778; x_wconf 87' lang='lat' dir='ltr'><strong>lama</strong></span> <span class='ocrx_word' id='word_1_493' title='bbox 496 3721 615 3794; x_wconf 88' lang='lat' dir='ltr'><strong>carere],</strong></span> <span class='ocrx_word' id='word_1_494' title='bbox 633 3726 745 3778; x_wconf 87' lang='lat' dir='ltr'><strong>tantum</strong></span> <span class='ocrx_word' id='word_1_495' title='bbox 761 3737 909 3790; x_wconf 88' lang='lat' dir='ltr'><strong>voramus,</strong></span> <span class='ocrx_word' id='word_1_496' title='bbox 921 3735 1016 3790; x_wconf 91' lang='lat' dir='ltr'><strong>quan-</strong></span> 
     </span>
     <span class='ocr_line' id='line_1_53' title="bbox 197 3807 1016 3884; baseline 0 -21"><span class='ocrx_word' id='word_1_497' title='bbox 197 3811 259 3863; x_wconf 90' lang='lat' dir='ltr'><strong>tum</strong></span> <span class='ocrx_word' id='word_1_498' title='bbox 273 3807 320 3862; x_wconf 82' lang='lat' dir='ltr'><strong>vix</strong></span> <span class='ocrx_word' id='word_1_499' title='bbox 334 3808 454 3865; x_wconf 90' lang='lat' dir='ltr'><strong>alterius</strong></span> <span class='ocrx_word' id='word_1_500' title='bbox 469 3810 526 3866; x_wconf 91' lang='lat' dir='ltr'><strong>dici</strong></span> <span class='ocrx_word' id='word_1_501' title='bbox 543 3827 599 3866; x_wconf 84' lang='lat' dir='ltr'><strong>noa</strong></span> <span class='ocrx_word' id='word_1_502' title='bbox 613 3811 736 3884; x_wconf 87' lang='lat' dir='ltr'><strong>digerat.</strong></span> <span class='ocrx_word' id='word_1_503' title='bbox 754 3810 854 3881; x_wconf 89' lang='lat' dir='ltr'><strong>ltaque</strong></span> <span class='ocrx_word' id='word_1_504' title='bbox 876 3825 934 3865; x_wconf 92' lang='lat' dir='ltr'><strong>nou</strong></span> <span class='ocrx_word' id='word_1_505' title='bbox 956 3813 1016 3865; x_wconf 92' lang='lat' dir='ltr'><strong>tam</strong></span> 
     </span>
     <span class='ocr_line' id='line_1_54' title="bbox 183 3893 1015 3973; baseline 0.004 -24"><span class='ocrx_word' id='word_1_506' title='bbox 183 3893 339 3966; x_wconf 62' lang='lat' dir='ltr'><strong>vjejunium</strong></span> <span class='ocrx_word' id='word_1_507' title='bbox 356 3897 563 3970; x_wconf 85' lang='lat' dir='ltr'><strong>appellandum</strong></span> <span class='ocrx_word' id='word_1_508' title='bbox 578 3903 634 3968; x_wconf 92' lang='lat' dir='ltr'><strong>cst,</strong></span> <span class='ocrx_word' id='word_1_509' title='bbox 651 3913 739 3972; x_wconf 89' lang='lat' dir='ltr'><strong>quum</strong></span> <span class='ocrx_word' id='word_1_510' title='bbox 754 3897 886 3973; x_wconf 89' lang='lat' dir='ltr'><strong>crapula,</strong></span> <span class='ocrx_word' id='word_1_511' title='bbox 911 3914 944 3953; x_wconf 89' lang='lat' dir='ltr'><strong>ac</strong></span> <span class='ocrx_word' id='word_1_512' title='bbox 973 3899 1015 3952; x_wconf 88' lang='lat' dir='ltr'><strong>le·</strong></span> 
     </span>
     <span class='ocr_line' id='line_1_55' title="bbox 195 3984 585 4061; baseline 0.008 -22"><span class='ocrx_word' id='word_1_513' title='bbox 195 3987 259 4040; x_wconf 89' lang='lat' dir='ltr'><strong>tens</strong></span> <span class='ocrx_word' id='word_1_514' title='bbox 274 3987 303 4040; x_wconf 88' lang='lat' dir='ltr'><strong>ct</strong></span> <span class='ocrx_word' id='word_1_515' title='bbox 319 3984 441 4042; x_wconf 86' lang='lat' dir='ltr'><strong>molesta</strong></span> <span class='ocrx_word' id='word_1_516' title='bbox 452 3987 585 4061; x_wconf 89' lang='lat' dir='ltr'><strong>digestio.</strong></span> 
     </span>
    </p>

    <p class='ocr_par' dir='ltr' id='par_1_14' title="bbox 231 4072 1017 4152">
     <span class='ocr_line' id='line_1_56' title="bbox 231 4072 1017 4152; baseline -0.001 -22"><span class='ocrx_word' id='word_1_517' title='bbox 231 4072 276 4130; x_wconf 87' lang='lat' dir='ltr'><strong>t3.</strong></span> <span class='ocrx_word' id='word_1_518' title='bbox 293 4073 503 4144; x_wconf 54' lang='lat' dir='ltr'><strong>Dicaerchum,</strong></span> <span class='ocrx_word' id='word_1_519' title='bbox 517 4077 689 4152; x_wconf 80' lang='lat' dir='ltr'><strong>Xenophon,</strong></span> <span class='ocrx_word' id='word_1_520' title='bbox 715 4079 893 4134; x_wconf 75' lang='lat' dir='ltr'><strong>cheremon.</strong></span> <span class='ocrx_word' id='word_1_521' title='bbox 911 4107 943 4116; x_wconf 99' lang='lat'>—</span> <span class='ocrx_word' id='word_1_522' title='bbox 971 4073 1017 4130; x_wconf 89' lang='lat' dir='ltr'><strong>Di·</strong></span> 
     </span>
    </p>
   </div>
   <div class='ocr_carea' id='block_1_13' title="bbox 195 4252 1017 4468">
    <p class='ocr_par' dir='ltr' id='par_1_15' title="bbox 195 4252 1017 4468">
     <span class='ocr_line' id='line_1_57' title="bbox 232 4252 1015 4336; baseline 0.003 -28"><span class='ocrx_word' id='word_1_523' title='bbox 232 4252 239 4286; x_wconf 90' lang='lat'><strong>¹</strong></span> <span class='ocrx_word' id='word_1_524' title='bbox 256 4253 383 4336; x_wconf 78' lang='lat' dir='ltr'><strong>Nostrum</strong></span> <span class='ocrx_word' id='word_1_525' title='bbox 406 4255 618 4312; x_wconf 75' lang='lat' dir='ltr'><strong>metatoriam.</strong></span> <span class='ocrx_word' id='word_1_526' title='bbox 635 4255 682 4312; x_wconf 84' lang='lat' dir='ltr'><strong>Sic</strong></span> <span class='ocrx_word' id='word_1_527' title='bbox 696 4255 760 4336; x_wconf 88' lang='lat' dir='ltr'><strong>lege</strong></span> <span class='ocrx_word' id='word_1_528' title='bbox 788 4269 855 4312; x_wconf 92' lang='lat' dir='ltr'><strong>cum</strong></span> <span class='ocrx_word' id='word_1_529' title='bbox 885 4253 1015 4318; x_wconf 80' lang='lat' dir='ltr'><strong>lirasmo.</strong></span> 
     </span>
     <span class='ocr_line' id='line_1_58' title="bbox 196 4324 1017 4383; baseline -0.001 -3"><span class='ocrx_word' id='word_1_530' title='bbox 196 4327 224 4380; x_wconf 91' lang='lat' dir='ltr'><strong>ct</strong></span> <span class='ocrx_word' id='word_1_531' title='bbox 238 4325 376 4382; x_wconf 79' lang='lat' dir='ltr'><strong>omnihus</strong></span> <span class='ocrx_word' id='word_1_532' title='bbox 391 4343 461 4383; x_wconf 88' lang='lat' dir='ltr'><strong>mss.</strong></span> <span class='ocrx_word' id='word_1_533' title='bbox 478 4326 627 4383; x_wconf 89' lang='lat' dir='ltr'><strong>codicibus</strong></span> <span class='ocrx_word' id='word_1_534' title='bbox 647 4329 765 4382; x_wconf 78' lang='lat' dir='ltr'><strong>nostris.</strong></span> <span class='ocrx_word' id='word_1_535' title='bbox 792 4325 872 4380; x_wconf 90' lang='lat' dir='ltr'><strong>ldem</strong></span> <span class='ocrx_word' id='word_1_536' title='bbox 895 4324 1017 4380; x_wconf 90' lang='lat' dir='ltr'><strong>verbum</strong></span> 
     </span>
     <span class='ocr_line' id='line_1_59' title="bbox 195 4395 1016 4468; baseline 0.001 -19"><span class='ocrx_word' id='word_1_537' title='bbox 195 4395 322 4465; x_wconf 89' lang='lat' dir='ltr'><strong>reperies</strong></span> <span class='ocrx_word' id='word_1_538' title='bbox 338 4399 368 4451; x_wconf 92' lang='lat' dir='ltr'><strong>in</strong></span> <span class='ocrx_word' id='word_1_539' title='bbox 384 4397 507 4468; x_wconf 90' lang='lat' dir='ltr'><strong>epistola</strong></span> <span class='ocrx_word' id='word_1_540' title='bbox 523 4398 558 4453; x_wconf 90' lang='lat' dir='ltr'><strong>ad</strong></span> <span class='ocrx_word' id='word_1_541' title='bbox 575 4396 723 4452; x_wconf 81' lang='lat' dir='ltr'><strong>Fabiolam</strong></span> <span class='ocrx_word' id='word_1_542' title='bbox 736 4397 771 4452; x_wconf 88' lang='lat' dir='ltr'><strong>de</strong></span> <span class='ocrx_word' id='word_1_543' title='bbox 785 4412 843 4450; x_wconf 83' lang='lat' dir='ltr'><strong>xarr</strong></span> <span class='ocrx_word' id='word_1_544' title='bbox 855 4395 1016 4450; x_wconf 86' lang='lat' dir='ltr'><strong>mansioni·</strong></span> 
     </span>
    </p>
   </div>
   <div class='ocr_carea' id='block_1_14' title="bbox 196 4451 1058 4532">
    <p class='ocr_par' dir='ltr' id='par_1_16' title="bbox 196 4451 1058 4532">
     <span class='ocr_line' id='line_1_60' title="bbox 196 4451 1058 4532; baseline 0.006 -14"><span class='ocrx_word' id='word_1_545' title='bbox 196 4466 251 4520; x_wconf 91' lang='lat' dir='ltr'><strong>hus</strong></span> <span class='ocrx_word' id='word_1_546' title='bbox 267 4466 466 4522; x_wconf 87' lang='lat' dir='ltr'><strong>israelitarum</strong></span> <span class='ocrx_word' id='word_1_547' title='bbox 486 4468 514 4523; x_wconf 93' lang='lat' dir='ltr'><strong>in</strong></span> <span class='ocrx_word' id='word_1_548' title='bbox 533 4469 659 4532; x_wconf 88' lang='lat' dir='ltr'><strong>deserto,</strong></span> <span class='ocrx_word' id='word_1_549' title='bbox 675 4472 747 4523; x_wconf 92' lang='lat' dir='ltr'><strong>tom.</strong></span> <span class='ocrx_word' id='word_1_550' title='bbox 760 4467 783 4521; x_wconf 94' lang='lat' dir='ltr'><strong>ll</strong></span> <span class='ocrx_word' id='word_1_551' title='bbox 799 4465 937 4522; x_wconf 90' lang='lat' dir='ltr'><strong>editionis</strong></span> <span class='ocrx_word' id='word_1_552' title='bbox 952 4483 1019 4523; x_wconf 90' lang='lat' dir='ltr'><strong>nos·</strong></span> <span class='ocrx_word' id='word_1_553' title='bbox 1036 4451 1058 4516; x_wconf 78' lang='lat' dir='ltr'>D</span> 
     </span>
    </p>
   </div>
   <div class='ocr_carea' id='block_1_15' title="bbox 196 4534 1021 4825">
    <p class='ocr_par' dir='ltr' id='par_1_17' title="bbox 196 4534 1021 4825">
     <span class='ocr_line' id='line_1_61' title="bbox 196 4534 1021 4606; baseline 0.006 -17"><span class='ocrx_word' id='word_1_554' title='bbox 196 4540 257 4602; x_wconf 85' lang='lat' dir='ltr'><strong>trae,</strong></span> <span class='ocrx_word' id='word_1_555' title='bbox 274 4534 328 4592; x_wconf 94' lang='lat' dir='ltr'><strong>col.</strong></span> <span class='ocrx_word' id='word_1_556' title='bbox 340 4539 402 4606; x_wconf 86' lang='lat' dir='ltr'><strong>60t,</strong></span> <span class='ocrx_word' id='word_1_557' title='bbox 419 4538 448 4593; x_wconf 92' lang='lat' dir='ltr'><strong>in</strong></span> <span class='ocrx_word' id='word_1_558' title='bbox 462 4539 530 4594; x_wconf 88' lang='lat' dir='ltr'><strong>line.</strong></span> <span class='ocrx_word' id='word_1_559' title='bbox 545 4539 596 4594; x_wconf 80' lang='lat' dir='ltr'><strong>ilat</strong></span> <span class='ocrx_word' id='word_1_560' title='bbox 610 4544 706 4593; x_wconf 90' lang='lat' dir='ltr'><strong>autem</strong></span> <span class='ocrx_word' id='word_1_561' title='bbox 723 4537 926 4594; x_wconf 75' lang='lat' dir='ltr'><strong>nwdimtorium</strong></span> <span class='ocrx_word' id='word_1_562' title='bbox 940 4537 1021 4594; x_wconf 90' lang='lat' dir='ltr'><strong>locus</strong></span> 
     </span>
     <span class='ocr_line' id='line_1_62' title="bbox 197 4606 1021 4681; baseline 0.004 -18"><span class='ocrx_word' id='word_1_563' title='bbox 197 4606 400 4664; x_wconf 83' lang='lat' dir='ltr'><strong>exercitiorum</strong></span> <span class='ocrx_word' id='word_1_564' title='bbox 417 4609 477 4664; x_wconf 91' lang='lat' dir='ltr'><strong>sive</strong></span> <span class='ocrx_word' id='word_1_565' title='bbox 496 4610 782 4666; x_wconf 89' lang='lat' dir='ltr'><strong>meditamentorum.</strong></span> <span class='ocrx_word' id='word_1_566' title='bbox 804 4607 885 4665; x_wconf 89' lang='lat' dir='ltr'><strong>Unde</strong></span> <span class='ocrx_word' id='word_1_567' title='bbox 900 4608 1021 4681; x_wconf 91' lang='lat' dir='ltr'><strong>pulchre</strong></span> 
     </span>
     <span class='ocr_line' id='line_1_63' title="bbox 197 4677 1020 4752; baseline 0.002 -18"><span class='ocrx_word' id='word_1_568' title='bbox 197 4677 416 4735; x_wconf 88' lang='lat' dir='ltr'><strong>meditatorium</strong></span> <span class='ocrx_word' id='word_1_569' title='bbox 431 4679 543 4734; x_wconf 82' lang='lat' dir='ltr'><strong>vocavit</strong></span> <span class='ocrx_word' id='word_1_570' title='bbox 557 4685 659 4752; x_wconf 90' lang='lat' dir='ltr'><strong>guttur</strong></span> <span class='ocrx_word' id='word_1_571' title='bbox 674 4684 819 4748; x_wconf 91' lang='lat' dir='ltr'><strong>nostrum,</strong></span> <span class='ocrx_word' id='word_1_572' title='bbox 840 4682 975 4752; x_wconf 89' lang='lat' dir='ltr'><strong>quiahoc</strong></span> <span class='ocrx_word' id='word_1_573' title='bbox 990 4683 1020 4736; x_wconf 90' lang='lat' dir='ltr'><strong>in</strong></span> 
     </span>
     <span class='ocr_line' id='line_1_64' title="bbox 196 4748 1020 4825; baseline 0.005 -19"><span class='ocrx_word' id='word_1_574' title='bbox 196 4767 230 4806; x_wconf 86' lang='lat' dir='ltr'><strong>eo</strong></span> <span class='ocrx_word' id='word_1_575' title='bbox 241 4749 338 4824; x_wconf 90' lang='lat' dir='ltr'><strong>agitur</strong></span> <span class='ocrx_word' id='word_1_576' title='bbox 351 4755 381 4806; x_wconf 86' lang='lat' dir='ltr'><strong>et</strong></span> <span class='ocrx_word' id='word_1_577' title='bbox 394 4748 467 4807; x_wconf 92' lang='lat' dir='ltr'><strong>illud</strong></span> <span class='ocrx_word' id='word_1_578' title='bbox 482 4750 523 4806; x_wconf 93' lang='lat' dir='ltr'><strong>ihi</strong></span> <span class='ocrx_word' id='word_1_579' title='bbox 538 4750 641 4823; x_wconf 91' lang='lat' dir='ltr'><strong>incipit</strong></span> <span class='ocrx_word' id='word_1_580' title='bbox 667 4758 696 4807; x_wconf 90' lang='lat' dir='ltr'><strong>et</strong></span> <span class='ocrx_word' id='word_1_581' title='bbox 724 4768 781 4823; x_wconf 81' lang='lat' dir='ltr'><strong>pre</strong></span> <span class='ocrx_word' id='word_1_582' title='bbox 805 4757 914 4820; x_wconf 89' lang='lat' dir='ltr'><strong>aratur,</strong></span> <span class='ocrx_word' id='word_1_583' title='bbox 942 4753 1020 4825; x_wconf 91' lang='lat' dir='ltr'><strong>quod</strong></span> 
     </span>
    </p>
   </div>
   <div class='ocr_carea' id='block_1_16' title="bbox 102 4821 1020 4895">
    <p class='ocr_par' dir='ltr' id='par_1_18' title="bbox 102 4821 1020 4895">
     <span class='ocr_line' id='line_1_65' title="bbox 102 4821 1020 4895; baseline 0.004 -19"><span class='ocrx_word' id='word_1_584' title='bbox 102 4825 106 4832; x_wconf 80' lang='lat'><em>&#39;</em></span> <span class='ocrx_word' id='word_1_585' title='bbox 196 4829 299 4892; x_wconf 88' lang='lat' dir='ltr'><strong>postea</strong></span> <span class='ocrx_word' id='word_1_586' title='bbox 312 4821 420 4879; x_wconf 89' lang='lat' dir='ltr'><strong>latrina</strong></span> <span class='ocrx_word' id='word_1_587' title='bbox 434 4821 560 4895; x_wconf 89' lang='lat' dir='ltr'><strong>suscipit</strong></span> <span class='ocrx_word' id='word_1_588' title='bbox 569 4827 599 4879; x_wconf 89' lang='lat' dir='ltr'><strong>et</strong></span> <span class='ocrx_word' id='word_1_589' title='bbox 614 4823 742 4879; x_wconf 87' lang='lat' dir='ltr'><strong>devorat.</strong></span> <span class='ocrx_word' id='word_1_590' title='bbox 797 4823 843 4880; x_wconf 90' lang='lat' dir='ltr'><strong>ide</strong></span> <span class='ocrx_word' id='word_1_591' title='bbox 866 4822 1020 4880; x_wconf 83' lang='lat' dir='ltr'><strong>Tertullia-</strong></span> 
     </span>
    </p>
   </div>
   <div class='ocr_carea' id='block_1_17' title="bbox 198 4893 1020 5108">
    <p class='ocr_par' dir='ltr' id='par_1_19' title="bbox 198 4893 1020 5108">
     <span class='ocr_line' id='line_1_66' title="bbox 198 4893 1017 5021; baseline 0.005 -75"><span class='ocrx_word' id='word_1_592' title='bbox 198 4909 269 4976; x_wconf 77' lang='lat' dir='ltr'><strong>num</strong></span> <span class='ocrx_word' id='word_1_593' title='bbox 284 4894 321 4950; x_wconf 87' lang='lat' dir='ltr'><strong>de</strong></span> <span class='ocrx_word' id='word_1_594' title='bbox 333 4895 460 4968; x_wconf 79' lang='lat' dir='ltr'><strong>Jejunio.</strong></span> <span class='ocrx_word' id='word_1_595' title='bbox 479 4894 617 4950; x_wconf 79' lang='lat' dir='ltr'><strong>Maurus.</strong></span> <span class='ocrx_word' id='word_1_596' title='bbox 633 4893 710 4950; x_wconf 84' lang='lat' dir='ltr'><strong>Alibi</strong></span> <span class='ocrx_word' id='word_1_597' title='bbox 725 4894 929 4976; x_wconf 68' lang='lat' dir='ltr'><strong>restitutorium,</strong></span> <span class='ocrx_word' id='word_1_598' title='bbox 941 4896 1017 5021; x_wconf 64' lang='lat' dir='ltr'><strong>[huod</strong></span> 
     </span>
     <span class='ocr_line' id='line_1_67' title="bbox 198 4965 1020 5038; baseline 0.005 -20"><span class='ocrx_word' id='word_1_599' title='bbox 198 4979 297 5020; x_wconf 89' lang='lat' dir='ltr'><strong>mrnus</strong></span> <span class='ocrx_word' id='word_1_600' title='bbox 311 4965 414 5038; x_wconf 87' lang='lat' dir='ltr'><strong>placat.</strong></span> <span class='ocrx_word' id='word_1_601' title='bbox 431 4966 572 5036; x_wconf 86' lang='lat' dir='ltr'><strong>Sumptus</strong></span> <span class='ocrx_word' id='word_1_602' title='bbox 587 4971 685 5022; x_wconf 89' lang='lat' dir='ltr'><strong>autem</strong></span> <span class='ocrx_word' id='word_1_603' title='bbox 701 4971 746 5022; x_wconf 88' lang='lat' dir='ltr'><strong>est</strong></span> <span class='ocrx_word' id='word_1_604' title='bbox 759 4966 840 5022; x_wconf 91' lang='lat' dir='ltr'><strong>locus</strong></span> <span class='ocrx_word' id='word_1_605' title='bbox 856 4971 919 5031; x_wconf 85' lang='lat' dir='ltr'><strong>rste,</strong></span> <span class='ocrx_word' id='word_1_606' title='bbox 936 4965 944 5020; x_wconf 93' lang='lat' dir='ltr'><strong>i</strong></span> <span class='ocrx_word' id='word_1_607' title='bbox 970 4967 1020 5022; x_wconf 93' lang='lat' dir='ltr'><strong>ud·</strong></span> 
     </span>
     <span class='ocr_line' id='line_1_68' title="bbox 198 5035 1019 5108; baseline 0.006 -20"><span class='ocrx_word' id='word_1_608' title='bbox 198 5049 255 5104; x_wconf 90' lang='lat' dir='ltr'><strong>que</strong></span> <span class='ocrx_word' id='word_1_609' title='bbox 268 5037 442 5094; x_wconf 90' lang='lat' dir='ltr'><strong>vocabulum</strong></span> <span class='ocrx_word' id='word_1_610' title='bbox 458 5053 493 5094; x_wconf 83' lang='lat' dir='ltr'><strong>ex</strong></span> <span class='ocrx_word' id='word_1_611' title='bbox 507 5037 677 5094; x_wconf 87' lang='lat' dir='ltr'><strong>Tertulliani</strong></span> <span class='ocrx_word' id='word_1_612' title='bbox 693 5037 744 5093; x_wconf 85' lang='lat' dir='ltr'><strong>lrb.</strong></span> <span class='ocrx_word' id='word_1_613' title='bbox 772 5037 808 5094; x_wconf 91' lang='lat' dir='ltr'><strong>de</strong></span> <span class='ocrx_word' id='word_1_614' title='bbox 826 5035 950 5108; x_wconf 76' lang='lat' dir='ltr'><strong>iejuniis</strong></span> <span class='ocrx_word' id='word_1_615' title='bbox 966 5037 1019 5093; x_wconf 90' lang='lat' dir='ltr'><strong>ad·</strong></span> 
     </span>
    </p>
   </div>
   <div class='ocr_carea' id='block_1_18' title="bbox 1071 3721 1899 4147">
    <p class='ocr_par' dir='ltr' id='par_1_20' title="bbox 1072 3721 1439 3796">
     <span class='ocr_line' id='line_1_69' title="bbox 1072 3721 1439 3796; baseline -0.014 -16"><span class='ocrx_word' id='word_1_616' title='bbox 1072 3723 1265 3796; x_wconf 88' lang='lat' dir='ltr'><strong>castigatione</strong></span> <span class='ocrx_word' id='word_1_617' title='bbox 1279 3721 1439 3778; x_wconf 85' lang='lat' dir='ltr'><strong>siccabant.</strong></span> 
     </span>
    </p>

    <p class='ocr_par' dir='ltr' id='par_1_21' title="bbox 1071 3807 1899 4147">
     <span class='ocr_line' id='line_1_70' title="bbox 1108 3807 1899 3880; baseline -0.005 -12"><span class='ocrx_word' id='word_1_618' title='bbox 1108 3814 1141 3868; x_wconf 85' lang='lat' dir='ltr'><strong>lt</strong></span> <span class='ocrx_word' id='word_1_619' title='bbox 1155 3811 1314 3870; x_wconf 73' lang='lat' dir='ltr'><strong>intimorum</strong></span> <span class='ocrx_word' id='word_1_620' title='bbox 1341 3813 1431 3876; x_wconf 69' lang='lat' dir='ltr'><strong>seda,</strong></span> <span class='ocrx_word' id='word_1_621' title='bbox 1459 3809 1600 3878; x_wconf 80' lang='lat' dir='ltr'><strong>ltcpornm</strong></span> <span class='ocrx_word' id='word_1_622' title='bbox 1627 3807 1682 3864; x_wconf 84' lang='lat' dir='ltr'><strong>tric</strong></span> <span class='ocrx_word' id='word_1_623' title='bbox 1705 3822 1806 3877; x_wconf 71' lang='lat' dir='ltr'><strong>ptumo</strong></span> <span class='ocrx_word' id='word_1_624' title='bbox 1819 3809 1899 3880; x_wconf 81' lang='lat' dir='ltr'><strong>opud</strong></span> 
     </span>
     <span class='ocr_line' id='line_1_71' title="bbox 1071 3895 1895 3972; baseline -0.005 -16"><span class='ocrx_word' id='word_1_625' title='bbox 1071 3903 1169 3958; x_wconf 83' lang='lat' dir='ltr'><strong>Persas</strong></span> <span class='ocrx_word' id='word_1_626' title='bbox 1193 3897 1423 3972; x_wconf 77' lang='lat' dir='ltr'><strong>Gpmnomphistae</strong></span> <span class='ocrx_word' id='word_1_627' title='bbox 1450 3897 1589 3952; x_wconf 82' lang='lat' dir='ltr'><strong>ludorum.</strong></span> <span class='ocrx_word' id='word_1_628' title='bbox 1609 3899 1750 3968; x_wconf 74' lang='lat' dir='ltr'><strong>Praecepta</strong></span> <span class='ocrx_word' id='word_1_629' title='bbox 1776 3895 1832 3951; x_wconf 86' lang='lat' dir='ltr'><strong>trio</strong></span> <span class='ocrx_word' id='word_1_630' title='bbox 1860 3898 1895 3952; x_wconf 85' lang='lat' dir='ltr'><strong>a&#39;n</strong></span> 
     </span>
     <span class='ocr_line' id='line_1_72' title="bbox 1071 3982 1895 4062; baseline -0.007 -16"><span class='ocrx_word' id='word_1_631' title='bbox 1071 3990 1171 4062; x_wconf 82' lang='lat' dir='ltr'><strong>tempto</strong></span> <span class='ocrx_word' id='word_1_632' title='bbox 1186 3989 1335 4044; x_wconf 68' lang='lat' dir='ltr'><strong>Eleusinae.</strong></span> <span class='ocrx_word' id='word_1_633' title='bbox 1351 3985 1522 4042; x_wconf 77' lang='lat' dir='ltr'><strong>Antisthenes</strong></span> <span class='ocrx_word' id='word_1_634' title='bbox 1534 3985 1616 4058; x_wconf 80' lang='lat' dir='ltr'><strong>quis?</strong></span> <span class='ocrx_word' id='word_1_635' title='bbox 1633 4015 1668 4024; x_wconf 93' lang='lat'>-</span> <span class='ocrx_word' id='word_1_636' title='bbox 1690 3982 1836 4058; x_wconf 85' lang='lat' dir='ltr'><strong>Josephus</strong></span> <span class='ocrx_word' id='word_1_637' title='bbox 1860 3985 1895 4040; x_wconf 91' lang='lat' dir='ltr'><strong>in</strong></span> 
     </span>
     <span class='ocr_line' id='line_1_73' title="bbox 1071 4071 1895 4147; baseline -0.007 -11"><span class='ocrx_word' id='word_1_638' title='bbox 1071 4077 1201 4136; x_wconf 87' lang='lat' dir='ltr'><strong>secunda</strong></span> <span class='ocrx_word' id='word_1_639' title='bbox 1214 4073 1344 4133; x_wconf 80' lang='lat' dir='ltr'><strong>Judaicae</strong></span> <span class='ocrx_word' id='word_1_640' title='bbox 1358 4072 1534 4147; x_wconf 88' lang='lat' dir='ltr'><strong>captivitatis</strong></span> <span class='ocrx_word' id='word_1_641' title='bbox 1551 4071 1685 4142; x_wconf 86' lang='lat' dir='ltr'><strong>Historia,</strong></span> <span class='ocrx_word' id='word_1_642' title='bbox 1702 4076 1730 4130; x_wconf 89' lang='lat' dir='ltr'><strong>et</strong></span> <span class='ocrx_word' id='word_1_643' title='bbox 1743 4073 1774 4128; x_wconf 91' lang='lat' dir='ltr'><strong>iu</strong></span> <span class='ocrx_word' id='word_1_644' title='bbox 1789 4077 1895 4130; x_wconf 82' lang='lat' dir='ltr'><strong>octavo</strong></span> 
     </span>
    </p>
   </div>
   <div class='ocr_carea' id='block_1_19' title="bbox 1073 4249 1902 4538">
    <p class='ocr_par' dir='ltr' id='par_1_22' title="bbox 1073 4249 1902 4538">
     <span class='ocr_line' id='line_1_74' title="bbox 1073 4249 1897 4324; baseline -0.001 -16"><span class='ocrx_word' id='word_1_645' title='bbox 1073 4273 1129 4315; x_wconf 85' lang='grc' dir='ltr'>νος.</span> <span class='ocrx_word' id='word_1_646' title='bbox 1146 4257 1212 4317; x_wconf 81' lang='lat' dir='ltr'><strong>etc..</strong></span> <span class='ocrx_word' id='word_1_647' title='bbox 1229 4269 1292 4324; x_wconf 76' lang='lat' dir='ltr'><strong>quc</strong></span> <span class='ocrx_word' id='word_1_648' title='bbox 1306 4251 1331 4306; x_wconf 92' lang='lat' dir='ltr'><strong>si</strong></span> <span class='ocrx_word' id='word_1_649' title='bbox 1343 4249 1470 4320; x_wconf 86' lang='lat' dir='ltr'><strong>libuerit,</strong></span> <span class='ocrx_word' id='word_1_650' title='bbox 1486 4250 1708 4309; x_wconf 86' lang='lat' dir='ltr'><strong>consules.Vide</strong></span> <span class='ocrx_word' id='word_1_651' title='bbox 1722 4256 1751 4308; x_wconf 88' lang='lat' dir='ltr'><strong>ct</strong></span> <span class='ocrx_word' id='word_1_652' title='bbox 1761 4250 1897 4320; x_wconf 89' lang='lat' dir='ltr'><strong>Suidum,</strong></span> 
     </span>
     <span class='ocr_line' id='line_1_75' title="bbox 1073 4321 1900 4395; baseline -0.004 -13"><span class='ocrx_word' id='word_1_653' title='bbox 1073 4329 1102 4382; x_wconf 94' lang='lat' dir='ltr'><strong>et</strong></span> <span class='ocrx_word' id='word_1_654' title='bbox 1117 4328 1277 4380; x_wconf 81' lang='lat' dir='ltr'><strong>Varronem</strong></span> <span class='ocrx_word' id='word_1_655' title='bbox 1293 4323 1328 4378; x_wconf 87' lang='lat' dir='ltr'><strong>ds</strong></span> <span class='ocrx_word' id='word_1_656' title='bbox 1344 4323 1384 4378; x_wconf 83' lang='lat' dir='ltr'><strong>lle</strong></span> <span class='ocrx_word' id='word_1_657' title='bbox 1399 4322 1518 4380; x_wconf 87' lang='lat' dir='ltr'><strong>rustica.</strong></span> <span class='ocrx_word' id='word_1_658' title='bbox 1534 4324 1554 4379; x_wconf 90' lang='lat' dir='ltr'><strong>l.</strong></span> <span class='ocrx_word' id='word_1_659' title='bbox 1568 4341 1601 4392; x_wconf 91' lang='lat'><strong>11,</strong></span> <span class='ocrx_word' id='word_1_660' title='bbox 1612 4340 1637 4380; x_wconf 93' lang='lat' dir='ltr'><strong>c.</strong></span> <span class='ocrx_word' id='word_1_661' title='bbox 1656 4325 1681 4390; x_wconf 91' lang='lat' dir='ltr'><strong>l,</strong></span> <span class='ocrx_word' id='word_1_662' title='bbox 1698 4323 1747 4380; x_wconf 91' lang='lat' dir='ltr'><strong>ubi</strong></span> <span class='ocrx_word' id='word_1_663' title='bbox 1765 4321 1900 4395; x_wconf 87' lang='lat' dir='ltr'><strong>idipsum</strong></span> 
     </span>
     <span class='ocr_line' id='line_1_76' title="bbox 1074 4393 1902 4467; baseline -0.001 -16"><span class='ocrx_word' id='word_1_664' title='bbox 1074 4395 1178 4452; x_wconf 84' lang='lat' dir='ltr'><strong>recitat</strong></span> <span class='ocrx_word' id='word_1_665' title='bbox 1192 4412 1227 4451; x_wconf 88' lang='lat' dir='ltr'><strong>ex</strong></span> <span class='ocrx_word' id='word_1_666' title='bbox 1240 4394 1426 4451; x_wconf 85' lang='lat' dir='ltr'><strong>llicoearcho:</strong></span> <span class='ocrx_word' id='word_1_667' title='bbox 1444 4394 1531 4467; x_wconf 89' lang='lat' dir='ltr'><strong>paulo</strong></span> <span class='ocrx_word' id='word_1_668' title='bbox 1560 4395 1636 4451; x_wconf 89' lang='lat' dir='ltr'><strong>inlra</strong></span> <span class='ocrx_word' id='word_1_669' title='bbox 1664 4393 1829 4450; x_wconf 82' lang='lat' dir='ltr'><strong>Ciceronem</strong></span> <span class='ocrx_word' id='word_1_670' title='bbox 1860 4394 1902 4450; x_wconf 86' lang='lat' dir='ltr'><strong>ad</strong></span> 
     </span>
     <span class='ocr_line' id='line_1_77' title="bbox 1075 4464 1767 4538; baseline 0 -16"><span class='ocrx_word' id='word_1_671' title='bbox 1075 4467 1234 4532; x_wconf 81' lang='lat' dir='ltr'><strong>Quinctum</strong></span> <span class='ocrx_word' id='word_1_672' title='bbox 1253 4467 1371 4522; x_wconf 83' lang='lat' dir='ltr'><strong>tratrem</strong></span> <span class='ocrx_word' id='word_1_673' title='bbox 1388 4464 1439 4521; x_wconf 90' lang='lat' dir='ltr'><strong>lib.</strong></span> <span class='ocrx_word' id='word_1_674' title='bbox 1456 4483 1465 4520; x_wconf 90' lang='lat' dir='ltr'><strong>r</strong></span> <span class='ocrx_word' id='word_1_675' title='bbox 1482 4466 1545 4538; x_wconf 69' lang='lat' dir='ltr'><strong>llp„</strong></span> <span class='ocrx_word' id='word_1_676' title='bbox 1559 4467 1767 4522; x_wconf 76' lang='lat' dir='ltr'><strong>usstassais.</strong></span> 
     </span>
    </p>
   </div>
   <div class='ocr_carea' id='block_1_20' title="bbox 1110 4536 1904 4664">
    <p class='ocr_par' dir='ltr' id='par_1_23' title="bbox 1110 4536 1904 4664">
     <span class='ocr_line' id='line_1_78' title="bbox 1110 4536 1904 4664; baseline -0.003 -70"><span class='ocrx_word' id='word_1_677' title='bbox 1110 4539 1121 4574; x_wconf 80' lang='lat'>³</span> <span class='ocrx_word' id='word_1_678' title='bbox 1136 4539 1241 4594; x_wconf 82' lang='lat' dir='ltr'><strong>&#39;lotum</strong></span> <span class='ocrx_word' id='word_1_679' title='bbox 1254 4537 1343 4594; x_wconf 88' lang='lat' dir='ltr'><strong>hocce</strong></span> <span class='ocrx_word' id='word_1_680' title='bbox 1358 4536 1520 4611; x_wconf 90' lang='lat' dir='ltr'><strong>capitulum</strong></span> <span class='ocrx_word' id='word_1_681' title='bbox 1536 4537 1573 4593; x_wconf 90' lang='lat' dir='ltr'><strong>ad</strong></span> <span class='ocrx_word' id='word_1_682' title='bbox 1587 4537 1706 4664; x_wconf 50' lang='lat' dir='ltr'><strong>Jcsqphi</strong></span> <span class='ocrx_word' id='word_1_683' title='bbox 1725 4551 1820 4609; x_wconf 89' lang='lat' dir='ltr'><strong>usquc</strong></span> <span class='ocrx_word' id='word_1_684' title='bbox 1841 4537 1904 4592; x_wconf 88' lang='lat' dir='ltr'><strong>tes-</strong></span> 
     </span>
    </p>
   </div>
   <div class='ocr_carea' id='block_1_21' title="bbox 1074 4607 1902 5110">
    <p class='ocr_par' dir='ltr' id='par_1_24' title="bbox 1074 4607 1902 5110">
     <span class='ocr_line' id='line_1_79' title="bbox 1075 4607 1901 4690; baseline -0.006 -24"><span class='ocrx_word' id='word_1_685' title='bbox 1075 4609 1286 4674; x_wconf 82' lang='lat' dir='ltr'><strong>timouium,cx</strong></span> <span class='ocrx_word' id='word_1_686' title='bbox 1300 4607 1460 4690; x_wconf 81' lang='lat' dir='ltr'><strong>Porphyris</strong></span> <span class='ocrx_word' id='word_1_687' title='bbox 1474 4609 1570 4675; x_wconf 84' lang='lat' dir='ltr'><strong>vertit,</strong></span> <span class='ocrx_word' id='word_1_688' title='bbox 1587 4625 1644 4681; x_wconf 92' lang='lat' dir='ltr'><strong>quo</strong></span> <span class='ocrx_word' id='word_1_689' title='bbox 1681 4612 1795 4664; x_wconf 90' lang='lat' dir='ltr'><strong>tautum</strong></span> <span class='ocrx_word' id='word_1_690' title='bbox 1819 4607 1901 4662; x_wconf 90' lang='lat' dir='ltr'><strong>indi-</strong></span> 
     </span>
     <span class='ocr_line' id='line_1_80' title="bbox 1074 4679 1757 4737; baseline -0.001 0"><span class='ocrx_word' id='word_1_691' title='bbox 1074 4697 1108 4737; x_wconf 96' lang='lat' dir='ltr'><strong>co</strong></span> <span class='ocrx_word' id='word_1_692' title='bbox 1122 4679 1272 4737; x_wconf 90' lang='lat' dir='ltr'><strong>brevitatis</strong></span> <span class='ocrx_word' id='word_1_693' title='bbox 1287 4680 1396 4736; x_wconf 80' lang='lat' dir='ltr'><strong>studio.</strong></span> <span class='ocrx_word' id='word_1_694' title='bbox 1415 4683 1506 4736; x_wconf 79' lang='lat' dir='ltr'><strong>Antea</strong></span> <span class='ocrx_word' id='word_1_695' title='bbox 1520 4684 1582 4737; x_wconf 89' lang='lat' dir='ltr'><strong>erat</strong></span> <span class='ocrx_word' id='word_1_696' title='bbox 1597 4679 1757 4737; x_wconf 74' lang='lat' dir='ltr'><strong>therausos.</strong></span> 
     </span>
     <span class='ocr_line' id='line_1_81' title="bbox 1109 4747 1901 4834; baseline -0.004 -26"><span class='ocrx_word' id='word_1_697' title='bbox 1109 4751 1275 4826; x_wconf 67' lang='lat' dir='ltr'><strong>*Expungo</strong></span> <span class='ocrx_word' id='word_1_698' title='bbox 1290 4767 1318 4807; x_wconf 86' lang='lat' dir='ltr'><strong>sc</strong></span> <span class='ocrx_word' id='word_1_699' title='bbox 1332 4751 1475 4834; x_wconf 84' lang='lat' dir='ltr'><strong>voculam,</strong></span> <span class='ocrx_word' id='word_1_700' title='bbox 1490 4767 1553 4832; x_wconf 78' lang='lat' dir='ltr'><strong>qua</strong></span> <span class='ocrx_word' id='word_1_701' title='bbox 1575 4751 1604 4834; x_wconf 84' lang='lat' dir='ltr'><strong>in</strong></span> <span class='ocrx_word' id='word_1_702' title='bbox 1630 4767 1702 4808; x_wconf 90' lang='lat' dir='ltr'><strong>mss.</strong></span> <span class='ocrx_word' id='word_1_703' title='bbox 1726 4767 1784 4808; x_wconf 92' lang='lat' dir='ltr'><strong>non</strong></span> <span class='ocrx_word' id='word_1_704' title='bbox 1808 4747 1901 4806; x_wconf 84' lang='lat' dir='ltr'><strong>habe·</strong></span> 
     </span>
     <span class='ocr_line' id='line_1_82' title="bbox 1074 4821 1813 4986; baseline -0.008 -35"><span class='ocrx_word' id='word_1_705' title='bbox 1074 4821 1757 4986; x_wconf 50' lang='lat' dir='ltr'><strong>l&#39;tilllidttittlttlimitis...</strong></span> <span class='ocrx_word' id='word_1_706' title='bbox 1783 4889 1813 4947; x_wconf 75' lang='lat' dir='ltr'><strong>a</strong></span> 
     </span>
     <span class='ocr_line' id='line_1_83' title="bbox 1075 4959 1899 5042; baseline -0.006 -22"><span class='ocrx_word' id='word_1_707' title='bbox 1075 4961 1208 5021; x_wconf 76' lang='grc' dir='ltr'>ὀπεδίκων</span> <span class='ocrx_word' id='word_1_708' title='bbox 1225 4969 1274 5020; x_wconf 73' lang='grc' dir='ltr'><strong>τοῦ</strong></span> <span class='ocrx_word' id='word_1_709' title='bbox 1299 4984 1430 5042; x_wconf 72' lang='lat' dir='ltr'><strong>pervasor,</strong></span> <span class='ocrx_word' id='word_1_710' title='bbox 1448 4961 1487 5026; x_wconf 70' lang='grc' dir='ltr'><strong>ἃς</strong></span> <span class='ocrx_word' id='word_1_711' title='bbox 1507 4961 1621 5020; x_wconf 77' lang='grc' dir='ltr'>καλοῦσι</span> <span class='ocrx_word' id='word_1_712' title='bbox 1642 4964 1703 5040; x_wconf 71' lang='lat' dir='ltr'><strong>[istic</strong></span> <span class='ocrx_word' id='word_1_713' title='bbox 1732 4959 1899 5019; x_wconf 65' lang='lat' dir='ltr'><strong>tetartaeo.</strong></span> 
     </span>
     <span class='ocr_line' id='line_1_84' title="bbox 1074 5033 1902 5110; baseline -0.004 -16"><span class='ocrx_word' id='word_1_714' title='bbox 1074 5038 1202 5104; x_wconf 81' lang='lat' dir='ltr'><strong>Hieron,</strong></span> <span class='ocrx_word' id='word_1_715' title='bbox 1218 5037 1307 5094; x_wconf 76' lang='lat' dir='ltr'><strong>cotta</strong></span> <span class='ocrx_word' id='word_1_716' title='bbox 1321 5038 1361 5092; x_wconf 81' lang='lat' dir='ltr'><strong>eis</strong></span> <span class='ocrx_word' id='word_1_717' title='bbox 1376 5035 1408 5092; x_wconf 88' lang='lat' dir='ltr'><strong>dc</strong></span> <span class='ocrx_word' id='word_1_718' title='bbox 1420 5035 1497 5108; x_wconf 80' lang='lat' dir='ltr'><strong>sotiis</strong></span> <span class='ocrx_word' id='word_1_719' title='bbox 1509 5039 1677 5110; x_wconf 78' lang='lat' dir='ltr'><strong>palmarem,</strong></span> <span class='ocrx_word' id='word_1_720' title='bbox 1689 5041 1744 5093; x_wconf 88' lang='lat' dir='ltr'><strong>cto.</strong></span> <span class='ocrx_word' id='word_1_721' title='bbox 1770 5035 1827 5094; x_wconf 90' lang='lat' dir='ltr'><strong>Sed</strong></span> <span class='ocrx_word' id='word_1_722' title='bbox 1849 5033 1902 5091; x_wconf 79' lang='lat' dir='ltr'><strong>ia·</strong></span> 
     </span>
    </p>
   </div>
   <div class='ocr_carea' id='block_1_22' title="bbox 196 5103 1911 5616">
    <p class='ocr_par' dir='ltr' id='par_1_25' title="bbox 196 5103 1902 5182">
     <span class='ocr_line' id='line_1_85' title="bbox 196 5103 1902 5182; baseline 0.004 -25"><span class='ocrx_word' id='word_1_723' title='bbox 196 5107 605 5182; x_wconf 82' lang='lat' dir='ltr'><strong>versusPsychicos,cap,ti:</strong></span> <span class='ocrx_word' id='word_1_724' title='bbox 624 5111 788 5166; x_wconf 84' lang='lat' dir='ltr'><strong>Cumtctam</strong></span> <span class='ocrx_word' id='word_1_725' title='bbox 809 5107 880 5164; x_wconf 84' lang='lat' dir='ltr'><strong>iliud</strong></span> <span class='ocrx_word' id='word_1_726' title='bbox 902 5107 1019 5165; x_wconf 86' lang='lat' dir='ltr'><strong>domici-</strong></span> <span class='ocrx_word' id='word_1_727' title='bbox 1074 5109 1129 5166; x_wconf 88' lang='lat' dir='ltr'><strong>cilc</strong></span> <span class='ocrx_word' id='word_1_728' title='bbox 1156 5103 1294 5164; x_wconf 75' lang='grc' dir='ltr'>σπαδίκων</span> <span class='ocrx_word' id='word_1_729' title='bbox 1324 5107 1354 5162; x_wconf 93' lang='lat' dir='ltr'><strong>in</strong></span> <span class='ocrx_word' id='word_1_730' title='bbox 1386 5106 1545 5181; x_wconf 85' lang='lat' dir='ltr'><strong>Porphyrio</strong></span> <span class='ocrx_word' id='word_1_731' title='bbox 1582 5107 1739 5182; x_wconf 89' lang='lat' dir='ltr'><strong>legendum</strong></span> <span class='ocrx_word' id='word_1_732' title='bbox 1776 5111 1819 5166; x_wconf 87' lang='lat' dir='ltr'><strong>ast</strong></span> <span class='ocrx_word' id='word_1_733' title='bbox 1842 5119 1902 5180; x_wconf 83' lang='lat' dir='ltr'><strong>pro</strong></span> 
     </span>
    </p>

    <p class='ocr_par' dir='ltr' id='par_1_26' title="bbox 197 5175 1867 5250">
     <span class='ocr_line' id='line_1_86' title="bbox 197 5175 1867 5250; baseline 0.004 -22"><span class='ocrx_word' id='word_1_734' title='bbox 197 5175 267 5229; x_wconf 85' lang='lat' dir='ltr'><strong>lium</strong></span> <span class='ocrx_word' id='word_1_735' title='bbox 283 5177 428 5234; x_wconf 78' lang='lat' dir='ltr'><strong>interieris</strong></span> <span class='ocrx_word' id='word_1_736' title='bbox 442 5181 572 5249; x_wconf 77' lang='lat' dir='ltr'><strong>tremissis,</strong></span> <span class='ocrx_word' id='word_1_737' title='bbox 588 5183 656 5237; x_wconf 85' lang='lat' dir='ltr'><strong>escis</strong></span> <span class='ocrx_word' id='word_1_738' title='bbox 679 5183 716 5236; x_wconf 85' lang='lat' dir='ltr'><strong>stt</strong></span> <span class='ocrx_word' id='word_1_739' title='bbox 734 5187 820 5242; x_wconf 85' lang='lat' dir='ltr'><strong>utum,</strong></span> <span class='ocrx_word' id='word_1_740' title='bbox 841 5179 913 5234; x_wconf 80' lang='lat' dir='ltr'><strong>vinis</strong></span> <span class='ocrx_word' id='word_1_741' title='bbox 934 5181 1019 5235; x_wconf 82' lang='lat' dir='ltr'><strong>inan·</strong></span> <span class='ocrx_word' id='word_1_742' title='bbox 1078 5176 1223 5247; x_wconf 77' lang='grc' dir='ltr'><strong>ὀπεδίκων,</strong></span> <span class='ocrx_word' id='word_1_743' title='bbox 1239 5179 1470 5250; x_wconf 84' lang='lat' dir='ltr'><strong>variandumque</strong></span> <span class='ocrx_word' id='word_1_744' title='bbox 1484 5179 1517 5238; x_wconf 80' lang='lat' dir='ltr'><strong>de</strong></span> <span class='ocrx_word' id='word_1_745' title='bbox 1549 5180 1690 5236; x_wconf 80' lang='lat' dir='ltr'><strong>otmarum</strong></span> <span class='ocrx_word' id='word_1_746' title='bbox 1704 5179 1867 5236; x_wconf 71' lang='lat' dir='ltr'><strong>tramitibus.</strong></span> 
     </span>
    </p>

    <p class='ocr_par' dir='ltr' id='par_1_27' title="bbox 196 5198 1906 5330">
     <span class='ocr_line' id='line_1_87' title="bbox 196 5198 1906 5330; baseline 0.006 -32"><span class='ocrx_word' id='word_1_747' title='bbox 196 5245 303 5330; x_wconf 72' lang='lat' dir='ltr'><strong>ilatum,</strong></span> <span class='ocrx_word' id='word_1_748' title='bbox 319 5246 497 5330; x_wconf 74' lang='lat' dir='ltr'><strong>decoquendis</strong></span> <span class='ocrx_word' id='word_1_749' title='bbox 507 5252 569 5320; x_wconf 84' lang='lat' dir='ltr'><strong>jam</strong></span> <span class='ocrx_word' id='word_1_750' title='bbox 595 5198 758 5308; x_wconf 54' lang='lat' dir='ltr'><strong>sterrmiffus</strong></span> <span class='ocrx_word' id='word_1_751' title='bbox 784 5257 912 5318; x_wconf 71' lang='lat' dir='ltr'><strong>estuans,</strong></span> <span class='ocrx_word' id='word_1_752' title='bbox 941 5267 1020 5322; x_wconf 77' lang='lat' dir='ltr'><strong>prac-</strong></span> <span class='ocrx_word' id='word_1_753' title='bbox 1111 5253 1204 5307; x_wconf 69' lang='lat' dir='ltr'><strong>thret</strong></span> <span class='ocrx_word' id='word_1_754' title='bbox 1218 5250 1330 5306; x_wconf 83' lang='lat' dir='ltr'><strong>acclivo.</strong></span> <span class='ocrx_word' id='word_1_755' title='bbox 1347 5250 1379 5306; x_wconf 92' lang='lat' dir='ltr'><strong>ln</strong></span> <span class='ocrx_word' id='word_1_756' title='bbox 1395 5248 1496 5323; x_wconf 89' lang='lat' dir='ltr'><strong>regula</strong></span> <span class='ocrx_word' id='word_1_757' title='bbox 1540 5251 1721 5309; x_wconf 89' lang='lat' dir='ltr'><strong>.Pachomii</strong></span> <span class='ocrx_word' id='word_1_758' title='bbox 1743 5267 1777 5306; x_wconf 83' lang='lat' dir='ltr'><strong>ex</strong></span> <span class='ocrx_word' id='word_1_759' title='bbox 1799 5267 1906 5308; x_wconf 89' lang='lat' dir='ltr'><strong>emen·</strong></span> 
     </span>
    </p>

    <p class='ocr_par' dir='ltr' id='par_1_28' title="bbox 197 5317 1911 5397">
     <span class='ocr_line' id='line_1_88' title="bbox 197 5317 1911 5397; baseline 0.005 -26"><span class='ocrx_word' id='word_1_760' title='bbox 197 5317 405 5374; x_wconf 74' lang='lat' dir='ltr'><strong>meditatorium</strong></span> <span class='ocrx_word' id='word_1_761' title='bbox 419 5321 540 5390; x_wconf 70' lang='lat' dir='ltr'><strong>efficitur</strong></span> <span class='ocrx_word' id='word_1_762' title='bbox 554 5322 735 5378; x_wconf 70' lang='lat' dir='ltr'><strong>latrinarum.</strong></span> <span class='ocrx_word' id='word_1_763' title='bbox 754 5321 819 5376; x_wconf 91' lang='lat' dir='ltr'><strong>Vid.</strong></span> <span class='ocrx_word' id='word_1_764' title='bbox 834 5321 864 5376; x_wconf 92' lang='lat' dir='ltr'><strong>in</strong></span> <span class='ocrx_word' id='word_1_765' title='bbox 880 5320 965 5394; x_wconf 89' lang='lat' dir='ltr'><strong>epist.</strong></span> <span class='ocrx_word' id='word_1_766' title='bbox 982 5323 1020 5378; x_wconf 88' lang='lat' dir='ltr'><strong>ad</strong></span> <span class='ocrx_word' id='word_1_767' title='bbox 1076 5322 1195 5378; x_wconf 89' lang='lat' dir='ltr'><strong>datione</strong></span> <span class='ocrx_word' id='word_1_768' title='bbox 1211 5326 1322 5392; x_wconf 89' lang='lat' dir='ltr'><strong>nostro,</strong></span> <span class='ocrx_word' id='word_1_769' title='bbox 1337 5321 1419 5378; x_wconf 84' lang='lat' dir='ltr'><strong>Nemo</strong></span> <span class='ocrx_word' id='word_1_770' title='bbox 1429 5321 1569 5379; x_wconf 77' lang='lat' dir='ltr'><strong>demetens</strong></span> <span class='ocrx_word' id='word_1_771' title='bbox 1584 5341 1635 5397; x_wconf 84' lang='lat' dir='ltr'><strong>sup</strong></span> <span class='ocrx_word' id='word_1_772' title='bbox 1654 5327 1720 5380; x_wconf 83' lang='lat' dir='ltr'><strong>anot</strong></span> <span class='ocrx_word' id='word_1_773' title='bbox 1737 5323 1795 5379; x_wconf 84' lang='lat' dir='ltr'><strong>nisi</strong></span> <span class='ocrx_word' id='word_1_774' title='bbox 1816 5323 1911 5380; x_wconf 83' lang='lat' dir='ltr'><strong>recti-</strong></span> 
     </span>
    </p>

    <p class='ocr_par' dir='ltr' id='par_1_29' title="bbox 202 5387 1911 5538">
     <span class='ocr_line' id='line_1_89' title="bbox 202 5387 1911 5468; baseline 0.006 -24"><span class='ocrx_word' id='word_1_775' title='bbox 202 5387 582 5446; x_wconf 85' lang='lat' dir='ltr'><strong>l·&#39;ohiol.deblansion.t2.</strong></span> <span class='ocrx_word' id='word_1_776' title='bbox 1074 5409 1138 5450; x_wconf 83' lang='lat' dir='ltr'><strong>nem</strong></span> <span class='ocrx_word' id='word_1_777' title='bbox 1166 5393 1306 5450; x_wconf 78' lang='lat' dir='ltr'><strong>sellulam.</strong></span> <span class='ocrx_word' id='word_1_778' title='bbox 1333 5392 1398 5450; x_wconf 90' lang='lat' dir='ltr'><strong>Vid.</strong></span> <span class='ocrx_word' id='word_1_779' title='bbox 1424 5410 1515 5466; x_wconf 89' lang='lat' dir='ltr'><strong>supra</strong></span> <span class='ocrx_word' id='word_1_780' title='bbox 1536 5411 1604 5468; x_wconf 89' lang='lat' dir='ltr'><strong>pag,</strong></span> <span class='ocrx_word' id='word_1_781' title='bbox 1667 5438 1674 5464; x_wconf 96' lang='lat'><strong>,</strong></span> <span class='ocrx_word' id='word_1_782' title='bbox 1703 5398 1765 5450; x_wconf 90' lang='lat' dir='ltr'><strong>not.</strong></span> <span class='ocrx_word' id='word_1_783' title='bbox 1798 5393 1911 5455; x_wconf 85' lang='lat' dir='ltr'><strong>ordina</strong></span> 
     </span>
     <span class='ocr_line' id='line_1_90' title="bbox 234 5461 1186 5538; baseline 0.003 -21"><span class='ocrx_word' id='word_1_784' title='bbox 234 5461 244 5495; x_wconf 83' lang='lat'><strong>²</strong></span> <span class='ocrx_word' id='word_1_785' title='bbox 259 5461 416 5518; x_wconf 79' lang='lat' dir='ltr'><strong>Excedam</strong></span> <span class='ocrx_word' id='word_1_786' title='bbox 438 5461 608 5535; x_wconf 80' lang='lat' dir='ltr'><strong>PorphyriO,</strong></span> <span class='ocrx_word' id='word_1_787' title='bbox 624 5463 638 5516; x_wconf 84' lang='grc' dir='ltr'>ὁ</span> <span class='ocrx_word' id='word_1_788' title='bbox 655 5461 868 5538; x_wconf 76' lang='grc' dir='ltr'>περιπατητικὸς</span> <span class='ocrx_word' id='word_1_789' title='bbox 892 5463 1019 5538; x_wconf 73' lang='grc' dir='ltr'>Δικαίαρ-</span> <span class='ocrx_word' id='word_1_790' title='bbox 1079 5463 1186 5538; x_wconf 78' lang='lat' dir='ltr'><strong>prime.</strong></span> 
     </span>
    </p>

    <p class='ocr_par' dir='ltr' id='par_1_30' title="bbox 197 5529 1020 5616">
     <span class='ocr_line' id='line_1_91' title="bbox 197 5529 1020 5616; baseline 0.006 -28"><span class='ocrx_word' id='word_1_791' title='bbox 197 5551 260 5612; x_wconf 56' lang='lat' dir='ltr'><strong>qne,</strong></span> <span class='ocrx_word' id='word_1_792' title='bbox 277 5531 307 5597; x_wconf 80' lang='grc' dir='ltr'><strong>ὃς</strong></span> <span class='ocrx_word' id='word_1_793' title='bbox 329 5531 375 5590; x_wconf 85' lang='grc' dir='ltr'><strong>τὸν</strong></span> <span class='ocrx_word' id='word_1_794' title='bbox 400 5531 514 5612; x_wconf 79' lang='grc' dir='ltr'><strong>ἀρχαῖον</strong></span> <span class='ocrx_word' id='word_1_795' title='bbox 547 5529 605 5608; x_wconf 81' lang='grc' dir='ltr'><strong>βίον</strong></span> <span class='ocrx_word' id='word_1_796' title='bbox 629 5539 680 5604; x_wconf 82' lang='grc' dir='ltr'><strong>τῆς</strong></span> <span class='ocrx_word' id='word_1_797' title='bbox 707 5529 843 5598; x_wconf 67' lang='lat' dir='ltr'><strong>”Elatiae</strong></span> <span class='ocrx_word' id='word_1_798' title='bbox 859 5533 1020 5616; x_wconf 65' lang='grc' dir='ltr'>ἀφηγούμε-</span> 
     </span>
    </p>
   </div>
   <div class='ocr_carea' id='block_1_23' title="bbox 0 0 2036 6149">
    <p class='ocr_par' dir='ltr' id='par_1_31' title="bbox 0 0 2036 6149">
     <span class='ocr_line' id='line_1_92' title="bbox 0 0 2036 6149; baseline 0 0"><span class='ocrx_word' id='word_1_799' title='bbox 0 0 2036 6149; x_wconf 95' lang='lat' dir='ltr'><strong> </strong></span> 
     </span>
    </p>
   </div>
  </div>
 </body>
</html>
