4064 6158
136 293 191 366 ur
635 297 831 376 oraaoous
854 303 1011 373 corana
1034 301 1333 376 uuorraarauos.
1778 250 1838 373 ha

135 433 240 506 tulisti,
264 449 319 496 nec
341 429 414 498 dicis
438 455 521 500 more
544 443 741 516 quorumdam
762 459 768 502 :
786 442 898 500 Saluum
916 457 959 499 ore
973 443 1002 509 A
1016 441 1172 500 manifesta
1187 447 1275 500 sunt:
1294 446 1326 500 ut
1349 441 1452 502 merito
1479 441 1553 502 ildas
1580 435 1686 502 borum
1714 453 1781 518 que
1804 441 1836 500 iu

132 527 185 598 suc,
198 527 326 598 Domine,
342 531 472 602 omnium
484 529 583 604 defecit
596 538 706 589 sanctus
727 534 814 602 (Paul.
841 550 880 602 xr,
904 533 955 604 l):
1012 532 1150 604 mysterio
1171 537 1226 599 est,
1248 531 1437 590 laudaretur:
1453 533 1504 591 sed
1527 532 1703 608 simplicitas
1727 533 1836 592 mentis

134 632 258 690 quorum
280 635 334 674 vox
351 618 443 692 impia
474 637 590 678 crucem
615 622 718 678 Christi
753 628 883 689 evacuat,
906 621 956 678 Dei
1012 620 1226 678 etdavolaDeo
1247 639 1300 678 suo
1331 623 1430 679 anima
1458 625 1619 697 approbata
1646 629 1708 682 eat:
1725 625 1835 682 Dicebat

134 703 241 761 filium
256 706 395 780 subiugat
409 708 537 792 diaholo,
551 709 957 784 etlllumeomplorationem,
1011 710 1085 764 euim
1101 711 1131 764 in
1145 709 1225 767 corde
1237 728 1296 779 suo,
1314 712 1345 767 Si
1356 715 1469 783 tetinero
1488 714 1680 770 acolanorum
1692 714 1750 786 ejus
1773 717 1834 770 tua·

135 794 417 866 qunaDominode
441 798 644 870 peccatoribus
667 799 781 872 prolata
801 805 855 868 est,
879 815 957 855 nunc
1011 801 1081 866 tura,
1099 798 1179 856 soloe
1205 801 1270 870 fiam
1296 801 1408 872 (illctth.
1440 820 1478 869 rx,
1507 803 1564 872 al).
1588 807 1655 859 linc
1683 806 1728 859 eat
1747 803 1834 870 fides,

134 883 168 940 dc
194 883 337 940 uniuersis
359 885 531 944 hominibus
557 887 664 944 dictam
692 887 832 961 intelligit
857 905 863 942 :
889 889 957 956 Quae
1012 903 1100 958 quam
1127 905 1191 946 raro
1216 889 1339 946 inveniri
1366 890 1443 946 Deus
1466 891 1679 963 pronuntiavit.
1704 891 1837 950 licceat

132 974 239 1029 ualuas
263 975 293 1028 ia
315 976 450 1046 sanquine
472 991 543 1042 meo,
565 976 631 1032 dum
654 977 784 1034 descendo
807 979 835 1032 in
861 993 956 1034 corru·
1012 977 1161 1049 hdeaquae
1180 978 1420 1050 etiamapudeos
1435 979 1486 1052 qui
1501 980 1576 1038 hene
1591 981 1727 1050 credunt,
1756 979 1835 1038 diiii-

126 1063 249 1134 ptionem
280 1063 366 1132 (Psoi.
396 1081 474 1132 xxix,
505 1065 646 1137 lol‘lsed
678 1065 765 1136 absit,
786 1070 819 1122 ut
849 1067 957 1122 frustra
1011 1063 1065 1120 cile
1087 1065 1215 1137 perlecta
1241 1067 1399 1137 invenitur,
1429 1071 1497 1125 Fiet
1530 1070 1591 1138 tibi,
1622 1069 1719 1143 inquit
1746 1071 1835 1138 Deus,

127 1151 203 1208 Dens
222 1155 361 1209 mortuus
376 1154 425 1208 sit.
437 1153 582 1228 Alligatus
596 1160 641 1212 est
655 1155 748 1224 sortis,
764 1161 792 1211 et
807 1173 877 1212 vasa
892 1156 957 1227 ejus
1009 1156 1159 1210 secandum
1184 1155 1265 1226 fidem
1289 1165 1375 1213 luem.
1407 1157 1487 1214 liano
1524 1174 1577 1231 ego
1604 1175 1704 1216 vocem
1734 1158 1837 1216 audire

128 1239 440 1313 diceptasuutfflorc.
469 1245 524 1315 ur).
549 1244 691 1301 allocutio
720 1244 813 1302 Patris
836 1245 957 1318 impleta
1010 1240 1113 1299 uolui.
1130 1241 1254 1300 Sienim
1271 1245 1537 1302 secundumildem
1553 1263 1649 1304 meam
1674 1248 1726 1304 liat
1749 1247 1837 1316 mihi,

127 1331 543 1396 est:Poaiuleame,cldubo
568 1334 621 1389 tibi
648 1337 740 1405 pentes
768 1333 956 1392 hereditatem
1010 1331 1121 1403 peribo.
1138 1335 1262 1390 atcerte
1277 1333 1364 1391 credo
1383 1333 1414 1390 in
1431 1334 1525 1391 Deum
1546 1335 1672 1404 Patrem,
1694 1337 1781 1394 credo
1804 1334 1836 1394 iu

125 1423 213 1476 taum.
229 1424 259 1476 et
269 1423 468 1493 portauerant
495 1430 572 1478 tuum
601 1425 732 1479 terminos
754 1426 838 1481 torrae
865 1423 954 1494 (Pani.
1009 1425 1100 1476 Deum
1118 1421 1233 1489 Filium,
1249 1427 1277 1479 et
1288 1423 1372 1480 credo
1386 1423 1417 1478 in
1429 1429 1519 1481 [lenm
1532 1424 1674 1498 Spiritum
1685 1429 1832 1485 sanctum.

127 1524 154 1574 11,
184 1509 226 1580 8),
254 1511 453 1582 Appuruernat
478 1514 568 1582 lomes
595 1529 742 1584 equorum,
775 1517 802 1568 ot
832 1519 956 1569 reuelato
1010 1509 1253 1568 Credoiuuuum
1268 1511 1370 1580 ileum,
1387 1516 1528 1570 ettamen
1550 1513 1712 1572 secundum
1737 1529 1834 1572 meam
1878 1527 1880 1532 '

126 1597 388 1668 matfredumcato
402 1600 475 1656 ortis
490 1607 628 1657 terrorum
643 1602 733 1672 (Psoi.
750 1619 818 1668 xvir,
844 1602 899 1674 lo).
925 1603 956 1658 ln
1011 1599 1098 1655 fidem
1119 1598 1185 1656 nolo
1210 1599 1283 1656 mihi
1310 1601 1381 1658 heri.
1404 1602 1485 1675 Saepe
1506 1602 1615 1676 quippe
1638 1603 1718 1660 venit
1738 1602 1836 1660 inimi·

124 1687 620 1761 roiepesreittubernuaaalamsuum,
639 1707 689 1747 aco
714 1699 754 1746 est
782 1692 832 1764 qut
854 1691 956 1746 cecha-
1010 1688 1174 1757 cushomo,
1199 1693 1228 1745 et
1255 1689 1333 1746 inter
1362 1691 1543 1748 Dominicam
1567 1708 1695 1750 messem
1723 1691 1836 1750 zizania

124 1778 226 1834 undat
239 1778 363 1834 accim
385 1780 445 1850 ejus
473 1780 558 1851 (Paul.
588 1796 669 1846 xvru,
696 1781 735 1852 ill.
767 1785 821 1838 Deo
850 1779 955 1853 plenus
1011 1776 1169 1833 interserit.
1185 1779 1284 1850 Neque
1299 1777 1354 1836 boc
1368 1779 1534 1853 dico,quod
1559 1782 1659 1853 majus
1673 1781 1837 1854 quidquam
1947 1783 1951 1792 '

125 1866 288 1924 psalmista
309 1867 388 1922 canit
400 1883 407 1922 ε
421 1868 536 1924 Inimici
551 1868 711 1940 defecerunt
732 1873 847 1940 framea
870 1872 898 1924 ia
922 1871 955 1940 fi·
1011 1865 1060 1932 sit,
1076 1882 1165 1938 quam
1181 1869 1358 1924 sacramenti
1374 1869 1457 1937 fides,
1472 1885 1560 1943 quam
1579 1870 1690 1942 puritas
1710 1869 1835 1928 enimn:

124 1972 186 2012 om
200 1965 229 2012 et
242 1958 367 2013 muitum
382 1972 478 2013 corum
492 1956 659 2014 contrectata
674 1956 764 2028 (Paul,
781 1975 820 2025 rx,
834 1959 873 2030 7).
1011 1955 1062 2014 sed
1077 1953 1242 2012 indubitata
1256 1957 1291 2013 ad
1304 1961 1397 2013 Deum
1410 1957 1838 2034 fides,arduereperitur.Verbi

163 2043 459 2116 15.Etuhi,qunso,
492 2043 539 2100 isti
568 2049 638 2100 sunt
666 2045 792 2102 nimium
816 2044 956 2118 religiosi,
1011 2044 1835 2122 graliadictumsit,utquodvaiumusperspicuumilat3

128 2131 192 2188 ima
209 2131 330 2188 nimium
347 2132 472 2206 prolani,
495 2134 544 2206 qui
568 2133 667 2206 plures
688 2151 851 2208 synagogas
873 2151 955 2190 asse·
1012 2133 1356 2204 adorationemassisto;
1373 2135 1664 2202 uonnrarem,sinon
1676 2139 1836 2206 crederem,

125 2225 289 2290 runtesse,
309 2239 401 2294 quam
426 2222 571 2279 Dcolesias
595 2223 771 2288 ‘lQuomodo
801 2225 957 2280 destructa
1012 2223 1063 2278 sed
1087 2223 1111 2277 si
1136 2239 1201 2279 vore
1223 2224 1381 2292 crederem,
1407 2223 1480 2282 illud
1509 2242 1559 2282 cor
1579 2242 1638 2299 quo
1660 2230 1734 2284 Deus
1757 2225 1837 2286 vide·

125 2315 195 2368 sunt
210 2309 324 2368 diaboli
337 2310 486 2380 civitates,
500 2316 529 2367 et
542 2312 572 2367 iu
588 2311 656 2380 dne,
678 2312 733 2369 hoc
748 2317 793 2368 est
817 2313 845 2368 in
866 2329 957 2369 saecu·
1013 2316 1070 2380 tur,
1086 2313 1271 2378 mundarem,
1288 2312 1426 2369 manibus
1441 2314 1593 2370 tunderem
1616 2317 1729 2386 pectus,
1744 2331 1835 2390 genas

124 2399 222 2458 lurum
238 2400 509 2467 consummatione,
530 2399 606 2456 idola
630 2407 805 2458 corruerunt
821 2406 833 2458 l
852 2401 881 2458 Si
905 2403 956 2458 Ec·
1012 2400 1151 2473 lacrymis
1163 2400 1425 2474 rigaremeorpuro
1440 2400 1668 2458 inhorrescerem
1685 2403 1758 2470 ⁷,ore
1772 2400 1837 2476 pal-

123 2488 352 2546 elasiam¹non
369 2489 459 2546 habet
472 2488 616 2555 Christus,
634 2493 685 2546 aut
711 2490 736 2546 si
765 2491 794 2546 in
823 2491 959 2547 Sardinia
1012 2488 1352 2561 lerem‚188jacerem
1369 2490 1406 2545 ad
1420 2489 1536 2546 Domini
1553 2490 1839 2564 meipedes,eosque

125 2583 243 2636 tantum
260 2578 363 2644 habet,
380 2578 506 2634 nimium
535 2595 646 2652 pauper
675 2581 770 2636 iactus
798 2585 853 2636 ost.
882 2580 957 2636 atsi
1014 2579 1100 2635 llectu
1117 2578 1741 2652 perfunderem,orinetergerem,hoerorem
1756 2584 1835 2637 certe

125 2667 309 2732 cannatas,
326 2666 449 2736 Gallius,
474 2668 633 2737 Orientem,
660 2669 798 2726 ludorum
826 2669 958 2742 populos,
1014 2671 1116 2724 trunco
1132 2667 1237 2735 crucis,
1255 2684 1308 2723 nec
1324 2667 1405 2740 prius
1420 2669 1595 2736 amitterem,
1615 2684 1704 2741 quam
1720 2668 1839 2728 miseri-

127 2758 275 2814 barbaras
285 2757 434 2825 nationes,
449 2761 479 2814 et
489 2762 582 2814 totum
599 2757 689 2814 semel
706 2760 716 2792 ²
731 2759 876 2815 muudum
891 2775 958 2831 pos·
1014 2757 1143 2814 cordiam
1170 2757 1369 2829 impetrarem.
1396 2757 1480 2832 Nunc
1515 2774 1583 2814 vero
1607 2759 1783 2816 creberrime
1808 2757 1839 2815 in

126 2847 202 2902 sidet
231 2847 379 2902 Satanas:
397 2845 543 2918 quomodo
575 2846 611 2902 ad
641 2835 781 2918 anguinei
818 2847 959 2904 universa
1014 2845 1360 2919 orationemea,autpcr
1381 2846 1510 2920 porticus
1535 2846 1702 2915 deambulo,
1731 2851 1783 2904 aut
1803 2847 1840 2905 de

127 2939 211 2992 terrae
240 2933 348 2990 Crucis
374 2934 449 2991 187
481 2939 589 3008 tropea
624 2934 730 2992 collata
752 2935 844 2992 sunl‘l
868 2935 960 2992 Nimi·
1015 2935 1278 3008 leuarecomputo,
1302 2940 1354 2991 aut
1374 2935 1519 2992 abductus
1547 2935 1627 3008 turpi
1654 2935 1840 3010 cogitatione,

128 3040 195 3080 rum
209 3023 403 3080 adversarius
418 3026 522 3096 potens
536 3023 680 3081 concessit
694 3023 809 3081 Christo
822 3025 934 3080 lberam
950 3026 961 3059 ³
1016 3023 1104 3080 etiem
1119 3039 1182 3095 quaa
1199 3022 1278 3078 dictu
1295 3022 1497 3079 erubescenda
1518 3025 1599 3089 aaut,
1614 3037 1693 3096 gero.
1717 3022 1771 3078 Ubi
1795 3026 1841 3086 eat

127 3117 295 3170 excetram:
313 3111 427 3168 luridos
442 3112 587 3182 homines,
605 3118 633 3170 et
648 3114 765 3187 inopem
782 3114 958 3186 provinciam
1017 3112 1113 3168 sides?
1130 3111 1237 3168 siccine
1265 3115 1405 3183 putamus
1433 3127 1539 3168 orasse
1561 3110 1691 3169 Jonam‘l
1711 3110 1752 3168 sic
1780 3113 1840 3168 tres

128 3202 311 3276 dedignatus
335 3205 381 3257 est
399 3202 557 3274 possidere.
574 3203 655 3268 Quod
672 3202 695 3259 si
717 3203 752 3258 de
766 3201 816 3258 illa
837 3219 900 3276 qua
930 3203 959 3259 in
975 3187 997 3253 G
1016 3217 1122 3273 pueros
1135 3201 1149 3256 ‘l
1163 3200 1205 3257 aie
1216 3199 1364 3256 Danielem
1380 3198 1565 3256 interleones
1576 3199 1591 3255 ‘l
1603 3200 1645 3256 sic
1659 3203 1737 3256 certe
1752 3197 1841 3259 latro-

131 3290 289 3365 Eaangelio
304 3291 417 3362 scripta
432 3296 487 3358 est,
502 3291 558 3348 sibi
578 3292 723 3348 sententia
748 3291 958 3348 blandiuntur:
1016 3307 1082 3346 nem
1099 3289 1128 3344 in
1143 3305 1212 3345 cuce
1227 3289 1241 3343 ‘l
1257 3289 1291 3344 llt
1303 3286 1363 3344 haec
1377 3305 1431 3362 ego
1447 3287 1571 3362 exempli
1583 3304 1673 3345 causa
1687 3289 1724 3346 ad
1736 3287 1842 3346 intelli-

132 3381 333 3436 Paternacum
346 3381 452 3436 emerit
472 3381 557 3436 Filius
577 3381 709 3450 laconicis,
730 3383 850 3437 inueniet
880 3381 961 3451 fidem
1015 3376 1842 3452 gentiumsensusprotulicaeterumconveniatuuusqui·

130 3475 335 3542 superterram
359 3470 437 3538 (luc.
463 3486 544 3536 livill,
569 3469 626 3542 Sl?
649 3469 745 3525 sciant
770 3468 851 3526 illam
873 3471 960 3526 iidem
1016 3465 1841 3540 squecorsuum,etinonmivitainveniet,quumrarum

134 3557 282 3614 nominari
296 3560 307 3592 ⁸
322 3559 358 3616 de
373 3575 432 3630 qua
445 3557 509 3631 ipse
524 3558 666 3614 Dominus
680 3557 795 3614 aiebat:
811 3559 889 3616 Fides
912 3563 961 3614 iau
1016 3557 1056 3614 sit
1066 3556 1180 3614 fidelem
1204 3557 1333 3614 animam
1359 3555 1493 3625 inveniri,
1523 3560 1556 3613 ut
1579 3554 1665 3622 nihil¹
1681 3556 1717 3612 ob
1744 3555 1843 3629 gloria

138 3645 354 3718 temiuumsoeit
374 3646 469 3720 [heth.
495 3664 532 3716 rr,
557 3647 612 3720 22).
643 3647 678 3702 st
702 3647 772 3703 alibi
796 3648 831 3704 de
857 3647 960 3704 Contu-
1017 3646 1218 3718 cupiditatem,
1233 3643 1353 3700 nihiloh
1368 3644 1556 3701 rumusculos
1570 3644 1726 3701 homiuum
1743 3643 1841 3702 iaciat.

135 3735 236 3792 rione:
254 3736 415 3792 bonavem·
440 3739 546 3792 tentam
567 3737 650 3808 {idern
677 3739 707 3791 ia
730 3738 814 3793 lsrael
834 3738 959 3808 ⁸(llrrtth.
1016 3737 1115 3808 Neque
1131 3736 1209 3792 enim
1224 3735 1324 3792 statim
1337 3734 1386 3807 qui
1398 3735 1526 3806 iejunut,
1538 3738 1595 3792 Deo
1605 3735 1844 3806 jejunetautex-

133 3841 197 3890 rur,
223 3825 279 3896 16).
305 3825 340 3882 Et
368 3842 473 3882 rursus
501 3826 534 3880 nd
569 3825 716 3899 apostolos
742 3841 749 3879 ε
777 3826 847 3895 Quid
869 3826 963 3883 timidi
1017 3827 1141 3882 tendens
1157 3823 1277 3898 pauperi
1294 3839 1426 3892 manum,
1445 3825 1502 3880 Deo
1518 3824 1638 3881 fenerat.
1654 3822 1845 3880 Viciuasunt

134 3915 209 3980 catis,
225 3913 344 3972 modica
356 3915 423 3986 fidei
435 3915 512 3988 (Luc.
525 3931 577 3986 vu,
601 3913 655 3986 th?
677 3913 795 3970 Necnon
809 3919 837 3971 et
852 3914 881 3970 in
906 3915 963 3971 alio
1018 3913 1088 3969 vilia
1099 3913 1269 3969 virtutihus.
1283 3912 1404 3970 Diihcilo
1419 3918 1465 3972 est
1480 3913 1536 3971 Deo
1546 3912 1766 3986 tantumjudice
1778 3927 1844 3972 esse

134 4001 198 4060 loco
220 4022 228 4058 :
254 4005 282 4060 si
311 4003 467 4060 laubaci-itis
494 4003 575 4074 fidem
602 4005 672 4060 siout
699 4019 818 4075 pronum
845 4005 962 4077 sinopis,
1019 4005 1198 4059 contentum.

133 4091 238 4148 daun
262 4091 329 4148 herc
356 4099 453 4160 morati,
485 4093 670 4162 iterantium,
704 4101 730 4148 ct
757 4094 964 4165 truasmr'pruhit
1056 4093 1098 4147 15.
1116 4092 1147 4146 L.
1162 4089 1328 4146 Praevenisli
1344 4090 1602 4165 interrogationem
1632 4091 1844 4149 meam:hsnc

133 4181 241 4248 (sarth.
258 4197 318 4250 xiv,
334 4182 390 4253 31).
407 4182 507 4254 Neque
521 4183 598 4237 enim
613 4181 744 4237 canturio
760 4185 811 4237 ant
824 4181 873 4237 illa
897 4199 963 4237 mu·
1019 4181 1097 4236 enim
1113 4178 1293 4252 Scriptorum
1310 4179 1383 4234 mihi
1399 4179 1427 4234 in
1455 4179 1559 4236 ultimo
1586 4179 1782 4236 reservabam.
1808 4179 1845 4235 lit

134 4268 270 4326 liemula.
287 4286 353 4342 que
370 4287 422 4344 per
445 4270 599 4326 duodecim
621 4286 715 4326 annos
739 4269 818 4326 lluxu
844 4271 963 4342 sangui·
1020 4271 1079 4326 iere
1095 4285 1197 4326 omnes
1214 4267 1317 4336 nostri,
1331 4267 1391 4324 imo
1411 4269 1476 4339 jam
1501 4284 1559 4324 non
1584 4265 1653 4336 mai,
1679 4266 1734 4323 hoo
1758 4266 1843 4341 quasi

135 4359 181 4414 nis
197 4359 380 4428 tabescebat,
405 4359 434 4415 in
460 4357 609 4415 Trinitatis
635 4363 820 4415 sacramenta
835 4359 964 4416 credide·
1020 4359 1109 4415 ariete
1121 4356 1653 4430 indiscaptationibnsutuntur,quem
1663 4355 1845 4412 contractum

136 4453 297 4521 eantque
324 4453 391 4521 post
420 4447 661 4506 resurrectionem
691 4447 798 4504 Christi
824 4447 965 4520 apostolis
1020 4465 1053 4504 ac
1069 4447 1284 4504 comminutum
1299 4446 1486 4504 vehementer
1508 4446 1631 4520 gaudeo.
1661 4445 1717 4502 Sed
1746 4459 1846 4518 quasa

980 4557 1005 4622 D

134 4645 230 4702 antei
246 4643 521 4709 latinedioeretnr,
537 4643 671 4699 sohimto.
696 4640 861 4698 Sardiniam
887 4644 969 4700 insu·
1025 4641 1219 4707 teterrimum,
1230 4639 1291 4697 sive
1305 4640 1341 4698 de
1367 4640 1486 4698 homine
1514 4640 1569 4698 hoc
1595 4642 1727 4714 usurpet,
1756 4643 1789 4697 ut
1815 4638 1847 4698 in

136 4717 199 4774 lam
214 4713 383 4789 pestilentis
398 4715 474 4772 seria
488 4714 558 4770 vitio
574 4713 706 4770 laborare
722 4729 825 4770 omnes
847 4714 969 4782 dieunt;
1023 4714 1109 4794 epist.
1122 4715 1150 4778 6,
1168 4713 1203 4767 ad
1218 4711 1340 4769 Julian..
1363 4713 1423 4769 sive
1446 4713 1482 4768 de
1505 4713 1633 4786 regione,
1648 4716 1683 4768 ut
1702 4709 1752 4766 hic
1778 4707 1846 4779 luci,

137 4787 191 4844 sed
219 4793 250 4844 et
277 4786 387 4843 Sardos
410 4785 546 4843 homines
572 4787 729 4844 mendaces
767 4785 878 4856 audire,
918 4803 968 4843 no·
1024 4783 1135 4841 alredo
1160 4783 1216 4839 alio
1240 4784 1379 4856 quopiam
1404 4785 1547 4857 subjecto.
1570 4784 1646 4841 Puta
1668 4781 1723 4838 dici
1746 4780 1846 4838 Sardi·

137 4867 215 4916 tum.
232 4857 380 4914 bisarion.
1025 4855 1103 4910 niam
1131 4853 1274 4910 malorum
1302 4853 1432 4926 quotidie
1457 4853 1685 4912 excrescentium
1709 4851 1844 4924 hydram.

178 4933 184 4962 ¹
209 4929 359 4986 Victorius
378 4945 411 4986 ex
434 4945 506 4984 mss.
524 4927 675 4984 addiderat
700 4932 851 5000 pertulum
878 4928 970 4984 orbem
1024 4926 1100 4983 Olim
1116 4929 1187 4993 erat,
1204 4927 1366 4981 lberr'amet
1390 4926 1547 4994 Celtiberos,
1576 4923 1682 4980 luridos
1711 4923 1846 4992 homines,

137 5003 272 5074 datiarum
295 5019 302 5068 ;
328 5005 411 5058 vetus
439 4998 509 5056 edit.
537 5016 586 5072 per
607 5003 693 5055 lolam
722 4999 813 5056 oriem
841 5005 969 5066 tautum,
1024 4997 1182 5067 AEthiupam
1205 4997 1505 5067 ueprooiuciom,etc.
1891 5047 1899 5058 ,

136 5073 278 5132 armen.
294 5077 362 5145 post
377 5073 532 5128 Drasmum
544 5070 694 5142 expunxit.
1060 5069 1184 5124 ‘Monet
1221 5065 1341 5122 ictarius
1354 5065 1443 5122 iidem
1469 5083 1520 5139 pro
1546 5064 1655 5123 hducia
1672 5065 1720 5124 hic
1743 5063 1846 5140 accipi.

177 5145 285 5200 'idem
303 5143 493 5199 victorsimul
509 5142 639 5214 reposuit
653 5158 705 5214 pro
719 5141 813 5196 semel.
1026 5142 1085 5198 aive
1101 5137 1258 5195 ardentiori
1274 5137 1456 5201 credulitate,
1472 5155 1535 5210 que
1551 5153 1633 5211 spem
1662 5142 1690 5194 et
1719 5136 1847 5196 charita-

177 5217 547 5272 ³lberomesee1ram.floo
567 5212 631 5269 loeo
657 5219 756 5268 autem
786 5211 876 5268 codex
904 5212 971 5268 Sor·
1025 5211 1126 5268 temin
1151 5227 1181 5266 sa
1205 5207 1360 5278 contineat,
1386 5226 1403 5264 a
1431 5225 1490 5281 qua
1515 5209 1666 5266 hominem
1691 5209 1849 5283 iustificari

139 5286 268 5344 hunicus
306 5289 404 5343 restat
418 5284 612 5352 cluniacensi,
629 5288 768 5340 etveram
790 5299 972 5355 germanam-
1025 5283 1225 5340 manifestum.

140 5357 282 5430 qneexhi
322 5355 515 5421 tlectioucm,
536 5355 674 5412 Hiberam
693 5359 841 5423 escarum,
866 5355 972 5412 laudor
1062 5354 1179 5410 lFidem
1195 5355 1223 5407 in
1238 5351 1334 5407 lsrael.
1350 5349 1440 5406 Addit
1455 5351 1532 5409 idem
1562 5353 1653 5410 codex
1669 5351 1848 5410 sorbonicus

141 5431 370 5488 domiminico
440 5429 621 5512 prouinciam,
638 5432 692 5508 etc.
709 5426 748 5482 De
772 5426 887 5508 ilibepo,
913 5427 972 5510 sive
1026 5423 1282 5505 vocemncqne,·id
1299 5425 1611 5496 estaoqaeinlsroel.
1628 5424 1770 5510 Macrian.
1844 5494 1850 5506 ·

138 5499 355 5559 iberaexcatra
380 5504 547 5574 oqurturqu
563 5501 742 5626 pueflreron
765 5503 971 5581 musrnepist.
1062 5495 1177 5552 ⁸Vetus
1205 5495 1287 5562 edit,
1318 5495 1392 5550 heac
1415 5511 1462 5568 epo
1490 5496 1573 5568 fidere
1603 5497 1701 5554 eudes
1722 5493 1795 5554 volo.
1818 5491 1849 5549 Sa

144 5571 351 5630 adiulianum
371 5572 539 5628 diaconum.
592 5587 708 5626 sarran.
756 5587 787 5625 er
806 5570 971 5627 convicium
1026 5569 1182 5630 animato.

143 5645 252 5702 iberum
266 5651 408 5704 acetrum
423 5641 503 5714 dicit,
520 5645 686 5700 monstrum
712 5657 817 5714 nempe
838 5641 971 5699 omnium
1062 5639 1196 5696 iliadem
1212 5635 1304 5707 addit,
1320 5637 1405 5697 Corde
1431 5639 1624 5698 molieram.
