4128 6164
175 187 225 255 Ul
794 183 888 252 virt
910 177 1058 250 uriom
1079 177 1270 250 montom.
1836 177 1883 258 ω

182 327 305 408 repertis
319 326 483 397 monacbis,
499 341 600 388 eornm
620 341 667 386 me
691 324 861 401 magisterio
882 318 1002 388 tradidi,
1016 318 1045 386 A
1058 333 1135 375 mus
1151 319 1260 378 Carnes
1274 317 1455 391 semicrudae,
1471 319 1555 379 cibus
1567 346 1575 391 t
1589 322 1619 380 et
1637 318 1682 382 lac
1701 321 1879 384 camelorum

185 441 327 484 mennam
353 421 455 480 labore
468 419 578 477 rictum
598 417 766 492 queritans,
796 413 1006 484 lasciviamque
1059 411 1147 480 potus
1161 413 1233 466 eret.

185 500 1007 584 camisreirenansiejuniis.Postmultossnnosincidit
1094 503 1121 558 5.
1152 507 1266 560 Poscere
1290 518 1350 560 oves
1373 503 1651 576 teramnensem
1676 505 1779 578 grandi
1795 523 1882 565 amne

184 605 258 664 mibi
278 601 463 661 desiderium
485 602 506 668 ¹,
536 605 570 656 ut
584 599 620 656 ad
642 598 766 672 petriam
791 609 951 669 pergerem.
973 591 1008 646 llt
1060 593 1437 666 transmissopervenimus
1452 594 1489 651 ed
1500 594 1669 652 interiorem
1680 595 1880 666 solitudinem,

185 697 257 753 dum
279 693 374 750 adbuc
395 692 569 749 viserem
596 692 701 756 mater,
722 684 879 759 jamenim
895 685 1006 756 patrem
1061 684 1112 740 ubi
1144 682 1295 741 dominam
1316 683 1482 757 liberosque
1497 701 1532 741 er
1551 701 1631 742 more
1646 685 1741 757 gentis
1760 686 1882 743 adorare

183 788 336 842 mortuum
357 781 527 848 audierem3
552 777 663 836 solarer
683 777 855 834 viduitatem
882 772 958 842 ejus,
980 769 1010 824 el
1059 773 1147 846 jussi,
1164 775 1289 831 cervices
1304 775 1520 832 llectimus.ilic
1534 775 1619 849 quasi
1628 774 1748 834 clausus
1757 792 1881 844 carcere,

186 871 463 932 exindercnunduta
473 867 725 942 possessiuncula,
736 870 849 940 partem
857 873 1008 933 erogarem
1062 867 1175 920 mutato
1189 863 1303 931 babitu,
1319 864 1347 920 id
1357 869 1412 930 est,
1429 865 1526 922 nudus
1537 864 1689 934 ambulare
1700 864 1790 922 disco.
1808 865 1881 922 Nem

184 961 375 1038 pauperibus.
403 963 518 1033 partem
542 960 554 996 ⁸
578 956 756 1015 monasterio
780 951 1008 1016 constituerem
1063 951 1138 1009 aeris
1153 969 1270 1026 quoque
1284 953 1471 1026 intemperies
1485 955 1506 1022 ⁸,
1523 952 1595 1010 nihil
1615 953 1695 1011 aliud
1712 957 1816 1025 prater
1829 970 1883 1025 pu·

185 1051 256 1125 quid
272 1051 411 1108 erubesco
426 1047 558 1105 confiteri
577 1044 781 1104 infidelitatem
802 1039 923 1098 meam?
938 1054 1009 1112 par·
1062 1042 1158 1100 denda
1171 1041 1260 1099 velari
1275 1041 1452 1114 petiebatur.
1469 1044 1639 1100 Traduntur
1649 1043 1721 1100 mibi
1730 1042 1883 1116 pascendo

182 1146 244 1198 tem
274 1140 305 1196 in
324 1142 500 1212 sumptuum
526 1152 659 1193 meorum
683 1133 791 1191 solatia
819 1143 1007 1187 reservarem.
1063 1145 1140 1198 oves,
1157 1130 1229 1186 etin
1246 1130 1390 1186 malorum
1407 1131 1624 1204 comparatione
1639 1131 1694 1188 boc
1710 1130 1885 1188 fruorsolo·

184 1229 319 1288 tilamare
334 1227 421 1300 caepit
438 1227 529 1282 abbas
543 1241 638 1293 meus,
660 1222 769 1280 diaboli
783 1237 849 1278 esec
871 1216 1010 1276 tentatio-
1062 1217 1113 1286 tio,
1131 1219 1207 1292 qnod
1220 1218 1354 1276 dominos
1369 1235 1461 1286 meos,
1477 1224 1505 1276 et
1521 1236 1675 1277 conservos
1685 1221 1780 1278 rarius
1791 1220 1883 1276 video.

185 1333 265 1385 nem,
282 1321 311 1374 et
325 1317 381 1374 sub
400 1316 530 1372 honeste
544 1315 585 1371 rei
606 1312 768 1376 occasione,
785 1310 875 1366 latere
896 1305 1007 1379 antiqui
1062 1307 1189 1364 Videbar
1203 1307 1276 1364 mibi
1291 1307 1401 1382 aliquid
1417 1309 1523 1365 babere
1538 1309 1628 1368 sancti
1639 1310 1740 1376 iacob,
1754 1311 1886 1367 recorda·

183 1405 427 1464 bostisinsidias.
443 1407 504 1460 Hoc
518 1419 594 1468 esse,
609 1401 712 1458 reverti
732 1416 834 1456 cenem
856 1397 890 1453 ad
915 1396 1010 1453 vomi·
1064 1398 1117 1453 bar
1139 1395 1242 1470 Moysi,
1265 1396 1314 1469 qui
1340 1397 1439 1469 stipsi
1464 1398 1494 1452 in
1508 1414 1606 1454 eremo
1630 1399 1779 1471 quondam
1806 1401 1886 1457 inere

183 1501 248 1553 tum
274 1511 374 1552 suum.
395 1493 447 1552 Sic
460 1492 571 1550 multos
593 1489 804 1548 monachorum
828 1503 893 1545 esse
908 1487 1010 1558 decep·
1063 1491 1205 1560 pastores.
1222 1487 1366 1544 vescebar
1385 1487 1494 1544 recenti
1508 1503 1592 1544 casco
1607 1492 1636 1544 et
1652 1487 1725 1546 lecte
1742 1507 1749 1546 :
1765 1491 1884 1547 orabam

181 1590 242 1654 tos,
260 1600 414 1657 nunqnam
430 1580 580 1639 diabolum
596 1583 696 1654 aperta
716 1580 811 1636 iroote
831 1595 863 1635 se
876 1577 1009 1649 prodere.
1059 1577 1180 1648 jugiter,
1197 1577 1338 1633 canebam
1352 1576 1494 1648 psalmos,
1509 1593 1584 1650 quos
1599 1579 1628 1635 in
1649 1579 1825 1636 monasterio
1840 1579 1886 1635 di·

182 1673 371 1747 Proponebat
383 1671 456 1729 mihi
471 1670 604 1744 exempla
616 1671 653 1725 de
676 1667 835 1740 Scripturis
858 1665 987 1739 plurime
1001 1681 1008 1720 :
1024 1693 1049 1760 B
1064 1665 1202 1722 dicerem.
1217 1666 1598 1740 Delectabatmeceptivitas
1609 1683 1674 1724 mea
1687 1685 1694 1736 ;
1706 1668 1888 1742 agebamque

181 1762 266 1818 iuter
293 1777 357 1834 que
380 1759 464 1827 illud,
493 1759 571 1832 quod
598 1757 682 1813 initio
710 1757 803 1814 Adam
838 1769 954 1828 quoque
982 1754 1012 1807 et
1065 1753 1239 1826 lleiJ'udicio
1254 1754 1374 1828 gratias,
1391 1756 1468 1827 quod
1486 1756 1674 1824 monachum,
1691 1773 1778 1831 quem
1793 1757 1822 1814 in
1837 1775 1887 1831 pa-

182 1851 277 1907 Evam
285 1865 339 1924 sps
347 1848 510 1905 divinitatis
521 1845 762 1921 supplantaverit.
773 1845 881 1900 lltcum
892 1857 1011 1916 persua·
1064 1843 1122 1900 tria
1137 1843 1248 1899 lucram
1262 1844 1441 1917 perditurus,
1458 1844 1488 1900 in
1505 1861 1603 1903 eremo
1619 1844 1797 1904 inveneram.

182 1939 330 1997 derecon
353 1941 462 2012 posset,
487 1936 657 2011 provolutus
679 1934 803 2009 genibus
818 1931 1009 1998 obsecrabat;
1100 1931 1310 1990 boemerum
1330 1937 1361 1990 tn
1375 1951 1489 1992 oaorem
1509 1937 1615 2009 copitar
1633 1939 1767 2010 occipere.
1795 1940 1889 1995 Virtus

183 2045 227 2086 ne
248 2045 281 2084 ae
298 2027 526 2095 desereremus
544 2043 592 2082 me
606 2025 768 2098 perderem,
791 2039 855 2090 nec,
880 2025 1011 2078 aratrum
1064 2023 1180 2093 semine
1193 2025 1317 2096 captate.
1337 2023 1360 2080 Ο
1380 2023 1452 2080 nibil
1468 2040 1599 2098 unquam
1622 2028 1717 2083 tutum
1733 2028 1810 2100 apud
1827 2026 1889 2085 dia.

182 2120 386 2191 tensns,posi
399 2120 514 2190 tergum
529 2114 717 2188 respicerem.
734 2112 782 2168 Vae
797 2112 906 2168 misem
925 2109 1011 2176 mihi,
1066 2110 1180 2168 boluml
1198 2129 1214 2168 o
1234 2110 1411 2184 multiplices
1426 2116 1456 2169 et
1478 2113 1641 2171 inellabilcs
1666 2115 1729 2186 ejus
1755 2115 1887 2174 insidiae!

182 2205 243 2263 vici
257 2206 433 2262 monitorem
448 2203 574 2278 pessime
591 2202 840 2274 victorie‚putans
854 2199 938 2256 illum
954 2214 1012 2254 non
1067 2199 1114 2256 Sic
1129 2217 1246 2273 quoque
1260 2199 1400 2257 latentem
1416 2218 1462 2258 me
1477 2201 1588 2260 invenit
1602 2203 1721 2261 invidia.
1746 2203 1889 2262 Dominus

185 2311 286 2354 meum
309 2292 435 2351 salntem
460 2295 535 2367 [llic.
558 2291 738 2363 utilitatemi,
760 2291 810 2346 sed
832 2305 921 2346 suum
936 2287 1011 2344 sola·
1066 2289 1172 2345 videns
1186 2304 1304 2362 gregem
1320 2306 1408 2346 suum
1424 2307 1565 2357 crescere,
1581 2291 1713 2364 nihilque
1727 2293 1758 2349 in
1779 2309 1825 2350 me
1839 2293 1890 2350 de·

184 2384 264 2441 tium
282 2399 421 2456 querere.
436 2383 613 2439 Prosecutus
628 2397 697 2454 ergo
710 2396 758 2436 mc
772 2379 809 2436 de
823 2375 1012 2443 monasterio,
1068 2377 1610 2450 prehendenssraudulentie(sciebam
1625 2379 1702 2436 enim
1717 2381 1889 2454 Apostolum

188 2473 276 2547 quasi
296 2472 387 2529 funus
402 2471 526 2537 efferret,
541 2475 571 2528 et
586 2471 621 2527 cd
637 2473 800 2526 extremum
822 2465 988 2524 valedicens
1005 2480 1012 2518 :
1069 2465 1240 2537 precepisse
1256 2466 1364 2538 (aptes.
1380 2483 1419 2536 vr,
1436 2467 1515 2540 etc),
1526 2467 1654 2524 dominis
1669 2467 1711 2526 sic
1730 2469 1815 2541 quasi
1831 2470 1890 2527 Deo

186 2562 291 2630 Video,
308 2561 359 2630 ait,
374 2564 404 2617 te
418 2559 471 2616 tilii
489 2559 604 2617 Satane
627 2557 757 2615 cauterio
782 2558 914 2612 notatum
932 2572 938 2610 :
955 2569 1013 2610 non
1068 2553 1192 2611 fideliter
1215 2555 1423 2625 serviendum),
1448 2560 1477 2612 el
1499 2554 1600 2614 volens
1621 2573 1668 2614 me
1691 2572 1889 2626 remunerare,

189 2665 289 2725 quero
303 2665 410 2706 musas
428 2648 630 2705 excusationes
653 2663 711 2702 uon
732 2645 848 2718 recipio.
869 2644 1014 2716 ovisque
1068 2659 1127 2716 quo
1142 2643 1234 2700 fidum
1250 2643 1305 2700 sibi
1321 2646 1416 2718 magis
1436 2645 1553 2716 iaceret,
1577 2645 1700 2704 tradidit
1720 2647 1793 2704 mihi
1808 2647 1889 2706 illem

187 2740 225 2796 de
250 2739 355 2796 ovibus
377 2735 538 2810 egreditur,
566 2735 628 2809 lupi
652 2735 751 2792 statim
782 2733 932 2794 morsibus
959 2731 1012 2803 [Al.
1068 2748 1238 2789 conservam
1253 2734 1531 2808 meam,aliquando
1546 2736 1820 2808 captivamlltcum
1837 2755 1890 2812 ego

187 2827 336 2899 huolbut]
351 2829 442 2900 putei·
1068 2822 1237 2891 refutarem,
1254 2823 1438 2896 diceremque
1454 2824 1721 2895 meChristianum,
1738 2843 1791 2882 nec
1804 2826 1892 2884 licere

225 2918 253 2972 t.
271 2915 399 2988 captiosas
413 2914 565 2972 addemme.
582 2914 672 2971 -De
684 2913 775 2970 Beroe
789 2912 862 2970 Edes
902 2929 1015 2986 mper-
1069 2911 1141 2966 mihi
1166 2927 1285 2968 uxorem
1309 2913 1432 2970 viventis
1452 2913 1550 2969 mariti
1577 2915 1708 2987 accipere
1733 2915 1891 2988 (siquidem

189 3004 340 3079 gentibus,
354 3003 452 3060 vicina
472 3007 518 3061 est
533 3001 651 3076 publico
674 3002 772 3059 itineri
799 3003 936 3069 solitudo,
963 3019 1014 3076 per
1070 3003 1173 3072 captus
1188 3001 1342 3058 nobiscum
1356 3002 1401 3057 vir
1419 3003 1493 3073 cJus,
1516 3003 1561 3085 ab¹
1578 3001 1634 3060 alio
1655 3003 1774 3060 domino
1797 3005 1892 3062 iuerat

189 3111 282 3168 qnam
308 3091 447 3150 Saraceni
472 3092 591 3148 incertis
617 3091 737 3148 sedibus
761 3090 922 3164 hucatque
944 3062 1050 3148 illucC
1070 3089 1236 3158 abductus),
1263 3089 1380 3147 herus·
1408 3090 1456 3146 ille
1484 3089 1680 3163 implacabilis
1708 3091 1739 3148 in
1762 3093 1891 3150 furorem

189 3198 307 3257 semper
320 3185 474 3256 vagantur.
486 3182 553 3247 Qua
568 3181 698 3252 suspicio
709 3181 903 3252 frequentiam
914 3181 943 3236 in
956 3181 1015 3237 illis
1070 3193 1182 3248 versus,
1196 3179 1348 3250 evaginato
1364 3195 1410 3235 me
1425 3179 1511 3251 coepii
1535 3183 1632 3252 petere
1655 3181 1761 3253 gladio.
1779 3182 1814 3238 iit
1836 3180 1892 3238 nisi

188 3269 261 3328 locis
275 3271 422 3327 sistorum
437 3273 606 3344 congreget,
622 3273 654 3326 ut
668 3269 828 3326 imminens
851 3269 1015 3344 periculum
1071 3267 1224 3324 confestim
1253 3267 1373 3325 brachia
1397 3269 1532 3337 tendens,
1563 3268 1717 3327 mulierem
1746 3287 1892 3344 preoccu-

190 3359 300 3417 suxilio
312 3363 418 3416 mutuo
433 3357 605 3416 declinetur.
625 3359 715 3414 Erant
735 3358 766 3414 iu
785 3359 926 3416 comitatu
951 3375 1016 3415 meo

188 3449 258 3514 riri,
268 3447 393 3516 lemine,
408 3463 505 3514 senes,
518 3447 652 3519 juvenes,
667 3445 792 3521 parvuli,
813 3463 936 3504 numero
959 3447 1015 3502 cir-

193 3538 269 3594 citer
283 3535 476 3610 septuaginta.
492 3536 528 3592 lit
542 3551 609 3592 ecce
624 3535 721 3593 subito
737 3551 879 3608 equorum
893 3536 905 3571 ⁸
919 3551 1016 3592 came·

192 3624 351 3696 lorumque
370 3639 497 3682 sessores
513 3622 668 3680 lamaelite
687 3623 815 3692 irruunt,
832 3624 947 3681 crinitis
960 3623 1015 3679 vit-

190 3711 322 3786 tatisque
333 3713 489 3786 capitibus,
507 3729 540 3769 ac
557 3713 712 3770 seminudo
735 3729 865 3785 corpore,
884 3712 974 3786 pallia
989 3715 1018 3770 et

189 3801 268 3859 latas
289 3801 400 3877 caligas
431 3802 583 3859 trahentes
610 3818 617 3856 :
640 3801 808 3874 pendebant
830 3818 865 3858 cx
893 3801 1015 3858 humero

189 3891 354 3964 pharetre;
379 3890 461 3948 laxos
484 3903 570 3948 ersus
594 3891 755 3957 vibrantes,
781 3890 899 3947 hastilia
929 3890 1016 3965 longa

188 3979 368 4053 portabant;
382 3996 441 4036 uon
456 3979 548 4036 entim
564 3979 600 4036 ad
615 3979 874 4052 pugnandum,sed
890 3981 925 4035 ad
941 3995 1014 4052 pre-

162 4063 164 4066 ’
186 4067 259 4124 dam
277 4071 428 4124 venerant.
450 4067 606 4140 liepimur,
619 4067 829 4140 dispergimur,
852 4068 883 4124 in
903 4067 1016 4125 diversa

186 4156 346 4214 trahimur.
362 4156 421 4230 ligo
436 4156 550 4212 interim
566 4155 654 4232 longo
667 4155 848 4230 postliminio
863 4155 1015 4214 heredite-

185 4244 252 4301 rins
280 4261 448 4318 possessor,
467 4249 496 4302 et
521 4261 586 4302 sero
620 4243 693 4301 mihi
722 4245 836 4302 consilii
859 4246 1014 4318 poenitens,

188 4348 257 4389 cnm
284 4333 377 4390 altera
405 4331 578 4390 muliercula
596 4333 626 4389 in
650 4333 739 4390 unius
765 4333 828 4390 beri
842 4335 1012 4392 servitutem

1071 3373 1187 3430 passem
1202 3359 1223 3428 l,
1239 3355 1316 3412 illico
1343 3356 1467 3415 ledisset
1491 3359 1676 3432 sanguinem.
1707 3358 1774 3417 Jam
1800 3359 1892 3433 igitur

1072 3450 1188 3503 venerat
1202 3447 1382 3503 tenebmsior
1397 3447 1493 3516 solito,
1504 3452 1533 3504 et
1548 3447 1621 3503 mihi
1636 3447 1761 3506 nimium
1777 3453 1894 3506 mature

1071 3534 1223 3591 nox.lluco
1241 3535 1271 3590 in
1287 3535 1462 3608 speluncam
1479 3537 1662 3605 semirutam,
1679 3553 1783 3594 novam
1794 3539 1893 3610 conju·

1071 3639 1137 3696 gem
1154 3639 1161 3678 ε
1178 3627 1206 3680 et
1220 3625 1405 3698 pronubante
1429 3623 1515 3681 nobis
1530 3625 1679 3694 mestitia,
1704 3630 1828 3699 uterque
1843 3627 1893 3682 de·

1071 3716 1216 3770 testemur
1228 3711 1353 3770 alterum
1368 3714 1390 3780 ⁸,
1406 3730 1458 3770 nec
1473 3713 1607 3770 latemur.
1629 3715 1711 3770 Tunc
1732 3731 1799 3771 vere
1812 3713 1892 3772 sensi

1070 3801 1268 3875 captivitatem
1293 3819 1414 3872 ¹meam;
1439 3807 1661 3874 prostratusque
1688 3802 1771 3859 humi
1791 3819 1892 3860 mona-

1070 3889 1237 3962 cbumccepi
1249 3889 1397 3964 plangere,
1406 3907 1493 3963 quem
1505 3890 1662 3964 perdebam
1673 3891 1891 3949 dicenszllucci·

1070 3995 1106 4035 nc
1122 3978 1212 4036 miser
1226 3982 1358 4035 servatus
1368 3979 1490 4036 sumlad
1507 3979 1615 4037 hocine
1631 3996 1696 4036 mea
1706 3979 1817 4037 scelere
1827 3996 1891 4053 per-

1070 4069 1224 4135 duxerunt,
1246 4071 1279 4122 ut
1297 4067 1499 4124 incanescente
1519 4069 1582 4139 jam
1607 4070 1713 4142 capite,
1740 4068 1791 4127 45
1812 4069 1891 4144 virgo

1070 4157 1194 4215 maritus
1223 4156 1342 4214 ueremi
1357 4156 1432 4223 Quid
1453 4158 1571 4230 prodest
1587 4161 1733 4231 parentes,
1754 4158 1890 4230 patriam,

1069 4263 1130 4304 rem
1140 4246 1321 4308 iamiliarem
1346 4245 1560 4315 contempsisse
1574 4261 1626 4319 pro
1647 4244 1781 4315 Domino,
1797 4245 1823 4302 si
1837 4245 1891 4304 boo

1069 4336 1153 4404 iacio,
1174 4335 1252 4409 quod
1269 4351 1305 4392 ue
1318 4333 1455 4400 iacerem,
1469 4332 1521 4390 illa
1535 4325 1698 4407 contempsi
1715 4351 1721 4391 :
1738 4333 1796 4390 nisi
1811 4335 1889 4406 quod

183 4419 309 4479 sortitus
326 4421 590 4490 venioxllucimur,
612 4422 673 4478 imo
693 4427 847 4494 portamur
869 4423 1012 4481 sublimes
1028 4431 1051 4496 Ι)
1067 4426 1141 4482 iorte
1155 4429 1307 4498 propterea
1322 4423 1383 4480 bec
1393 4422 1535 4492 sustineo,
1551 4423 1621 4496 quia
1634 4422 1759 4495 patriam
1775 4422 1890 4480 deside·

182 4510 216 4566 in
234 4510 384 4582 cumeum
410 4514 506 4584 siper
524 4513 636 4568 vestem
659 4515 711 4568 u
736 4526 867 4568 eremum
895 4529 1012 4587 semper
1065 4512 1135 4569 ravi.
1152 4512 1226 4575 Quid
1242 4511 1369 4586 egimus,
1381 4511 1503 4569 animai
1516 4510 1656 4584 perimus,
1669 4529 1705 4568 eu
1721 4510 1890 4570 vincimus?

182 4597 304 4657 mam
327 4599 476 4670 timentes,
501 4600 666 4674 pendemus
679 4601 691 4635 ⁴
705 4601 802 4674 potine
823 4617 912 4674 quam
933 4601 1012 4660 sede·
1064 4602 1407 4674 llsspcotamusmenum
1423 4600 1548 4669 Domini,
1565 4617 1602 4658 en
1619 4601 1735 4675 pmprio
1750 4617 1890 4660 mucrone

224 4864 311 4921 ¹Pari
335 4879 481 4922 consensu
509 4881 582 4923 mss.
608 4881 720 4938 omnes,
747 4866 846 4924 incidit
872 4869 944 4926 milti
965 4885 1010 4927 co·
1062 4876 1164 4944 praeter
1175 4867 1339 4940 pudebitiom
1354 4867 1428 4924 citit
1441 4869 1530 4936 atiud,
1545 4873 1599 4925 etc.
1616 4871 1699 4923 Unus
1723 4870 1876 4938 temperies,

211 4939 218 4950 '
258 4938 295 5004 io,
324 4939 363 5005 ut,
388 4939 443 4992 eto.
473 4937 766 5010 quemadmodumet
795 4941 1011 5012 suprainVita
1100 4941 1112 4976 ⁸
1137 4939 1180 4996 lta
1205 4956 1277 4996 mss.
1303 4955 1478 4997 consensum
1503 4957 1535 4996 ac
1559 4940 1647 4995 iidem
1674 4935 1886 4996 emendamus3

211 5046 218 5061 .
239 5005 320 5064 Pauli
334 5009 398 5086 ¹¹1⁷
418 5008 653 5067 herbescentem
666 5011 725 5082 eius
748 5012 877 5079 cecitate
900 5013 1010 5084 tradit,
1063 5012 1219 5082 hucusque
1242 5010 1321 5067 enim
1346 5010 1428 5078 editi,
1450 5010 1585 5068 adverbio
1609 5025 1705 5068 rursus
1719 5012 1885 5084 praeposito

174 5081 297 5147 missio.

1087 5083 1143 5142 uod
1167 5081 1289 5138 minime
1316 5083 1353 5138 ad
1377 5097 1440 5138 rem
1456 5081 1535 5152 iacit,
1557 5080 1660 5154 legunt
1676 5097 1798 5155 quoque
1810 5085 1886 5155 semes

209 5150 234 5194 Ι·
247 5150 483 5220 Idomenea-,25³2
592 5151 791 5212 mometerium
813 5156 1009 5213 omeircerem.
1066 5157 1118 5212 alte
1132 5163 1158 5211 et
1169 5153 1354 5226 inplacabilis.

221 5220 234 5255 ⁸
248 5221 327 5280 Unus
340 5221 435 5278 Vatic.
447 5223 483 5279 ed
506 5223 539 5287 it,
550 5223 738 5280 barbarorum
751 5239 862 5289 mous,
878 5228 907 5282 et
921 5227 1010 5298 paulo

1046 5275 1051 5282 .
1100 5226 1257 5289 lQuatuor
1284 5239 1369 5290 mss,
1392 5224 1492 5279 Eruet
1527 5224 1630 5280 uticus
1660 5223 1770 5282 tractio
1795 5229 1887 5282 tenere

180 5293 589 5352 trasumeattmhetem.
654 5293 776 5365 dolique,
801 5294 878 5352 elius
892 5299 1010 5356 coticu-
1065 5298 1209 5354 mulierem
1219 5309 1475 5370 praeoccupo-seem:
1522 5293 1803 5368 ‘namuracensi
1822 5313 1884 5353 mo·

184 5363 412 5421 lcs.Vid.inisa
484 5365 572 5423 ulam)
603 5365 787 5424 .Rschomii.

209 5433 455 5505 ‘Mamaea
560 5455 594 5508 aa
610 5439 716 5512 patus,
728 5441 785 5496 etc.

249 5507 319 5566 'llas
339 5523 414 5566 mss.
440 5509 512 5568 llam
538 5511 612 5569 ceris
640 5511 693 5568 loct
720 5509 799 5567 illim
831 5511 1006 5586 intemperies

1064 5370 1161 5427 iterem
1175 5375 1305 5435 teroem,
1322 5367 1432 5424 bractio
1447 5381 1618 5440 occuparem,
1634 5371 1688 5424 etc.

1099 5441 1109 5476 ⁸
1125 5440 1189 5497 lluo
1203 5455 1277 5496 mss.
1293 5439 1472 5508 Alandrum,
1487 5455 1538 5496 nec
1551 5441 1682 5512 summm.
