4066 6162
191 309 254 411 'reo
808 342 840 406 s.
863 339 1276 409 nusnmrnrneonrm.
1830 333 1898 402 roo

189 479 302 538 exarari
315 493 350 538 ea
362 475 426 537 vult
440 475 470 535 in
480 473 594 550 plumbi
604 473 724 547 lamine,
737 481 765 534 et
779 476 874 550 sculpi
888 476 919 533 in
949 476 1010 534 eili-
1027 482 1054 548 Α
1069 478 1198 551 nuptias,
1215 476 1266 549 qui
1280 475 1369 533 etiam
1381 477 1449 531 ante
1464 476 1589 531 mortem
1603 469 1634 529 in
1659 485 1730 530 sexu
1744 484 1798 530 suo
1825 471 1892 528 sine

191 582 232 628 ce.
242 569 359 642 Speret·
371 565 625 634 resurrectionem,
642 566 702 622 imo
729 565 810 622 novit
838 570 867 622 et
893 565 966 620 vidit
991 575 1012 633 ¹,
1068 583 1155 623 sexus
1170 581 1257 638 opere
1271 565 1415 620 viserunt.
1427 562 1687 628 Quandodicitur:
1702 581 1715 610 n
1727 561 1760 616 ln
1770 559 1822 616 ille
1845 559 1894 616 die

191 658 269 732 quod
283 655 354 716 vivit
367 655 502 712 Christus
517 654 685 728 redemptor
700 655 776 727 ejus,
788 659 817 711 et
830 654 861 710 in
886 653 1014 710 novissi·
1068 672 1162 728 nequo
1177 655 1297 722 nubent,
1314 669 1409 726 neque
1424 653 1573 708 nubentur
1588 649 1706 725 (Most.
1726 666 1796 719 xxu,
1811 647 1890 720 3⁰).r

191 759 241 804 mo
256 743 348 801 diade
361 747 668 800 terraresurreoturus
683 743 864 800 sit.Necdum
880 745 1016 799 mortuus
1068 744 1104 800 dc
1119 744 1166 800 bis
1180 743 1297 809 dicitur,
1313 741 1362 816 qui
1376 745 1501 814 possunt
1515 739 1636 805 nubere,
1651 743 1681 796 et
1704 741 1805 795 mursa
1834 751 1894 793 non

192 838 255 891 erat
277 833 475 904 nuntiasset
501 831 611 889 athleta
639 831 775 890 Ecclesia
799 831 1014 904 redemptorem
1068 833 1189 890 nubent.
1206 833 1296 888 Nemo
1312 831 1390 887 enim
1405 830 1477 886 dicit
1491 830 1527 886 de
1551 827 1719 902 angelisz«
1747 827 1810 884 Non
1836 842 1894 883 nu·

192 920 577 980 anumvidebatabinferts
602 924 813 994 resurgentem.
842 919 918 976 lllud
947 935 1014 976 vero
1068 922 1148 991 beot,
1164 921 1430 994 nequenubsntur.
1448 941 1463 970 »
1479 919 1538 993 ligo
1554 915 1893 990 nunquamaudivispi-

193 1011 273 1084 quod
286 1009 374 1066 insert
390 1027 397 1066 ι
417 1033 427 1061 e
446 1011 481 1066 Ut
496 1025 616 1065 rursum
632 1007 837 1065 circumdabor
851 1007 927 1081 pelle
938 1023 1014 1074 mea,
1069 1010 1221 1067 ritualium
1237 1009 1384 1065 Virtutum
1399 1009 1430 1064 in
1445 1007 1517 1064 coelo
1538 1007 1659 1080 nuptias
1674 1003 1831 1062 celebrari:
1841 1005 1901 1062 setl'

193 1095 449 1156 etincarnemea
469 1097 690 1168 videboDeum,
707 1119 721 1148 ο
748 1101 818 1170 puto
847 1097 925 1170 quod
956 1113 1015 1153 non
1069 1100 1119 1156 ubi
1136 1095 1577 1168 sexusest‚'ibiviretsemina.
1599 1093 1894 1151 Undeettuinvitus

193 1185 332 1261 loquatur
355 1185 440 1259 quasi
468 1190 582 1242 ametor
606 1186 751 1255 carnium,
779 1202 854 1259 quas
883 1184 1015 1259 putridas
1069 1187 1148 1256 licet,
1176 1191 1297 1259 cogente
1322 1185 1455 1253 veritate,
1470 1185 1624 1242 confessus
1653 1198 1696 1251 es,
1713 1185 1742 1239 et
1770 1181 1893 1240 disistit

177 1277 376 1348 latentesque
391 1273 551 1344 cernebat;
583 1274 634 1332 sed
650 1291 685 1331 ex
700 1275 808 1330 fiducia
832 1271 1015 1347 resurgendi,
1071 1300 1084 1326 o
1100 1279 1157 1332 Aut
1172 1275 1357 1331 coronandus
1373 1275 1402 1330 in
1431 1287 1563 1345 corpore,
1579 1273 1659 1344 quod
1682 1274 1762 1328 caste
1785 1269 1846 1344 egit
1865 1273 1897 1328 et

194 1363 532 1438 contemnitpresentia,
548 1363 653 1421 solatio
678 1363 856 1421 futurorum.
887 1363 1014 1419 Rursum
1067 1367 1158 1438 juste,
1174 1362 1482 1421 autcoudemnendus
1507 1362 1683 1434 incorpore,
1712 1359 1792 1432 quod
1810 1358 1897 1417 volu·

194 1455 258 1514 eit:
278 1476 289 1506 ι
306 1453 517 1511 Circumdabor
530 1451 605 1526 pelle
625 1469 701 1509 mea.
719 1475 733 1502 n
749 1453 803 1509 Ubi
833 1452 881 1509 hic
910 1467 1016 1524 corpus
1070 1453 1206 1527 ptatibus
1220 1453 1428 1525 iniquitatique
1441 1447 1677 1508 servivit.»'lollc
1688 1452 1898 1523 corpusetpo⁴

194 1541 447 1600 aethereumtubi
460 1557 590 1610 aereum,
605 1546 634 1597 et
649 1541 766 1614 spiritui
786 1545 815 1597 et
830 1558 908 1598 aure
937 1539 1016 1596 simi·
1070 1558 1107 1598 nc
1131 1545 1303 1608 earnem,et
1328 1541 1423 1597 virum
1448 1555 1481 1595 ac
1511 1539 1650 1596 laminam
1679 1551 1739 1594 non
1759 1538 1895 1611 'negsetb

193 1631 221 1690 le
234 1629 340 1687 lCerte
356 1629 406 1684 nbi
422 1628 507 1702 pellis
523 1633 551 1686 at
566 1646 644 1696 cero,
661 1630 711 1686 ubi
725 1645 794 1686 osea
807 1635 836 1686 et
861 1629 940 1686 nervi
955 1630 977 1695 ¹,
988 1632 1018 1685 et
1070 1631 1141 1696 Quis
1154 1630 1232 1687 enirn
1248 1629 1318 1687 vivit
1332 1646 1400 1686 cnm
1416 1627 1509 1699 gloria
1523 1627 1673 1700 pudicitie
1689 1625 1739 1699 qui
1755 1641 1823 1684 non
1837 1625 1897 1684 he·

193 1717 361 1790 sanguiset
379 1718 520 1785 vanae,ibi
543 1719 641 1775 carnis
670 1721 829 1786 structura,
861 1717 900 1774 ibi
930 1733 1017 1774 sexus
1072 1721 1137 1776 bati
1152 1735 1265 1783 sexuum,
1282 1733 1436 1791 perquem
1451 1716 1596 1774 committi
1611 1715 1706 1788 potuit
1732 1713 1896 1789 impudici-

194 1806 368 1880 proprietes.
396 1828 407 1857 r
434 1808 468 1862 lit
495 1805 526 1862 in
555 1823 652 1874 carne,
682 1808 789 1880 inquit,
818 1823 884 1864 mea
912 1806 1315 1919 videboBtiatouisenim
1331 1822 1463 1878 uuquam
1478 1804 1608 1879 lapidem
1637 1803 1797 1871 coronarit,
1826 1803 1898 1876 quia

195 1896 299 1952 Deum.
312 1917 327 1946 n
339 1895 460 1960 Quando
474 1895 573 1966 omnis
588 1911 655 1952 caro
669 1895 780 1954 videbit
802 1895 931 1953 salutare
955 1894 1015 1964 Dei,
1070 1898 1151 1970 virgo
1166 1895 1387 1968 permanserit?
1414 1895 1595 1968 Angelorum
1616 1893 1701 1951 nobis
1731 1891 1897 1950 similitudo

195 1989 225 2040 et
237 1983 340 2042 lesum
355 1985 457 2051 ileum,
473 1989 543 2040 tunc
558 1987 587 2041 et
600 2001 652 2058 ego
667 1985 771 2042 videbo
793 1985 1016 2058 Redemptorem
1071 1985 1261 2059 promittitur,
1276 1985 1306 2040 id
1322 1989 1367 2041 est
1381 1983 1533 2042 beatitudo
1548 1983 1599 2039 illa
1613 1982 1644 2039 in
1659 1999 1718 2055 qna
1728 1982 1896 2040 siueosrne

194 2076 225 2131 et
240 2073 430 2142 salvatorem,
446 2076 475 2128 et
493 2073 586 2130 Deum
602 2090 711 2130 meum.
738 2074 850 2130 videbo
875 2078 972 2130 autem
986 2073 1017 2128 in
1071 2079 1100 2131 et
1113 2091 1183 2131 sexu
1199 2079 1268 2130 sunt
1282 2072 1389 2146 angeli,
1405 2074 1491 2130 nobis
1506 2075 1535 2128 in
1551 2087 1639 2129 cerne
1654 2077 1683 2128 et
1693 2079 1774 2128 sexn'
1793 2073 1897 2128 nostro

195 2163 359 2231 totocorde,
375 2179 438 2235 qum
453 2177 502 2218 me
524 2164 738 2232 nunccruciat,
756 2179 821 2235 qua
850 2179 930 2218 nuuc
958 2178 1016 2234 pre
1072 2163 1239 2219 donabitur.
1258 2166 1321 2218 Mea
1335 2161 1485 2219 rusticitas
1500 2161 1543 2218 sic
1554 2160 1659 2227 credit,
1675 2164 1704 2217 et
1727 2160 1771 2217 sic
1786 2157 1897 2218 intelli·

195 2251 296 2308 dolore
312 2247 444 2308 distillat.
456 2249 565 2308 idcirco
580 2251 674 2308 Deum
685 2251 716 2307 in
727 2267 813 2308 carne
825 2249 1016 2324 conspiciam,
1071 2251 1114 2325 git
1128 2267 1230 2308 sexum
1246 2251 1377 2308 conilteri
1393 2250 1457 2307 sine
1472 2265 1595 2308 sexuum
1610 2248 1749 2323 operibus
1765 2265 1772 2304 :
1798 2247 1896 2305 bomi-

194 2339 265 2413 quia
279 2355 382 2396 omnes
396 2339 559 2396 inllrmates
574 2355 655 2397 meas
667 2357 721 2396 sua
736 2341 947 2398 resurrectione
967 2357 1016 2396 sa·

195 2429 286 2486 navit.
301 2428 403 2485 Nonne
417 2427 470 2484 tibi
485 2429 601 2485 videtur
611 2430 674 2502 jam
690 2433 760 2486 tunc
774 2428 831 2487 tob
843 2433 945 2486 contra
955 2427 1016 2485 Ori·

196 2533 301 2592 genem
317 2517 453 2588 scribere,
468 2522 497 2575 et
510 2535 562 2591 pro
576 2519 674 2596 cernis
689 2521 820 2586 veritate,
836 2519 867 2575 in
883 2536 943 2592 qua
958 2523 1017 2575 tor-

196 2611 296 2666 menta
310 2606 462 2677 sustinuit,
479 2609 604 2663 alterum
619 2611 719 2664 contre
733 2607 885 2665 hereticos
909 2608 1018 2664 habere

196 2689 344 2752 certamen
358 2694 374 2748 ‘l
387 2695 470 2751 Dolet
483 2695 574 2764 enim,
590 2695 614 2752 si
629 2699 712 2752 tanta
726 2697 766 2752 sit
784 2696 894 2752 trustra
904 2713 1018 2769 perpes·

197 2799 260 2854 aus,
275 2787 304 2840 et
315 2783 373 2840 alla
391 2781 582 2856 spiritualiter
609 2789 791 2858 resurgente,
807 2785 864 2841 ista
892 2784 1016 2843 carnali·

197 2875 242 2929 ter
255 2872 383 2930 cruciata
398 2873 445 2930 sit.
463 2871 545 2929 Unde
559 2871 688 2929 inculcet
702 2875 731 2929 et
744 2877 908 2946 exaggerat,
919 2878 947 2929 et
957 2889 1018 2929 om·

196 2961 247 3018 nia
266 2960 383 3019 lubricas
412 2961 605 3018 consessionis
634 2978 741 3019 arcana
768 2962 924 3018 manifesta
949 2976 1018 3018 voce

197 3049 357 3118 concludit,
369 3050 491 3108 dicens:
510 3073 524 3104 o
540 3053 631 3117 Quem
645 3050 763 3108 visurus
778 3067 845 3107 sum
874 3066 927 3123 ego
943 3050 1016 3123 ipse,

1073 2355 1299 2413 nesresurgerc,
1317 2344 1346 2396 et
1360 2340 1402 2395 sic
1425 2356 1474 2396 eos
1503 2337 1615 2411 angelis
1645 2335 1802 2410 adequari.
1832 2339 1897 2393 Nec

1072 2427 1696 2501 statimsnperlluavidebiturmembrorum
1707 2426 1894 2493 resurrectio,

1072 2535 1136 2591 qua
1153 2518 1280 2579 caritura
1294 2517 1353 2574 sint
1369 2517 1465 2574 ollicio
1481 2533 1534 2573 suo
1550 2534 1557 2585 ;
1580 2532 1648 2571 cum
1663 2514 1760 2572 adbuc
1779 2513 1811 2570 in
1838 2513 1897 2572 hac

1072 2606 1131 2663 vita
1146 2606 1243 2681 positi,
1257 2607 1389 2664 nitamur
1406 2622 1495 2679 opera
1509 2622 1568 2662 non
1594 2603 1716 2678 implere
1745 2604 1896 2660 membro·

1072 2712 1148 2752 rum.
1161 2696 1329 2753 Similitudo
1344 2699 1442 2752 autem
1457 2696 1494 2751 ad
1509 2695 1641 2768 angelos,
1658 2709 1716 2750 nou
1737 2692 1898 2750 bominum

1072 2785 1101 2840 in
1117 2785 1238 2858 angelos
1251 2783 1424 2853 demutatio,
1439 2784 1490 2841 sed
1520 2783 1669 2855 profectus
1688 2781 1897 2840 immortalita-

1072 2873 1110 2930 tis
1128 2877 1156 2929 et
1170 2871 1269 2946 glorie
1284 2877 1339 2930 est.

1107 2963 1152 3018 32.
1163 2961 1254 3020 Unocb
1268 2969 1295 3020 et
1305 2963 1382 3020 Elios
1396 2964 1507 3020 iterum.
1517 2993 1552 3004 -
1562 2965 1745 3035 Argumenta
1758 2976 1828 3018 vero
1843 2959 1897 3018 ille

1053 3069 1241 3125 puerorum,
1257 3059 1285 3109 et
1307 3051 1476 3121 infantium,
1490 3057 1519 3108 et
1548 3067 1664 3119 senum,
1690 3055 1721 3108 et
1748 3049 1897 3118 ciborum,

197 3141 227 3197 et
240 3139 316 3195 oculi
332 3139 581 3212 maiconspeetnri
596 3143 676 3208 sunt,
689 3145 718 3196 et
732 3156 789 3196 non
807 3138 893 3196 elius.
915 3159 929 3191 o
950 3141 976 3195 ls
991 3139 1016 3195 si
1072 3143 1149 3198 ut)
1165 3141 1489 3214 etstcrcorum,quibus
1500 3141 1655 3198 adversum
1672 3139 1820 3198 Ecclesiae
1835 3143 1897 3197 ute·

198 3229 669 3286 nonsexusuo³resurrecturus
696 3228 789 3295 est,si
820 3245 877 3284 non
906 3228 1016 3286 eisdem
1033 3222 1054 3288 C
1074 3231 1199 3298 ris,non
1217 3231 1591 3304 sunttua:degentilium
1608 3230 1687 3287 tonte
1716 3231 1894 3288 manarunt.

198 3315 340 3372 membris
355 3332 418 3388 que
430 3317 550 3388 jacuere
564 3315 595 3372 in
610 3321 747 3384 stercore,
762 3317 786 3374 si
810 3333 868 3373 non
898 3317 1017 3375 eosdem
1072 3320 1180 3376 Eadem
1195 3319 1274 3376 enim
1289 3323 1441 3391 opponunt
1456 3319 1541 3376 nobis
1555 3319 1679 3375 ethnici.
1690 3318 1746 3388 Qui
1758 3317 1898 3374 Christis

196 3402 297 3461 oculos
312 3403 423 3477 aperiat
435 3405 472 3462 ad
486 3403 644 3461 videndum
659 3405 881 3478 Deum‚quibus
896 3406 1016 3462 tuncvi·
1071 3425 1142 3465 nnm
1159 3423 1222 3465 csse
1237 3412 1265 3464 te
1281 3407 1366 3476 dicis,
1381 3408 1534 3481 gentilium
1548 3407 1764 3480 armadepone.
1773 3407 1900 3464 Discessit

197 3493 284 3550 debet
297 3492 499 3562 vermiculost,
516 3494 565 3550 ubi
582 3493 637 3551 erit
651 3495 728 3552 439
742 3511 809 3569 ergo
824 3496 901 3552 tob?
925 3495 1017 3553 ‘Pollis
1072 3497 1115 3553 illi
1132 3497 1227 3570 magis
1249 3513 1266 3553 a
1294 3501 1322 3552 te
1351 3497 1595 3554 resurrectionem
1624 3496 1723 3553 carnis
1751 3495 1897 3564 confiteri,

196 3569 231 3640 ea
244 3581 276 3638 in
290 3580 399 3654 quibus
413 3581 546 3638 substitit
560 3582 625 3652 Job,
639 3587 668 3638 et
682 3582 855 3639 donasmihi
870 3583 1016 3639 inanevo·

194 3669 335 3728 eubulum
348 3671 547 3744 resurgentis:
565 3672 710 3744 quomodo
723 3671 747 3727 si
759 3671 928 3744 navimpost
942 3688 1012 3728 nau·

162 3761 168 3768 “
195 3753 325 3833 fragium
341 3759 508 3818 restitutam
522 3759 604 3826 velis,
620 3777 653 3816 ac
664 3775 753 3833 neges
768 3759 886 3834 singula
901 3761 937 3817 de
948 3760 1016 3834 qni-

195 3850 252 3907 bus
269 3850 351 3907 navis
365 3850 554 3906 construitur.

230 3938 275 3995 31.
293 3939 396 3996 Veritus
416 3940 623 3995 resumectioois
637 3939 668 3994 io
695 3955 747 4011 quo
774 3941 822 3996 ait.
852 3939 1014 3997 Similitudo

194 4029 357 4100 uncelenum
369 4027 447 4084 notia
459 4029 593 4100 promissa
608 4029 638 4084 in
652 4043 704 4100 quo
718 4030 764 4084 eit.
787 4060 821 4069 --
837 4029 896 4101 Ego
925 4028 1016 4086 libere

193 4117 303 4186 dicam,
315 4123 343 4174 et
357 4109 527 4190 quanquam
543 4117 704 4190 torqueatis
720 4133 780 4184 ora,
791 4117 916 4175 trahatis
927 4117 1016 4190 capil-

192 4206 266 4276 lum,
278 4207 463 4280 appleudatis
478 4207 550 4280 pede
561 4207 581 4274 ⁵,
596 4207 613 4263 J
617 4207 764 4263 udaeorum
781 4205 892 4279 lapides
916 4207 1014 4278 requi-

193 4295 277 4364 ratis,
292 4295 381 4352 tidem
395 4293 530 4352 Ecclesia
546 4294 731 4368 apertissime
756 4295 925 4351 consstebor.
958 4295 1014 4351 lte·

194 4384 385 4443 surrectionis
398 4384 505 4441 veritas
519 4383 582 4440 sine
597 4399 683 4439 cerne
694 4388 722 4438 et
736 4383 865 4450 ossibus,
874 4382 937 4438 sine
947 4399 1014 4439 san·

196 4473 284 4547 guina
298 4478 327 4530 et
341 4471 623 4544 membris,intelligi
634 4487 692 4526 non
703 4474 809 4543 potest.
837 4470 888 4528 Ubi
903 4486 972 4529 caro
986 4477 1015 4528 et

193 4577 272 4630 ossa,
283 4567 312 4616 et
322 4561 443 4633 sanguis
458 4562 628 4617 etmembra
642 4564 722 4627 sunt,
740 4558 778 4614 ibi
796 4575 914 4616 necesse
925 4564 970 4616 est
982 4566 1015 4618 ut

193 4665 281 4710 sexus
304 4649 458 4706 diversitas
479 4647 593 4704 sit.Ubi
609 4664 695 4704 sexus
719 4645 873 4704 diversitas
901 4653 956 4719 est,
973 4650 1014 4706 ibi

192 4736 470 4808 JoennesJoannes,
486 4736 579 4794 illaria
593 4737 694 4794 Maria.
710 4737 775 4794 Noli
789 4737 892 4794 timere
913 4753 1014 4796 eorum

230 4957 238 4991 ¹
255 4955 288 5012 ln
303 4955 402 5012 codice
416 4955 445 5011 S.
462 4953 573 5022 Crucis,
587 4953 667 5012 Novit
680 4957 706 5010 et
732 4953 802 5026 fidus
815 4959 864 5023 eet,
891 4959 920 5011 et
947 4971 1014 5012 mox

193 5025 473 5164 Βθέθίΐξιὲονίέὲοῇὁὶ
488 5099 547 5157 oreo
561 5101 588 5182 et
600 5099 681 5155 acroi
693 5116 703 5155 .·
724 5097 828 5154 deinde
843 5097 892 5152 oti
917 5099 1011 5179 corais

192 5171 341 5224 structura.
357 5168 538 5251 paulopost,
555 5169 657 5227 Vsdobit
668 5170 818 5226 solutorem
842 5168 900 5233 liei,
918 5167 946 5222 sd
974 5171 1013 5225 eat

190 5239 465 5366 '‘tttdtttttt
478 5327 546 5368 ...t
559 5328 617 5369 u...

226 5382 237 5415 ⁴
252 5380 332 5438 Idem
352 5379 423 5436 Tunc
439 5382 547 5438 uidebat
558 5384 729 5450 vermiculos,
742 5386 766 5437 et
781 5381 904 5438 rodebat.

226 5453 236 5488 ⁵
249 5451 330 5580 Serge
341 5449 409 5533 alibi
422 5451 631 5538 Hieronymus·
644 5453 789 5526 applodcre
802 5454 899 5539 pedem
928 5454 1010 5538 dixit,

190 5528 278 5610 atquc
314 5537 340 5579 rc
354 5522 473 5595 andem
489 5523 643 5598 applodotrs
658 5542 709 5598 pro
725 5525 903 5596 applaudens
919 5525 1009 5583 liben-

189 5597 607 5756 ⁰¹t⁸0¹3532051¹·0„„,„„
633 5667 708 5725 roim
731 5666 893 5740 luciterum
919 5669 1010 5744 plotio

1072 3601 1161 3658 quam
1177 3590 1207 3641 tu
1224 3585 1260 3642 ab
1275 3584 1335 3642 illis
1350 3601 1467 3658 negare.
1483 3589 1542 3641 Aut
1556 3585 1581 3640 si
1596 3589 1625 3642 et
1651 3589 1684 3641 tu
1699 3586 1736 3642 de
1761 3583 1897 3643 boetium

1071 3691 1194 3731 numero
1209 3675 1379 3749 es‚cstende
1393 3678 1421 3731 te
1437 3674 1527 3732 libere
1542 3674 1755 3744 adversarium,
1774 3679 1809 3731 ut
1833 3673 1897 3730 ὀἱοῦ

1070 3763 1203 3820 nieorum
1218 3763 1363 3835 suscipias
1390 3762 1620 3820 vulneratione
1649 3763 1703 3820 tibi
1728 3762 1894 3821 nutriculas

1070 3856 1146 3924 tuas,
1162 3869 1199 3908 no
1211 3852 1329 3926 vagiant
1340 3851 1469 3908 inientes
1485 3873 1493 3923 3
1509 3853 1585 3909 dono
1601 3852 1764 3926 decrepitos
1790 3869 1891 3921 senes,

1070 3958 1106 3998 ce
1122 3942 1244 3998 hiberno
1268 3941 1375 4014 frigore
1402 3941 1623 3998 contrabantur.
1654 3941 1774 3998 Frustrc
1799 3939 1894 3998 etiam

1068 4033 1202 4088 tonsores
1217 4030 1340 4086 artificia
1355 4030 1533 4099 didicerunt,
1549 4032 1676 4088 scientes
1697 4028 1895 4088 israeliticum

1068 4118 1210 4193 populum
1226 4119 1483 4192 perquadraginta
1507 4135 1611 4186 annos,
1626 4136 1680 4176 nec
1709 4117 1858 4192 unguium
1868 4122 1894 4192 ²,

1069 4225 1121 4265 neo
1134 4206 1307 4281 capillorum
1322 4207 1662 4266 incrementasensisse:
1688 4213 1718 4265 et
1740 4207 1816 4281 quod
1844 4207 1896 4265 his

1069 4298 1219 4370 majuscst
1231 4297 1474 4354 consuntattrita
1491 4295 1667 4354 vestimenta
1691 4311 1813 4366 eorum
1840 4309 1896 4355 nec

1067 4384 1779 4444 inveteraveruntcalceamentaeorum.Enochet
1802 4385 1896 4458 biliam

1068 4475 1103 4531 de
1114 4473 1221 4546 quibus
1232 4473 1346 4529 dudum
1356 4474 1497 4545 diximus,
1508 4479 1590 4533 tanto
1600 4481 1732 4549 tempore
1743 4476 1774 4532 in
1787 4475 1892 4534 eadem

1029 4565 1340 4653 Dpermanentastate,
1352 4579 1410 4634 qua
1426 4565 1500 4637 rapti
1524 4569 1604 4621 sunt.
1629 4565 1744 4622 Habent
1773 4563 1892 4634 dentes,

1069 4653 1211 4716 ventrem,
1223 4648 1373 4720 genitalia,
1389 4655 1418 4707 et
1432 4654 1531 4708 temen
1547 4651 1702 4722 basethis,
1719 4653 1897 4712 neo‘uxori-

1069 4740 1124 4796 bus
1139 4737 1272 4810 indigent
1283 4737 1304 4793 ⁸.
1329 4737 1581 4812 compotantium
1598 4741 1647 4797 ilai
1664 4740 1863 4806 calumniaris
1879 4743 1895 4800 t

1066 4953 1221 5027 pudicitiae,
1237 4955 1285 5025 qut
1297 4968 1353 5010 non
1367 4953 1473 5022 latuit,
1491 4957 1545 5012 etc.

1103 5025 1169 5081 'Ex
1185 5027 1369 5082 llebreornm
1387 5025 1523 5097 opinione
1537 5021 1651 5100 dixerit,
1668 5025 1777 5101 quibus
1801 5041 1899 5106 exag-

1067 5114 1168 5171 gerare
1182 5095 1314 5169 prodigia
1329 5095 1459 5153 solemne
1470 5102 1524 5154 est.
1542 5097 1660 5174 Ungues
1676 5103 1705 5156 et
1719 5114 1820 5156 mures
1839 5115 1901 5184 per

1068 5169 1260 5296 quadlpagirgta
1274 5182 1368 5223 annos
1384 5183 1442 5222 non
1459 5174 1677 5228 succrescentes
1706 5169 1818 5246 passim
1851 5171 1901 5231 rlll

1088 5259 1125 5296 rec
1147 5257 1235 5295 man.

1068 5258 1085 5314 p
1101 5313 1112 5347 ⁸
1127 5311 1195 5367 God.
1217 5310 1246 5365 S.
1259 5306 1360 5363 Crucis
1373 5325 1424 5366 nec
1438 5311 1572 5368 uxoribus
1580 5315 1706 5369 martur.
1721 5311 1787 5369 llos
1803 5317 1900 5376 vatus

1067 5383 1136 5438 edit.
1149 5398 1200 5454 pro
1215 5381 1312 5436 Graeco
1332 5380 1419 5435 verbo
1431 5378 1588 5458 ἐντεριωνη,
1618 5385 1748 5441 interiori
1774 5382 1872 5443 babet
1892 5405 1900 5459 ;

1067 5469 1123 5510 ms.
1136 5457 1243 5517 nostor,
1261 5451 1550 5522 quemadmodumct
1571 5456 1823 5528 suprasolarium
1857 5457 1902 5517 le

1066 5525 1108 5598 g't
1120 5524 1208 5579 terme
1223 5537 1291 5577 curn
1306 5521 1426 5578 Erasmo
1442 5529 1470 5580 et
1483 5524 1619 5584 Victoria.
1637 5526 1742 5587 Recole
1771 5525 1902 5596 Martia·

1067 5594 1121 5652 nei
1135 5610 1199 5670 que
1214 5593 1348 5672 sequitur
1363 5594 1591 5656 adnotationem.
