4078 6162
178 293 267 366 aar·
777 283 1009 386 ‚seusam
1028 283 1264 359 matonam.
1369 227 1375 236 ⁵
1819 283 1881 355 aaa

180 433 231 501 ris,
247 435 276 488 et
289 429 409 488 tortiora
420 432 448 485 te
470 443 506 484 oe
534 430 682 485 scrutatus
712 427 802 484 fueris
830 428 924 500 (Enati.
955 443 1000 491 m,
1016 427 1043 493 Α
1057 425 1265 498 ignorantiam,
1281 424 1383 482 exsilio
1395 423 1617 482 condemnatur.
1634 423 1666 481 ln
1681 423 1808 481 Latitiae
1831 424 1879 481 lea

178 521 252 593 22).»
268 520 304 576 ht
319 519 388 576 alibi
405 533 412 575 :
430 540 444 568 a
460 516 525 574 Noli
540 530 605 574 esse
619 517 738 590 sapiens
754 516 927 582 mahumet
942 514 1002 570 noli
1058 515 1200 588 ponitur⁸
1215 531 1254 570 :o
1274 513 1379 570 Anima
1394 513 1419 570 ai
1434 513 1594 586 peccaverit
1604 514 1634 570 in
1649 517 1807 586 conspectu
1822 513 1879 570 Do·

179 608 381 684 argumentari
395 606 462 680 plus
476 622 564 679 quam
580 609 712 678 oporteat
726 605 822 676 (Erote.
848 619 899 668 vn,
917 604 971 671 17).
987 623 1002 652 »
1058 604 1131 659 mini
1147 619 1206 660 uon
1221 608 1335 676 sponte,
1351 617 1386 659 ex
1410 603 1550 660 omnibus
1572 602 1725 676 praecptis
1748 601 1878 670 Domini,

180 701 215 756 ut
229 699 259 755 in
274 699 376 755 eodem
392 695 455 752 loco
469 697 478 732 ¹
495 713 501 751 :
519 717 533 746 o
550 696 583 751 In
607 693 752 768 sapientia
770 698 799 750 et
813 694 842 748 in
860 690 1002 765 simplici·
1058 709 1122 766 qum
1137 709 1194 749 non
1211 696 1324 765 oportet
1337 691 1410 760 ilari,
1424 691 1583 764 feceritque
1596 700 1689 746 unum
1700 705 1734 746 ex
1748 690 1801 757 eis,
1817 691 1879 746 sive

179 791 239 846 tate
254 787 350 843 cordis
367 785 468 858 qaerito
484 784 577 841 Deum
593 783 671 856 (Sap.
687 801 706 852 r,
722 781 760 854 l).
777 803 791 832 r
805 783 844 837 Ac
869 795 905 836 na
930 779 1002 836 sorte
1057 781 1187 854 pontiiea
1201 781 1298 848 luerit,
1315 780 1375 838 sive
1393 779 1490 836 omnis
1514 787 1672 852 synagoga,
1695 783 1725 836 et
1746 777 1878 851 reliquus

179 877 249 934 huic
261 874 403 932 volumini
420 873 612 940 contradicas,
629 870 697 927 audi
715 868 899 943 Apostolum,
915 885 1003 924 evan·
1057 869 1196 943 populus,
1208 874 1237 925 et
1251 873 1351 943 postea
1366 869 1499 925 dhlioerit
1514 872 1665 941 peceatum
1680 885 1780 936 suum,
1797 869 1877 940 qued

179 965 272 1039 gelioa
285 963 468 1035 clangentem
494 962 565 1017 tuba
581 977 588 1015 ε
604 959 657 1040 «Q
684 958 808 1015 altitudo
831 957 1001 1014 divitiarum
1056 957 1186 1032 peccavit
1206 975 1257 1031 per
1271 958 1478 1032 ignorantiam,
1500 957 1600 1014 offeret
1624 969 1745 1024 munus,
1759 956 1875 1014 hircum

179 1053 329 1127 sapientia
344 1055 373 1108 et
389 1051 516 1107 scientia
534 1049 593 1115 Dei,
610 1063 699 1122 qnam
714 1046 919 1104 inscrutabilia
933 1050 1004 1102 sunt
1056 1048 1092 1103 de
1109 1047 1215 1120 capris,
1232 1047 1395 1103 masculum
1407 1045 1647 1102 immaculatum:
1663 1049 1693 1101 at
1714 1049 1802 1117 ponet
1814 1058 1879 1102 ma·

174 1143 288 1217 judicia
304 1142 378 1212 ejus,
395 1137 825 1212 etinvestigabiles’vineiasl
842 1137 914 1201 Quis
925 1136 1002 1192 enim
1057 1153 1195 1193 nussuas
1210 1153 1301 1209 supcr
1315 1140 1403 1208 caput
1417 1135 1491 1206 ejus,
1512 1134 1724 1208 interficietque
1744 1134 1877 1192 illumin

179 1229 438 1304 cognovitsensum
449 1224 1003 1298 DominitautquisoonsiliariuseJna
1059 1223 1124 1282 loco
1150 1223 1201 1280 ubi
1228 1229 1396 1281 mactantur
1422 1223 1593 1280 holocausta
1614 1233 1712 1281 coram
1740 1221 1875 1293 Dominm

178 1322 234 1378 luit
249 1321 336 1392 (tom.
352 1334 390 1384 xi,
404 1317 449 1385 33,
465 1318 511 1389 st)
526 1315 540 1371 ‘l
555 1339 570 1367 o
595 1315 658 1373 istae
674 1318 744 1371 sunt
764 1313 951 1386 questiones,
967 1313 1004 1369 de
1057 1314 1128 1386 quia
1142 1331 1194 1387 pro
1222 1319 1340 1386 peccato
1367 1317 1413 1372 est
1438 1315 1533 1386 (tevit
1563 1314 1636 1381 rai
1661 1327 1733 1386 seqq.
1746 1313 1765 1384 l.
1783 1335 1794 1364 ι
1810 1314 1877 1370 Sta·

178 1408 287 1482 quibus
304 1411 332 1464 et
346 1407 376 1462 in
393 1405 450 1462 alio
465 1405 529 1462 loco
545 1403 670 1460 scribit:
686 1425 700 1454 o
716 1401 827 1459 Stultas
851 1406 950 1458 autem
975 1404 1003 1457 et
1056 1403 1167 1475 timquc
1181 1403 1211 1459 in
1226 1405 1418 1476 aequantibus
1434 1420 1440 1458 :
1458 1425 1473 1454 «
1488 1402 1519 1460 Si
1533 1401 1662 1475 tetigerit
1679 1402 1790 1474 aliquid
1819 1403 1877 1459 im-

178 1497 341 1555 ineruditas
357 1494 535 1568 questiones
551 1493 659 1560 devita,
675 1493 771 1549 sciens
782 1491 922 1563 quoniam
937 1489 1003 1546 lites
1056 1493 1213 1558 mundum,
1229 1493 1305 1564 quod
1322 1509 1380 1549 non
1396 1492 1482 1549 liceat
1500 1495 1630 1566 tangere,
1653 1495 1682 1548 et
1708 1491 1806 1548 iecerit
1825 1506 1879 1564 per

178 1592 281 1662 gerant
295 1586 331 1658 (ll
347 1585 414 1640 Tim.
432 1601 463 1650 rr,
487 1583 542 1654 23).
570 1605 584 1631 o
609 1583 644 1638 ht
662 1579 853 1637 Ecclesiastes
872 1580 920 1650 (de
944 1593 1002 1651 quo
1056 1580 1264 1654 ignorantiam,
1280 1585 1309 1637 et
1331 1585 1433 1654 postea
1454 1580 1598 1648 didicerit,
1626 1581 1685 1637 sive
1710 1580 1883 1653 promiserit*

178 1679 255 1732 carte
269 1673 343 1729 libro
358 1670 447 1750 nulla
463 1674 508 1727 est
534 1669 734 1742 ambiguitas),
762 1667 869 1734 «Dixi,
894 1667 1001 1740 inquit,
1058 1667 1180 1741 aliquid,
1196 1670 1328 1726 attuarii
1351 1668 1472 1738 oblitus,
1496 1669 1700 1742 pronuntiabit
1722 1675 1876 1742 peceatum

178 1763 295 1836 sapiens
311 1761 431 1826 alliciar,
441 1763 470 1815 at
484 1758 549 1832 ipsa
567 1757 652 1830 longe
669 1759 745 1813 iacta
758 1763 832 1812 esta
857 1772 914 1812 mc.
930 1755 1002 1811 Pro·
1057 1773 1157 1824 suum,
1171 1757 1201 1813 in
1218 1773 1276 1830 quo
1291 1770 1428 1830 peccasse
1443 1775 1474 1816 se
1488 1757 1637 1831 perspicit,
1653 1763 1681 1814 et
1704 1759 1805 1815 niteret
1820 1759 1875 1815 llo·

177 1851 269 1908 lunda
282 1847 476 1922 profunditas,
492 1846 559 1918 quis
574 1860 638 1902 eam
663 1845 792 1902 inveniat
819 1845 916 1918 (doch.
946 1861 998 1913 vu,
1055 1847 1135 1904 mino
1150 1847 1264 1920 probis
1279 1862 1342 1918 qua
1357 1848 1605 1920 peccavit,agnam
1621 1846 1681 1904 sive
1695 1861 1812 1920 capram
1823 1859 1878 1921 pro

176 1942 222 2006 24,
236 1939 422 2011 25)?»Ame
437 1936 555 2010 queris,
581 1949 671 2008 quara
700 1933 809 2008 figulus
838 1933 917 1990 aliud
946 1949 998 1989 vas
1053 1938 1171 2006 peccato
1194 1951 1249 2008 suo
1266 1936 1344 2008 quod
1368 1935 1507 2008 peccavit,
1531 1940 1561 1992 et
1580 1935 1746 2008 precabitur
1765 1948 1816 2010 pro
1839 1951 1876 1992 eo

178 2027 279 2086 iacent
289 2027 319 2084 in
334 2027 485 2092 honorem,
501 2023 581 2080 alind
596 2024 626 2079 in
641 2021 861 2091 contumeliam,
887 2026 916 2078 at
940 2038 998 2078 non
1054 2025 1193 2080 sacerdos
1207 2029 1439 2098 superpeccuto,
1456 2029 1485 2080 at
1498 2023 1700 2081 dimittaturei
1714 2028 1878 2097 peccatum,

177 2118 221 2174 vis
236 2114 419 2189 acquiescere
443 2111 543 2183 Paulo,
574 2129 626 2186 pro
654 2127 708 2168 suo
729 2111 853 2168 Domino
878 2127 999 2184 respon·
1053 2111 1104 2167 Sin
1120 2117 1218 2168 autem
1234 2129 1292 2169 non
1307 2111 1492 2185 prevaluerit
1504 2129 1611 2169 manus
1625 2114 1701 2183 ejus,
1720 2116 1753 2169 ut
1772 2113 1877 2170 offerat

178 2206 258 2264 denti
274 2221 282 2260 :
298 2227 313 2255 «
329 2203 351 2259 0
366 2202 472 2258 bomo!
488 2206 521 2258 tu
536 2202 603 2275 quis
618 2216 660 2268 es,
676 2199 726 2273 qui
742 2200 919 2272 respondeas
942 2198 1000 2256 Deo
1055 2213 1138 2256 ovem
1153 2217 1205 2274 pro
1232 2203 1362 2275 peccatis
1390 2202 1453 2258 suis
1483 2201 1591 2274 quibus
1619 2201 1750 2274 peccarit
1764 2203 1785 2270 ⁸,
1801 2201 1877 2258 duca

179 2297 266 2370 (Rani.
284 2309 323 2359 rx,
338 2292 400 2360 205?
416 2313 430 2342 o
1053 2291 1194 2360 turtures,
1210 2293 1261 2346 aut
1275 2290 1350 2346 duos
1365 2289 1462 2363 pullos
1476 2290 1678 2346 columbarum
1705 2291 1806 2347 otieret
1819 2293 1876 2347 Dc·

212 2383 258 2440 st.
282 2382 398 2454 Opponit
423 2379 634 2452 scripturorum
662 2381 829 2435 testimonia.
859 2410 894 2419 -
923 2377 1000 2433 Audi
1055 2379 1136 2434 mino
1153 2395 1245 2434 unum
1261 2396 1313 2452 pro
1329 2383 1455 2454 peccato,
1471 2383 1607 2436 etunum
1622 2379 1652 2435 in
1668 2379 1874 2438 holocaustum

179 2488 245 2546 ergo
261 2471 387 2528 breviter
400 2468 570 2524 testimonia
591 2468 817 2540 seripturarum,
842 2469 876 2523 ut
899 2467 1000 2536 stulta,
1055 2471 1084 2524 et
1098 2469 1225 2540 portabit
1239 2486 1274 2525 ea
1293 2467 1329 2525 ad
1344 2470 1567 2536 sacerdotem,et
1577 2469 1678 2526 oileret
1694 2471 1832 2527 sacerdos
1844 2471 1877 2529 id

178 2565 238 2620 imo
252 2561 344 2633 impia
358 2558 516 2615 sciscitatio
536 2561 586 2614 tua
609 2557 639 2612 in
664 2560 850 2631 perpetuum,
875 2556 1001 2613 contice-
1055 2557 1133 2628 quod
1146 2573 1198 2630 pro
1213 2561 1331 2630 peccato
1345 2561 1390 2614 est
1404 2558 1544 2631 primum,
1560 2561 1589 2614 et
1602 2562 1632 2613 in
1657 2558 1721 2632 ipso
1743 2562 1879 2617 moenai-

180 2653 252 2710 scat.
270 2648 411 2722 Loquitur
425 2647 503 2703 Deus
514 2647 544 2701 in
559 2646 675 2716 Genesi,
692 2669 707 2696 o
723 2646 786 2702 Non
809 2645 944 2716 adjiciam
956 2643 1000 2700 ul·
1054 2649 1177 2705 liabitur
1187 2663 1240 2720 pro
1255 2651 1374 2720 peccata
1390 2648 1467 2719 quod
1483 2647 1653 2718 peccavit,et
1666 2645 1833 2705 dimittatur
1847 2651 1875 2706 ei

178 2747 225 2798 tra
239 2736 413 2794 maledicere
426 2739 509 2794 terras
525 2739 644 2808 propter
659 2751 747 2806 opera
761 2733 1001 2806 hominum‚quia
1055 2735 1330 2810 (lavitailaeqql,
1354 2758 1368 2785 o
1397 2735 1563 2808 (lateraque
1587 2735 1634 2791 hie
1662 2735 1781 2802 similia,
1811 2753 1878 2811 quaa

179 2827 370 2904 appositaest
394 2840 476 2880 mens
493 2813 621 2879 hominis
637 2823 793 2896 diligenter
821 2823 857 2877 ad
879 2820 958 2877 mala
984 2837 1001 2877 a
1054 2825 1155 2882 studio
1171 2824 1325 2879 brevitatis
1340 2823 1453 2889 omitto,
1481 2839 1519 2879 ne
1544 2823 1696 2879 fastidium
1723 2826 1876 2884 stomacho

178 2917 306 2994 pueritia
319 2915 395 2983 (Gen.
411 2929 461 2983 vrr,
477 2913 533 2983 al).
551 2933 565 2962 >r
581 2909 728 2968 Abraham
744 2915 773 2967 et
791 2911 871 2980 Sara,
901 2909 1000 2966 audita
1055 2919 1105 2971 tuo
1121 2912 1272 2969 iaciamln
1288 2899 1535 2984 consequentibus
1550 2927 1669 2984 quaqua
1683 2917 1783 2968 narrat
1798 2911 1878 2990 biug-

179 3001 469 3082 repromissioneillii
498 3001 688 3068 Isaac,rident
714 3000 744 3055 in
772 3000 857 3055 corda
882 3015 935 3055 suo
972 3004 1001 3054 et
1054 3021 1101 3062 ses
1118 3003 1198 3076 (Mid.
1214 3001 1288 3070 vrri).
1301 3001 1378 3074 qnod
1395 3000 1423 3054 in
1439 3000 1656 3057 consecratione
1668 3003 1763 3059 Aaron
1787 3009 1816 3060 et
1841 3007 1878 3063 n.

70 3083 74 3092 *
114 3131 118 3139 -
177 3097 266 3154 tacita
281 3093 417 3166 cogitatio
432 3107 490 3146 non
506 3089 574 3145 latet
589 3089 740 3146 seientiam
757 3088 1001 3160 itai.Arguuntur
1054 3095 1161 3150 Morum
1176 3092 1240 3162 ejus
1256 3090 1396 3147 obtulerit
1408 3089 1533 3146 vitulum
1549 3107 1601 3164 pro
1625 3095 1755 3164 peccato,
1779 3100 1808 3151 et
1823 3111 1877 3168 po.

178 3186 209 3241 in
225 3182 297 3248 risu,
313 3187 342 3238 et
355 3181 420 3254 ipsa
442 3178 589 3252 cogitatio,
613 3177 698 3250 quasi
724 3193 792 3250 pars
816 3175 998 3232 infidelitatis
1014 3167 1036 3233 C
1055 3181 1147 3240 suerit
1161 3182 1254 3235 Aaron
1265 3183 1295 3235 et
1310 3179 1361 3235 filii
1377 3180 1441 3250 ejus
1457 3195 1563 3234 manus
1579 3195 1668 3252 super
1691 3195 1770 3249 eum,
1786 3199 1877 3256 super

178 3269 410 3345 reprehenditur.
441 3269 577 3341 Attamen
603 3283 661 3323 non
683 3283 718 3322 ex
741 3283 774 3322 eo
798 3266 875 3338 quod
896 3265 997 3332 risere,
1054 3273 1142 3343 eaput
1155 3267 1289 3325 videlicet
1303 3266 1396 3335 vituli,
1409 3267 1459 3340 qui
1474 3271 1600 3340 eratpro
1620 3273 1749 3340 peccato,
1764 3273 1793 3326 et
1815 3287 1879 3329 ma-

178 3358 346 3418 dfffidenllffi
368 3355 611 3420 ⁰⁰i¹d0mss⁸1¹i¹1b
627 3355 677 3411 sed
698 3373 732 3411 ex
756 3345 789 3410 ἑο
805 3355 882 3427 quod
900 3358 999 3424 postea
1054 3357 1175 3415 ctaverit
1189 3359 1300 3423 eum,at
1314 3357 1414 3412 tulerit
1429 3357 1465 3412 de
1479 3357 1544 3427 ejus
1565 3355 1753 3428 sanguinent
1767 3373 1875 3430 posue.

178 3449 372 3514 crediderunt,
387 3443 508 3516 justitiae
524 3442 653 3516 palmam
669 3447 852 3516 acceperunt.
875 3445 927 3500 Lot
949 3459 998 3498 ne·
1055 3448 1093 3502 rit
1108 3461 1197 3518 super
1211 3459 1322 3499 cornua
1337 3443 1439 3501 altnris
1458 3445 1488 3500 in
1510 3444 1633 3500 circuitu
1652 3444 1744 3518 digito
1767 3463 1819 3504 suo
1834 3453 1878 3504 at.

178 3533 449 3599 soitinconcubiiu
466 3531 677 3605 filiarumquid
695 3531 849 3601 lecerit,et
872 3531 999 3588 inebria·
1055 3534 1215 3612 qnealtare
1230 3532 1424 3590 mundaverit.
1453 3531 1592 3588 Similiter
1618 3533 1648 3589 in
1678 3535 1754 3592 m
1783 3537 1878 3594 ariete

177 3637 227 3688 tus
242 3629 277 3684 ab
293 3626 334 3684 eis
351 3622 508 3681 nonhabet
524 3622 633 3678 crimen
645 3621 841 3691 conscientia,
858 3625 888 3677 et
899 3625 998 3677 tamen
1054 3622 1239 3693 ieceritetde
1251 3622 1394 3696 sanguine
1409 3623 1473 3694 ojus
1487 3621 1616 3696 tetigerit
1631 3623 1793 3680 auriculam
1809 3627 1879 3698 ejus

178 3735 258 3778 error
271 3717 301 3772 in
315 3714 385 3770 vitio
400 3717 454 3768 est.
480 3714 576 3784 Argue
606 3715 742 3767 sanctum
772 3710 866 3766 virum
895 3710 997 3766 iacob.
1054 3717 1213 3779 dexteram,
1239 3716 1268 3767 et
1294 3727 1414 3766 manum
1440 3713 1599 3777 dexteram,
1624 3717 1653 3767 et
1674 3713 1880 3773 summitatem

179 3821 271 3882 quare
285 3801 390 3860 Rachel
406 3801 563 3856 formosum
580 3799 721 3869 dilexerit,
735 3815 787 3872 pro
803 3815 862 3873 qua
889 3803 918 3854 at
938 3816 999 3856 ser·
1054 3803 1137 3877 pedis
1151 3801 1256 3858 dextri.
1273 3801 1308 3856 itt
1323 3805 1389 3872 post
1404 3799 1499 3856 multa
1513 3799 1580 3866 alia,
1598 3815 1661 3873 qua
1684 3819 1800 3858 naseam
1814 3803 1883 3859 1011.

177 3897 248 3952 vivit
276 3892 368 3948 multo
397 3893 537 3961 tempora,
560 3892 589 3944 ct
611 3888 642 3943 in
657 3887 714 3944 Lia
731 3887 826 3960 primo
839 3888 998 3944 concubitu
1054 3892 1210 3967 gissimnm
1223 3892 1277 3958 eet,
1293 3889 1473 3945 enumeratis
1489 3889 1596 3945 diebus
1612 3894 1725 3964 septem
1750 3891 1789 3947 ita
1804 3891 1882 3966 lagi-

177 3984 267 4040 iuerit
281 3979 471 4038 contristatus
487 3995 494 4044 ;
510 3982 539 4033 et
561 3977 713 4050 acquiesce
727 3979 846 4033 tandem
862 3976 999 4033 humanae
1055 3999 1122 4038 mus
1139 3999 1145 4037 ς
1163 4001 1178 4030 «
1192 3977 1370 4034 Factum'est
1384 3993 1501 4050 quoque
1516 3977 1562 4033 dia
1576 3983 1688 4046 octavo,
1715 3986 1742 4036 et
1762 3981 1883 4038 vocavit

97 4124 99 4127 .
178 4069 339 4146 fragilitati,
355 4063 418 4141 qun
434 4067 522 4123 etiam
537 4065 659 4139 pulchra
682 4083 805 4138 corpora
833 4066 940 4138 diligit,
971 4069 1000 4123 et
1054 4071 1167 4144 Moyses
1185 4069 1331 4133 deremet
1354 4065 1430 4122 illios
1457 4068 1531 4138 elus,
1560 4071 1589 4123 et
1617 4083 1721 4126 omnes
1746 4069 1883 4128 neniam

177 4159 321 4219 dssfOYfflifl
335 4159 505 4214 ᾰθῑθδῑθῑῡΐ·
521 4155 615 4228 Lugii
628 4154 719 4211 J⁸0⁰b
735 4157 858 4211 1¹¹0?le
875 4154 927 4209 filii
952 4155 999 4210 sui
1054 4157 1153 4226 Israel,
1170 4161 1199 4213 et
1213 4154 1285 4212 dixit
1299 4155 1335 4209 ad
1350 4156 1464 4211 Aaron:
1480 4154 1562 4213 Tolle
1576 4157 1701 4214 vitulum
1719 4159 1755 4215 da
1776 4159 1877 4218 bobus

177 4249 298 4321 ioseph,
315 4253 342 4304 et
359 4245 450 4302 multo
465 4247 595 4317 tompore
611 4243 839 4300 consolationem
855 4259 914 4298 non
930 4243 1000 4298 reoi-
1054 4263 1107 4320 pro
1122 4242 1247 4318 peccatis
1262 4242 1321 4312 (At.
1338 4245 1477 4315 peccata),
1492 4249 1521 4299 et
1541 4244 1662 4302 arietem
1685 4247 1715 4303 in
1742 4246 1885 4306 holomu-

177 4333 720 4414 pii²³²ssli⁰r11ffl=rssil³⁰ssdeiqu⁶2
738 4354 752 4380 «
771 4331 884 4404 Lugent
906 4335 934 4386 ei
948 4346 999 4404 ge·
1055 4341 1133 4392 stum
1155 4330 1389 4399 immaculatum,
1411 4335 1440 4387 et
1466 4332 1569 4390 ollares
1592 4351 1642 4391 eos
1668 4335 1697 4391 in
1717 4341 1881 4411 conspectu

178 4445 272 4495 mans,
286 4425 391 4482 Vadam
407 4423 443 4480 id
458 4421 606 4477 infernum
621 4420 688 4492 (Gen
712 4435 818 4486 mill,
845 4419 891 4490 35)
918 4435 924 4475 ἓ
940 4440 955 4470 o
971 4423 1000 4475 θῑ
1055 4421 1169 4482 Domini
1188 4437 1194 4476 :
1211 4426 1241 4478 ct
1256 4419 1422 4478 senioribus
1435 4421 1524 4478 lsrael
1539 4423 1771 4496 loquere,dicens
1788 4444 1794 4483 :
1811 4427 1883 4484 'ibl-

177 4514 282 4588 probat
295 4529 326 4569 se
341 4509 573 4576 nominandum
584 4507 682 4580 justus
695 4505 890 4579 iguoratquid
901 4511 1105 4602 actuleita
1120 4510 1236 4567 hircum
1251 4511 1287 4566 de
1303 4509 1399 4582 capris
1413 4526 1507 4566 unum
1536 4529 1588 4585 pro
1616 4515 1885 4585 peccato,etvitu·

178 4603 216 4660 sit
231 4602 359 4673 dcjusto
375 4599 435 4658 lilio
448 4597 567 4669 Joseph.
585 4597 617 4651 ln
632 4595 729 4651 Exodo
759 4593 902 4667 scriptum
928 4601 973 4652 est
990 4615 997 4653 ε
1052 4602 1113 4659 lum
1129 4596 1351 4655 immaculatum
1368 4598 1539 4656 anniculum
1552 4600 1582 4657 in
1595 4601 1810 4660 holocaustum.
1826 4605 1883 4662 Di-

178 4715 193 4745 «
209 4691 240 4750 Si
255 4688 432 4764 percusserit
447 4683 773 4758 aliquisquampiam,et
788 4689 922 4742 mortuus
934 4685 998 4742 lue·
1053 4691 1152 4762 aitque
1168 4689 1280 4761 Moyses
1295 4688 1330 4742 ad
1346 4693 1443 4744 Aaron
1461 4703 1467 4742 :
1483 4691 1594 4746 Andeda
1609 4691 1645 4747 ad
1675 4691 1765 4749 alam
1789 4697 1818 4750 gt
1831 4693 1882 4752 sag

182 4783 231 4851 rit,
246 4783 340 4837 morte
359 4777 510 4834 moriatur.
535 4774 584 4830 Sin
611 4779 710 4829 eutem
738 4789 796 4829 non
820 4773 930 4842 volens,
947 4775 998 4832 sed
1054 4795 1106 4852 pro
1122 4783 1241 4852 peccato
1263 4782 1315 4833 tuo
1330 4779 1425 4848 (teuit.
1450 4793 1490 4846 rx,
1506 4781 1519 4833 l
1535 4779 1630 4851 seqq),
1660 4802 1674 4829 »
1695 4789 1723 4838 et
1747 4782 1878 4854 reliqua.

180 4872 258 4927 bens
272 4866 395 4926 tradidit
408 4879 476 4922 aum
491 4863 521 4918 in
537 4861 675 4917 manibus
689 4861 764 4932 ejus,
778 4861 854 4917 dabo
878 4862 932 4918 tibi
956 4859 998 4948 lo:
1054 4892 1067 4919 o
1085 4867 1276 4940 Rursumqua
1287 4865 1409 4923 elevavit
1423 4867 1518 4922 Aaron
1533 4884 1639 4925 manus
1652 4885 1722 4926 suas
1733 4883 1885 4944 superpo.

183 4975 262 5028 cum,
279 4958 314 5015 ad
330 4972 418 5029 quem
434 4951 584 5026 coniugiat
596 4950 646 5024 qui
662 4950 801 5006 occiderit
816 4951 913 5021 (deod.
939 4965 998 5019 uxr,
1054 4956 1168 5029 pulum,
1182 4961 1212 5014 et
1226 4955 1373 5012 benedixit
1394 4953 1444 5011 eis.
1456 4957 1743 5029 descenditqueoum
1760 4960 1885 5018 sneisane

180 5039 858 5120 122¹3l·t1¹¹1l¹1⁰¹l⁰2⁸1¹d¹¹¹1¹⁸⁸i·<i¹1[>fl¹30¹le
879 5037 999 5094 tradidit
1054 5061 1106 5117 pro
1122 5049 1240 5118 peccato
1255 5047 1284 5100 et
1308 5041 1478 5099 holocausto
1501 5047 1531 5101 et
1558 5043 1681 5106 salutari
1708 5047 1798 5120 (itit.
1827 5049 1882 5120 at,

180 5135 331 5193 hminem
347 5135 377 5192 5¹¹
403 5150 508 5190 minui
531 5132 606 5204 elui»
631 5133 660 5186 θῑ
682 5126 730 5186 ¹¹¹0
746 5128 797 5202 ‘iul
816 5127 924 5184 ⁰⁰⁰5d⁵l
946 5143 999 5198 per
1052 5137 1109 5205 22).
1126 5157 1140 5186 o
1157 5133 1261 5191 Mulier
1274 5136 1394 5206 generat
1407 5131 1514 5191 liberos
1528 5133 1591 5209 lage
1615 5136 1742 5194 naturali
1770 5143 1799 5195 et
1823 5136 1882 5196 im·

220 5343 389 5402 tvietorius
404 5347 437 5401 lit
448 5347 481 5412 iax
501 5347 557 5402 otio
581 5346 637 5402 ioco
660 5341 784 5426 reponit.
809 5357 878 5400 nam
901 5339 999 5398 Eccle-
1054 5335 1103 5390 vix
1120 5331 1197 5388 credi
1211 5343 1299 5414 posse
1314 5328 1517 5402 investigabites
1525 5347 1577 5406 pro
1592 5331 1823 5406 ininvestigabiles
1836 5328 1883 5392 le-

181 5418 294 5480 siastici
308 5433 412 5488 unum,
429 5415 551 5471 aiterum
567 5413 932 5486 Sapientraeiestimoaium
944 5417 996 5467 aet.
1056 5411 1135 5463 otum
1152 5421 1168 5457 a
1183 5405 1368 5482 Hieronpmo.

185 5496 223 5548 At
237 5490 322 5546 uredo
348 5489 417 5544 liter
431 5489 577 5560 Sapientiae
600 5487 706 5541 dicitur
730 5485 904 5560 Hieronymo
929 5487 1001 5542 liber
1091 5477 1145 5528 ⁰¹¹¹
1164 5474 1580 5546 vetar-1ediqteeeapomtm,

187 5559 393 5625 Ecclesiastici.
1076 5549 1190 5610 ¹⁴r1ss„
1213 5543 1266 5599 Pro
1278 5553 1387 5616 peccato
1401 5561 1448 5600 σεο
1471 5563 1524 5620 quo
1543 5551 1672 5620 peccauit,
1695 5549 1879 5608 assentiento

217 5634 318 5694 ’Alibi
333 5633 522 5700 adnotamus,
537 5627 588 5686 uhi
602 5626 764 5686 versiculus
783 5625 838 5692 iaie
863 5627 1000 5700 occurrit,
1054 5619 1155 5678 Gnaeo
1169 5619 1260 5686 testu,
1281 5615 1346 5696 ssepi
1369 5621 1420 5688 τῆς
1446 5616 1591 5696 isanparto:
1617 5619 1875 5700 etrattatpapea.
