4068 6170
219 333 297 404 asia
963 319 1169 402 arcasin.
1191 311 1196 334 “
1818 333 1882 404 itit

217 471 334 530 locutus
345 472 511 530 su'm.'l'u'et
525 468 594 530 sica
610 471 730 531 dividite
744 473 957 547 possessiones.
975 495 988 522 a
1009 471 1040 528 ln
1055 475 1083 540 Α
1097 473 1240 529 novisami
1257 473 1372 545 (litata
1385 473 1524 530 Hebraeus
1534 491 1544 529 :
1560 469 1616 529 Car
1632 471 1698 529 esia's
1722 473 1847 529 aculutmi
1856 475 1883 530 ad

219 563 336 618 liebraeo
360 561 401 617 ita
429 561 559 635 legitur:
588 585 602 614 a
625 563 687 619 Dixi
709 567 745 620 tu
765 565 794 619 et
819 559 888 620 Siba
921 559 1041 618 dividite
1094 561 1386 636 reducendamreqem
1401 561 1884 634 iadomamaaaralltthicsubjun-

218 665 333 722 agrum.
352 673 365 700 a
381 653 436 706 Pro
448 667 481 708 eo
497 651 574 724 quod
590 651 620 708 in
635 651 690 708 hcc
705 651 767 709 loco
782 651 870 708 David
885 650 1041 706 immemor
1094 651 1221 724 gendm
1235 656 1290 722 est,
1305 653 1413 710 Fratres
1427 655 1483 708 mei
1496 668 1552 718 voa,
1568 667 1596 708 os
1613 667 1714 720 means,
1737 653 1762 706 ei
1774 667 1828 707 caro
1840 667 1885 708 aaa

217 736 276 794 fuit'
292 739 427 796 amicitia
451 743 479 796 et
503 741 629 810 ioederis,
652 741 743 798 immo
764 740 937 814 juramenti,
962 739 1039 811 quod
1093 755 1148 808 uos,
1173 755 1223 796 car
1244 735 1388 797 novissimi
1409 741 1543 797 reducitis
1567 755 1656 810 reqem
1681 739 1830 810 (vatatam
1849 755 1888 811 per

219 827 321 884 habuit
335 835 402 884 cum
417 829 583 886 Jonathan:
601 831 630 887 et
648 833 709 886 tam
724 827 840 885 crudele
865 827 945 884 dedit
959 827 1040 900 judi·
1094 843 1129 886 ea
1144 827 1365 902 intelligendum
1380 834 1425 887 est
1438 829 1485 902 (c),
1503 829 1658 886 mandasse
1674 827 1888 900 illisquodsernc

218 915 309 984 cium,
324 916 424 973 diceus
439 934 446 974 :
460 939 475 969 a
489 919 533 973 'lu
558 923 586 974 et
600 917 668 974 siba
685 917 803 974 dividite
818 915 942 990 ag'rum:
966 935 981 966 a
993 911 1041 972 id·
1095 917 1191 974 omnis
1207 917 1294 974 lsrael
1309 919 1345 974 od
1358 935 1425 975 eum
1437 920 1501 991 jam
1523 917 1713 992 pervenisset,
1739 916 1778 971 ita
1790 915 1889 970 dicens:

218 1003 297 1062 circo
311 1005 441 1062 Roboam
452 1009 481 1062 et
490 1005 646 1063 Joroboam
658 1003 1040 1080 diviserunt'eiusreg'nuni.
1096 1023 1114 1057 a
1126 1005 1231 1063 Sermo*
1243 1010 1342 1065 autem
1357 1007 1454 1066 omnis
1469 1005 1557 1064 lsrael
1571 1005 1701 1080 pervenit
1723 1007 1757 1061 ad
1772 1021 1856 1078 regem
1868 1005 1890 1059 io

218 1092 415 1166 miphiboseth
431 1095 508 1151 enim
524 1093 554 1150 in
569 1093 715 1151 Samuelis
730 1094 805 1150 libro
819 1093 946 1168 legitur;
962 1094 1042 1149 etin·
1095 1095 1183 1151 domo
1197 1096 1272 1167 ejus.

218 1186 404 1254 terpretetur,
432 1197 462 1239 os
491 1183 664 1241 vmccuadiae
696 1183 749 1258 [ai.
777 1183 982 1254 lacesendum).
1008 1183 1041 1237 ln
1130 1183 1221 1253 (ibid.)
1247 1207 1257 1233 ι
1283 1183 1391 1240 Durius
1414 1187 1510 1240 autem
1524 1183 1737 1256 responderunt
1766 1181 1815 1237 viri
1832 1181 1892 1238 tuda

218 1267 460 1342 Paralipomenon
480 1287 546 1326 vero
567 1271 645 1327 idem
676 1271 884 1344 Miphiboseth,
908 1268 1043 1327 ueritati
1095 1271 1166 1328 viris
1183 1273 1280 1328 lsrael.
1299 1297 1313 1322 υ
1330 1269 1364 1328 a:
1378 1273 1424 1328 bic
1449 1273 1578 1328 desectus
1599 1277 1654 1328 est.
1683 1272 1817 1326 Dicuntur
1829 1271 1890 1326 enim

219 1357 327 1430 legitur
342 1357 366 1426 (l
379 1359 443 1414 Par.
460 1375 520 1426 tun,
543 1361 597 1426 3i;
624 1377 662 1428 ra,
687 1361 743 1430 iii).
768 1369 796 1416 et
822 1357 1041 1434 interpretatur,
1098 1361 1283 1434 respondisse
1297 1359 1350 1416 viri
1362 1361 1439 1416 Juda
1449 1361 1485 1416 ad
1496 1362 1573 1417 viros
1586 1359 1670 1416 lsrael
1685 1377 1691 1416 :
1704 1377 1737 1416 eo
1747 1357 1818 1432 quod
1830 1375 1893 1414 mea-

218 1447 332 1518 litigans
345 1463 407 1502 cara
427 1444 564 1504 altissimo
587 1449 636 1522 (a).
654 1447 797 1522 Ditigasse
811 1449 889 1506 enirn
906 1465 972 1506 cam
995 1447 1043 1504 Al·
1097 1451 1231 1514 tirentur,
1248 1453 1344 1506 cinon
1357 1449 1483 1505 iacerent
1494 1449 1593 1505 hocob
1605 1462 1733 1504 amarem
1744 1447 1894 1522 raginelmi

219 1535 346 1604 tissime,
363 1535 453 1592 idest
476 1553 542 1592 curn
565 1537 634 1602 Deo,
659 1537 783 1595 dicitnr:
799 1555 832 1595 eo
860 1537 937 1611 quod
953 1537 1041 1594 David
1098 1539 1277 1595 asserebant.

219 1625 383 1681 redunissct
396 1641 462 1680 curn
483 1641 562 1698 paco.
580 1631 612 1682 ut
636 1625 714 1699 quod
738 1627 779 1683 ait
805 1625 882 1683 idem
899 1623 1043 1700 titphiba-
1133 1628 1212 1701 (Cap.
1228 1629 1285 1683 XX.
1302 1660 1336 1668 —
1352 1632 1434 1683 Vere.
1452 1627 1491 1699 t.)
1508 1650 1522 1678 «
1537 1628 1591 1683 Pro
1606 1627 1715 1699 quibus
1732 1625 1821 1682 verbis
1841 1625 1895 1680 Siba

220 1713 284 1770 soth
301 1712 371 1786 regi,
385 1735 399 1764 a
423 1711 511 1770 ctiam
529 1718 635 1771 cuncta
654 1713 794 1787 accipiat:
822 1720 977 1788 postquam
999 1731 1043 1773 re·
1098 1715 1177 1774 iilius
1193 1717 1285 1786 Bocri,
1302 1717 1346 1773 vir
1359 1709 1519 1787 l'ernineus,
1534 1715 1639 1772 cecinit
1654 1715 1785 1780 buccina,
1807 1721 1833 1769 et
1849 1715 1895 1770 ait:

218 1818 322 1859 versus
344 1807 388 1858 est
418 1802 557 1860 dominus
578 1817 663 1859 mous
690 1819 740 1859 rex
763 1803 793 1858 in
817 1800 938 1859 domum
959 1818 1043 1860 suom
1098 1805 1160 1863 Non
1176 1811 1220 1862 cst
1235 1805 1319 1862 nobis
1335 1821 1402 1878 pars
1425 1806 1454 1861 in
1478 1805 1579 1872 David,
1604 1815 1699 1878 aeque
1722 1803 1896 1860 hareditasia

220 1891 267 1964 [si
297 1890 403 1962 meam]
419 1891 559 1964 pacissce;
577 1915 591 1942 »
607 1893 665 1949 noh
680 1891 735 1948 hoo
750 1892 858 1949 dixisse
872 1893 1043 1965 suspicatur
1097 1894 1239 1953 illiclsai.
1256 1917 1270 1948 a
1287 1895 1353 1952 ideo
1368 1895 1473 1951 cecinit
1488 1893 1623 1966 buccina,
1640 1895 1750 1966 atejus
1766 1893 1853 1949 sonitu
1867 1897 1897 1947 at-

220 1978 380 2053 gratulanti
391 1980 501 2050 animo,
523 1981 574 2036 sed
600 1979 765 2049 insultanti,
792 1985 821 2037 et
844 1982 928 2054 quasi
944 1985 1044 2038 contra
1097 1983 1181 2040 toniti
1207 1986 1345 2039 tacerent.
1371 1982 1484 2050 Quibus
1508 1983 1683 2054 tacentibus,
1709 1979 1824 2036 diatim
1849 1979 1898 2036 Non

220 2073 312 2125 Deum
341 2068 557 2126 murmuranti:
582 2083 615 2126 eo
638 2070 715 2142 quod
738 2067 827 2126 David
851 2069 991 2126 Dominus
1014 2069 1043 2127 in
1097 2076 1142 2129 est
1156 2072 1241 2129 nobis
1257 2087 1324 2145 pars
1340 2071 1369 2127 in
1392 2070 1491 2140 David,
1518 2085 1612 2143 neque
1637 2069 1790 2127 hareditas
1812 2070 1839 2124 in
1853 2067 1898 2124 iilia

220 2173 291 2230 pace
306 2157 479 2214 reduxisset.
1098 2162 1165 2218 lsai.
1178 2181 1192 2212 a

256 2246 349 2320 (Vere.
364 2246 411 2320 37)
422 2269 437 2298 a
453 2247 504 2304 list
519 2254 616 2304 autem
642 2261 744 2304 servus
763 2243 833 2304 tuu's
856 2245 1042 2304 chamaan.»
1133 2249 1227 2322 (Vens.
1244 2249 1300 2322 l8).
1317 2273 1331 2301 a
1348 2251 1450 2306 Sermo
1463 2249 1573 2304 dicitur
1592 2249 1620 2304 in
1645 2249 1734 2304 veteri
1749 2245 1899 2322 proverbio:

220 2335 253 2393 ln
273 2333 392 2392 Habraeo
411 2355 426 2389 a
440 2352 447 2392 ε
463 2357 478 2387 a
490 2339 560 2392 dcco
582 2351 684 2394 servus
705 2341 774 2393 taus
796 2335 966 2404 Chemaam,
982 2336 1045 2409 ipse
1098 2339 1152 2406 Qui
1168 2331 1358 2412 interrogant,
1374 2339 1555 2411 interrogent
1579 2337 1608 2393 in
1626 2337 1729 2409 abela,
1756 2341 1783 2392 ct
1796 2337 1835 2392 sic
1849 2348 1902 2407 per·

220 2425 307 2482 vadat
322 2429 428 2494 tecum,
449 2425 567 2483 domine
585 2427 626 2482 mi
643 2442 700 2483 rex.
723 2425 880 2482 chamaam
900 2425 1044 2498 interpre·
1098 2429 1196 2485 noiant
1212 2429 1270 2496 [ai.
1295 2427 1471 2501 protelent]
1485 2449 1499 2478 a
1516 2427 1547 2482 in
1572 2427 1691 2483 llelirtuu
1716 2425 1900 2492 actitabatur,

220 2517 310 2583 tatur,
326 2515 478 2586 suspirans.
503 2515 637 2580 Quandiu
661 2531 728 2571 cum
752 2519 834 2588 patre
851 2515 1043 2587 permansuit,
1096 2515 1248 2590 prouerbio.
1265 2517 1322 2572 Istc
1337 2531 1443 2582 sermo,
1460 2530 1556 2572 sermo
1581 2515 1653 2589 legis
1678 2520 1735 2583 est,
1759 2515 1789 2571 in
1803 2530 1856 2587 qua
1865 2511 1902 2585 ja·

221 2603 375 2677 suspirans
398 2607 516 2659 vocatus
541 2608 596 2660 est.
621 2604 780 2676 Postquam
803 2619 869 2659 vero
890 2604 919 2659 ia
939 2603 1043 2659 doctri·
1099 2607 1184 2662 betur
1215 2605 1369 2661 aDomino
1403 2621 1452 2678 per
1483 2605 1601 2678 Moysen
1636 2605 1724 2676 (Dent.
1746 2621 1791 2670 xx,
1812 2604 1858 2672 itii.
1878 2605 1904 2656 ut

223 2709 292 2749 nam
307 2690 395 2747 David
410 2691 488 2764 regis
504 2691 631 2762 transiit,
648 2710 706 2750 noa
723 2691 882 2765 thamnam,
908 2693 959 2749 sed
976 2691 1044 2748 uia·
1098 2695 1215 2768 quondo
1230 2693 1269 2768 (d)
1282 2693 1444 2768 ingressuri
1466 2698 1573 2751 terram
1597 2693 1735 2751 chanaan
1765 2695 1864 2760 essent
1883 2695 1906 2746 et

221 2795 320 2850 acan,
357 2780 435 2853 quod
476 2779 687 2854 interpretatur
731 2781 830 2853 fidelia,
881 2779 1045 2855 appellatus
1099 2789 1201 2858 gentes
1215 2783 1349 2854 deleturi,
1366 2782 1495 2856 primum
1512 2785 1613 2856 pac'em
1624 2779 1905 2852 auertentmtsipar

224 2873 279 2927 ⁸³2·
1100 2873 1203 2930 abeis
1228 2871 1413 2945 reciperetur,
1439 2887 1538 2945 pacem
1564 2871 1750 2945 recipientes,
1779 2866 1907 2927 tribulari

260 2956 354 3031 (Vere,
368 2957 414 3025 il,
430 2957 486 3032 l2.)
503 2979 518 3011 a
541 2957 641 3032 ltaque
665 2975 767 3017 omnes
791 2959 845 3016 viri
870 2959 957 3017 lsrael
977 2971 1045 3018 con·
1099 2976 1201 3019 eorum
1216 2958 1419 3018 allicerentur:
1447 2965 1476 3018 et
1499 2961 1523 3018 si
1548 2973 1649 3034 pacem
1678 2977 1737 3016 non
1755 2959 1906 3032 reciperent,

225 3045 376 3105 currentes
390 3048 425 3104 ad
439 3062 549 3120 regern,
574 3049 711 3105 dixerunt
725 3049 771 3106 el:
796 3049 889 3115 Quare
913 3053 941 3106 te
958 3049 1046 3106 iurati
1100 3057 1172 3108 tunc
1186 3066 1204 3107 a
1219 3049 1288 3107 liliis
1305 3048 1392 3108 israel
1415 3050 1590 3107 delerentur.
1616 3048 1727 3106 idcirco
1746 3037 1907 3107 exclamasse

225 3141 295 3196 eunt
321 3135 427 3193 iratres
460 3137 562 3208 nostri,
595 3137 751 3209 viriJuda,
784 3143 813 3194 et
835 3139 1047 3195 tranduxerubt
1102 3139 1209 3198 muller
1223 3140 1340 3214 sapiens
1354 3139 1390 3195 de
1406 3138 1520 3195 civitate
1536 3139 1638 3196 fertur.

224 3241 322 3300 regern
338 3211 367 3282 et
380 3225 501 3282 domum
517 3226 581 3297 ejus
596 3227 767 3295 Jordanem,
793 3239 954 3300 omnesque
968 3209 1083 3284 vircaG
1137 3229 1230 3302 (Vere.
1249 3229 1305 3300 19.)
1322 3250 1336 3279 a
1352 3227 1454 3285 Nonne
1473 3241 1526 3301 ego
1541 3241 1609 3284 sum
1625 3245 1689 3301 que
1706 3225 1860 3302 respondeo
1872 3240 1908 3279 se

224 3313 314 3373 David
339 3329 405 3370 cum
431 3313 490 3370 ec‘l
513 3313 547 3369 itt
570 3313 827 3388 responditomnis
850 3313 893 3372 vir
920 3315 997 3372 Juda
1011 3317 1047 3372 ad
1101 3317 1216 3376 ritatem
1230 3313 1910 3389 inlsraei:ettuqaerissubverierccivitatem?

223 3401 303 3463 siros
319 3401 405 3460 lsrael
418 3419 425 3458 :
442 3403 514 3468 Quia
528 3403 646 3477 propior
660 3411 705 3461 est
718 3403 790 3460 mihi
806 3419 864 3462 rex.
883 3427 897 3455 a
909 3405 959 3460 Det
968 3405 1047 3462 enim
1101 3409 1195 3474 Quare
1209 3405 1583 3481 praecipiteshaeredltatem
1595 3405 1711 3462 Domini
1724 3407 1739 3462 i
1753 3431 1765 3459 ι
1785 3413 1822 3461 rto
1836 3405 1858 3460 si
1871 3399 1909 3456 dl·

223 3493 271 3552 hic
286 3491 416 3550 delectus
438 3495 476 3562 et,
500 3487 561 3548 hac
585 3491 772 3550 subauditio:
790 3515 804 3544 a
831 3493 866 3549 u:
889 3493 956 3568 plus
980 3491 1047 3553 amc
1100 3501 1177 3554 caret
1191 3513 1198 3554 :
1213 3496 1272 3552 Gur
1286 3496 1331 3552 vis
1346 3497 1496 3552 destruere
1509 3495 1655 3552 civitatem
1672 3495 1750 3552 hanc
1766 3497 1907 3567 antequam

222 3577 333 3658 legem,
349 3595 438 3655 quam
453 3582 495 3636 tu.
512 3601 527 3632 a
543 3581 578 3638 itt
592 3585 658 3655 post
672 3597 774 3656 pauca.
1101 3603 1202 3662 pacem
1227 3583 1433 3658 interrogando
1449 3583 1563 3650 clleras,
1579 3585 1657 3641 sicut
1672 3583 1680 3639 i
1686 3603 1703 3642 n
1715 3583 1780 3658 loge
1785 3578 1908 3656 jubetur?

257 3671 424 3748 (Vers,43.)
462 3691 546 3748 resp]
603 3672 671 3728 adit
714 3669 758 3726 vir
786 3671 882 3728 lsrael
911 3671 947 3728 ad
968 3671 1046 3728 viros
1100 3681 1156 3732 Cur
1174 3675 1262 3732 etiam
1278 3687 1336 3731 noa
1351 3675 1483 3731 eamdem
1505 3672 1599 3748 legem
1623 3673 1653 3728 in
1682 3675 1771 3730 noble
1786 3667 1908 3730 Israelitis

220 3757 337 3821 ludant
352 3763 410 3822 ait:
425 3765 531 3823 Decem
547 3761 678 3837 partibus
694 3774 746 3834 ego
766 3773 833 3819 sum
858 3762 952 3833 major
968 3762 1045 3833 apud
1099 3778 1209 3834 servas,
1225 3776 1289 3838 qua
1306 3763 1335 3818 in
1350 3761 1523 3837 alienigenis
1536 3761 1607 3819 olim
1623 3767 1740 3819 servata
1764 3761 1829 3823 est?
1845 3759 1908 3815 tiano

221 3865 320 3926 regem
343 3853 497 3927 magisque
508 3853 544 3910 ad
568 3867 616 3908 me
636 3849 762 3924 pertinet
784 3849 883 3917 David,
898 3865 987 3922 quam
1008 3850 1045 3906 ad
1100 3853 1252 3911 mulierem
1273 3852 1378 3924 ludaei,
1404 3857 1517 3923 zaram,
1542 3851 1631 3908 liliam
1659 3857 1743 3924 aser,
1770 3849 1819 3907 aiii
1835 3844 1909 3906 iacob

221 3931 260 3996 t'e.
277 3963 292 3990 a
308 3941 341 3996 ln
356 3940 475 3998 liebreo
491 3941 533 3996 ita
552 3937 677 4012 legitur:
693 3957 707 3988 «
730 3937 834 3995 Decem
859 3942 956 4009 paries
973 3935 1045 3992 mihi
1098 3941 1284 4016 intelligunt:
1300 3945 1329 3998 et
1341 3941 1420 4014 quod
1433 3955 1463 3998 ss
1475 3945 1598 3998 matrem
1619 3941 1737 4009 dixerit,
1750 3939 1792 3996 ita
1805 3938 1908 3995 dicens:

221 4032 292 4085 sunt
305 4029 383 4102 apud
406 4045 515 4103 regem,
541 4029 695 4102 magisque
717 4041 770 4099 ego
790 4027 820 4082 in
848 4025 934 4082 David
955 4030 1044 4097 quain
1099 4056 1113 4083 a
1129 4031 1173 4089 ‘i'u
1195 4031 1301 4104 queris
1317 4033 1445 4087 evertere
1460 4034 1583 4087 matrem
1599 4030 1700 4086 lsrael.
1712 4051 1727 4082 a
1746 4029 1910 4088 idcircone·

220 4121 253 4174 tu
269 4139 284 4168 u
299 4117 404 4175 Decem
425 4135 493 4176 vero
511 4121 610 4192 partes
625 4114 713 4173 lsrael
728 4113 872 4188 ereutii),
890 4115 918 4171 id
934 4119 978 4171 est
993 4107 1043 4170 de·
1096 4125 1182 4194 trem,
1198 4121 1267 4194 quia
1282 4118 1443 4177 multorum
1459 4134 1604 4176 annorum
1620 4123 1694 4176 enai.

220 4218 284 4263 cem
300 4203 413 4278 tribus;
429 4211 458 4264 et
473 4207 581 4264 idcirco
596 4203 690 4280 magis
705 4215 736 4262 se
760 4205 789 4260 in
805 4203 894 4261 David
920 4214 985 4260 esse
999 4203 1042 4258 di·
1133 4211 1226 4284 (tier's.
1245 4209 1303 4282 26.)
1328 4229 1342 4260 a
1370 4209 1416 4265 ira
1438 4213 1536 4265 autem
1562 4207 1681 4265 ,latntes
1703 4213 1768 4265 crat
1788 4201 1908 4264 sacerdos

220 4289 301 4370 hunt,
317 4310 407 4371 quam
422 4297 500 4356 viros
522 4294 618 4353 tude:
637 4315 651 4346 u
677 4285 736 4351 ¹Cur
758 4293 832 4350 mihi
857 4291 950 4349 iecisti
965 4291 1043 4364 lulu-
1099 4298 1197 4368 David,
1215 4321 1229 4350 a
1244 4295 1274 4354 id
1289 4300 1334 4354 cst
1348 4295 1499 4372 magister,
1516 4296 1593 4353 sicut
1607 4292 1677 4353 allhl
1693 4299 1839 4372 scriptum
1853 4297 1908 4350 esi:

220 4385 295 4442 riam
308 4389 320 4443 i
333 4407 348 4438 a
363 4385 424 4443 Viri
436 4383 524 4444 lsrael
536 4383 638 4442 iecisse
649 4380 706 4440 sihi
718 4381 857 4453 iniuriam
868 4385 1043 4454 queruntur,
1097 4387 1163 4445 Filii
1188 4390 1286 4444 antem
1312 4384 1399 4442 David
1424 4387 1507 4442 erant
1530 4383 1698 4442 sacerdotes
1719 4385 1759 4459 (ii
1783 4383 1842 4457 ilcp.
1856 4395 1908 4450 vm,

220 4489 253 4531 sc
268 4476 345 4548 quod
361 4491 419 4532 non
435 4473 644 4548 exspectaverit
659 4489 709 4530 eos
732 4471 827 4528 tribus
850 4471 927 4527 tuda
942 4469 977 4526 ad
998 4483 1043 4527 re·
1098 4476 1153 4550 18),
1170 4477 1199 4532 id
1214 4481 1259 4532 asi
1274 4475 1405 4550 magistri
1421 4475 1545 4531 instrum
1561 4488 1693 4531 suoram.
1859 4531 1867 4547 ‚

219 4557 1040 4637 ducendumregem:«Nonnesermomeuspricriuit,
1057 4579 1080 4645 D
1132 4565 1211 4640 (cap.
1243 4563 1311 4621 xxi.
1330 4596 1362 4606 —
1387 4563 1469 4620 Vers.
1500 4557 1539 4636 t.)
1562 4585 1577 4614 a
1607 4560 1744 4637 Dixitque
1769 4549 1907 4622 Dominus,

218 4655 251 4710 ut
265 4653 433 4710 reducerem
459 4668 556 4725 regom
583 4649 705 4708 meum?
720 4673 734 4701 »
759 4649 860 4705 Sermo
883 4651 948 4720 eius
962 4645 1042 4721 prior
1095 4658 1216 4728 propter
1229 4651 1295 4709 Saul
1311 4657 1340 4709 et
1357 4652 1477 4708 domurn
1503 4651 1707 4726 sanguinum
1733 4653 1805 4726 quia
1818 4649 1909 4708 occidit

217 4741 273 4799 l'uit
287 4743 323 4800 ad
339 4743 538 4800 reducendum
555 4757 652 4814 regem
665 4757 671 4795 :
684 4738 799 4796 sicutin
811 4735 1041 4810 precedentibus
1096 4732 1288 4800 Gabaonitas.
1304 4763 1317 4791 a
1344 4747 1454 4797 Domus
1477 4741 1656 4814 sanguinum
1672 4745 1743 4799 sunt
1767 4739 1819 4799 filii
1833 4737 1909 4795 Saul:

216 4825 436 4889 demonstratur
451 4834 478 4888 in
494 4847 527 4888 eo
540 4837 611 4900 icco,
629 4829 677 4885 uhi
697 4826 1040 4884 animumanimum
1096 4831 1146 4906 qui
1161 4847 1227 4888 cum
1245 4833 1337 4886 uocati
1355 4833 1491 4901 idumaeo,
1508 4831 1577 4887 dum
1600 4833 1695 4888 adhuc
1712 4833 1796 4906 pueri
1811 4825 1907 4893 essent,

216 4924 305 4978 omnis
320 4921 403 4978 lsrael
417 4923 540 4994 peruenit
555 4919 592 4976 ad
606 4933 697 4990 repeat
711 4919 742 4972 ia
752 4916 829 4973 domo
843 4917 903 4979 elus
922 4915 960 4987 tii
976 4915 1039 4986 Rea·
1095 4917 1260 4978 sacerdotes
1275 4923 1304 4976 et
1318 4919 1495 4976 Gabaoniias
1509 4920 1538 4976 in
1554 4921 1634 4977 Noho
1650 4921 1831 4977 occiderunt.

217 5023 274 5081 xrs,
292 5011 355 5082 li);
371 5011 556 5078 subauditur,
579 5012 612 5064 ut
630 5023 698 5064 eum
715 5006 903 5062 reducerent:
920 5004 998 5075 quod
1013 5007 1042 5059 ot
1131 5010 1223 5082 (Vera.
1239 5009 1280 5078 2.)
1295 5033 1308 5059 a
1321 5007 1385 5064 Filii
1401 5009 1510 5082 quippe
1525 5009 1611 5066 israel
1624 5011 1800 5082 Juraverunt
1818 5009 1866 5064 eis.
1880 4999 1908 5059 u

218 5099 378 5169 majoribus
393 5105 462 5156 natu
477 5100 554 5155 luda
571 5098 728 5154 mundasse
744 5094 832 5152 David
848 5093 1042 5167 perSadtioet
1095 5099 1187 5156 voluit
1206 5098 1275 5155 Saul
1303 5105 1452 5171 percutere
1476 5115 1526 5155 eos
1549 5098 1620 5154 zelo,
1640 5121 1653 5148 a
1676 5099 1742 5155 Zelo
1767 5097 1850 5171 quasi
1864 5100 1907 5166 piu

217 5183 360 5244 thiatbar
373 5189 538 5246 sacerdotes
554 5187 670 5260 legitur,
687 5185 741 5242 hoo
752 5183 849 5254 modo,
861 5183 980 5239 dicens:
995 5182 1042 5237 la>-
1096 5187 1164 5245 tiliis
1181 5188 1270 5245 israel
1285 5193 1314 5244 et
1336 5187 1351 5243 J
1356 5187 1423 5255 uda,
1448 5187 1548 5244 dicens
1561 5205 1568 5243 ι
1583 5189 1674 5246 Josue
1694 5183 1788 5262 gratis
1802 5183 1907 5244 eosdem

219 5275 339 5346 qulmiai
352 5279 519 5350 admojorca
533 5275 851 5346 autumnitatem:
869 5271 923 5328 Car
943 5273 1042 5327 amittis
1096 5277 1272 5335 Gabaonitas
1287 5275 1381 5334 vivere
1397 5277 1565 5351 permisisse
1580 5279 1643 5349 (toa.
1661 5285 1699 5344 rx,
1714 5277 1782 5348 aei:
1809 5280 1837 5330 ot
1850 5269 1907 5328 filil:

254 5453 470 5536 (anteactas,
490 5455 615 5525 ttriqatas
640 5469 702 5512 cam
734 5447 882 5512 ditissimo.
907 5453 1042 5525 La'ta'paias
1132 5453 1798 5530 (d)rlnleaerat,inqaauidetrtroDomiaopcr
1809 5459 1906 5524 Davara

217 5541 302 5596 mim,
318 5530 372 5580 etc·
1095 5536 1260 5658 praeceptum
1275 5531 1306 5582 at
1324 5527 1465 5610 qaoacodo,
1481 5533 1536 5584 etc.
1552 5527 1641 5584 Nobis
1657 5543 1710 5584 ms.
1735 5532 1766 5582 et
1779 5542 1813 5582 ex
1835 5523 1907 5598 parte

252 5598 280 5669 (i
306 5595 396 5662 idem,
410 5605 503 5667 partes
516 5597 832 5670 virolaraeterani,etc,

252 5663 277 5740 (ο
302 5660 349 5728 sia
363 5681 420 5726 me.
436 5671 529 5726 Antea
543 5665 623 5740 editi,
638 5665 671 5726 ει
679 5665 995 5746 posuaqmqqmgm
1122 5601 1250 5658 ⁰b⁸¹¹¹¹m
1266 5614 1350 5673 '0‘1111
1370 5597 1492 5672 plicuit·
