4128 6164
59 311 65 322 ,
161 235 218 309 aar
519 240 767 309 rrsvsmrro
790 195 893 308 creat
914 231 1056 304 narrar
1077 234 1129 302 oc
1150 233 1309 306 serarru
1331 235 1498 306 ssuorc.
1799 233 1859 306 ras
1973 301 1978 310 .

197 381 238 436 57.
254 378 422 437 Secundum
445 395 563 453 quoque
577 379 654 452 quod
678 393 784 435 nomen
805 375 937 450 spiritus,
953 377 982 430 et
996 373 1023 441 Α
1037 373 1116 430 aliud
1145 373 1174 428 in
1214 373 1356 431 'trinitate
1371 373 1508 448 usurpari
1541 374 1772 453 soletmvdvopsv
1790 383 1856 451 est;

161 469 338 526 voluntatem
353 467 493 537 hominis,
519 470 549 524 et
572 466 663 524 animi
687 464 862 522 sententiam
887 465 979 520 sonet.
1034 461 1114 520 verbi
1129 461 1234 536 gratia,
1250 467 1370 520 sanctus
1385 464 1481 520 bonus
1491 464 1558 538 (36),
1570 468 1600 523 et
1610 471 1711 527 catera
1721 469 1766 527 hia
1778 469 1858 528 simi-

162 557 382 631 Volensquippe
390 555 764 630 Apostolusvirginemnon
776 553 871 611 solum
883 567 980 626 opere,
1035 551 1084 621 lia,
1101 552 1137 607 de
1152 551 1260 625 quibus
1274 552 1360 625 paulo
1376 556 1442 609 ante
1462 553 1696 626 perstrinximus.

162 648 212 706 scd
227 651 256 704 at
268 651 365 703 ments
380 648 511 702 sanctam
528 661 603 712 esse,
616 645 645 701 id
660 646 714 710 est,
727 659 785 699 non
795 645 910 698 tautum
922 655 982 696 eor·
1070 641 1115 696 56.
1132 640 1220 696 Porro
1233 641 1269 696 ad
1285 641 1346 698 hac
1361 642 1527 700 necessario
1540 641 1667 700 devoluti
1691 663 1806 715 sumus,
1825 653 1859 706 ut

162 753 243 811 pore,
256 736 304 792 sad
314 739 433 792 atmotu
444 734 541 791 cordis
552 732 677 801 interno,
689 732 746 790 ait:
758 753 773 783 a
784 731 822 788 Ut
834 730 872 788 sit
881 732 982 786 sancta
1036 727 1106 802 quia
1116 728 1284 803 frequenter
1294 729 1449 803 appellatio
1464 731 1587 806 spiritus
1601 731 1631 788 iu
1642 733 1800 808 scripturis
1814 743 1859 795 est

163 841 282 899 corpore
303 828 331 881 et
349 823 483 898 spirituil
495 841 502 892 ;
514 845 528 874 a
554 822 733 879 voluntatem
754 820 859 894 spiritu
874 823 903 876 et
917 834 982 875 cor·
1037 817 1297 890 respersadiviuis,
1308 807 1547 877 non'labamurin
1557 823 1684 891 nomine,
1695 825 1745 880 sad
1756 843 1859 884 unum·

162 931 232 988 pore
243 930 328 987 opera
337 913 519 988 significans.
533 911 691 969 Considera
708 915 808 968 utrum
818 909 874 966 hoc
884 908 982 981 ipsum
1037 907 1174 981 quodque
1189 908 1350 965 secundum
1370 908 1501 965 locorum
1524 911 1677 970 varietates
1700 917 1730 970 ct
1752 911 1860 971 iutelli-
1913 973 1916 982 ,

161 1003 190 1059 in
204 1003 283 1059 isaia
295 1007 388 1068 sonet,
399 1003 477 1074 quod
500 1001 643 1074 scriptum
664 1005 708 1058 est
720 1017 727 1056 :
739 1022 753 1052 «
765 1001 800 1056 Bt
813 999 917 1065 scient,
932 994 982 1069 qui
1037 995 1151 1070 gentius
1161 995 1349 1070 accipiamus.
1361 997 1446 1053 Omni
1456 997 1555 1071 itaque
1565 1000 1862 1076 studioacdiligeutia

159 1091 386 1165 spiritnerrant,
401 1089 621 1148 tuunectumu.
638 1111 653 1139 a
669 1087 722 1154 Oui
735 1087 814 1144 euim
829 1085 982 1157 eruoreJu·
1037 1083 1212 1142 vocabulum
1228 1085 1366 1158 Spiritus:
1383 1086 1434 1142 ubi
1457 1089 1486 1142 et
1511 1089 1659 1160 quomodo
1682 1087 1860 1164 appellatum

159 1180 227 1236 dicii
243 1179 364 1253 aliapro
374 1178 441 1236 aliis
451 1179 527 1236 bona
537 1177 666 1251 [cl,bono
677 1175 785 1250 studio]
803 1175 984 1240 existimant,
1038 1173 1087 1243 sit,
1099 1173 1341 1247 contemplantes,
1354 1174 1536 1246 sophismata
1546 1191 1648 1233 corum
1658 1181 1686 1234 et
1697 1179 1864 1237 iraudulen-

159 1263 985 1344 acoipientintellsctum,utcorrigaturerrorillorum,et
1040 1261 1861 1338 medecipulasoonteramus,quiSpiritumsanctumas·

158 1375 208 1432 pro
235 1359 336 1432 pravis
363 1373 397 1415 ea
425 1373 489 1429 qua
517 1360 597 1414 recta
621 1359 692 1413 sunt
719 1353 838 1428 eligant.
866 1353 984 1409 Necnon
1039 1355 1142 1408 serunt
1151 1353 1325 1409 ereaturam.
1339 1353 1479 1426 Legeutas
1490 1353 1568 1410 enim
1579 1353 1608 1410 in
1620 1355 1772 1427 propheta,
1781 1361 1861 1430 «Ego

158 1447 281 1504 utillud:
293 1446 513 1504 «Unalortiudo
523 1444 768 1520 spiritusvsstri³⁹
779 1444 832 1517 lot,
844 1441 981 1512 nostru,-
1039 1455 1105 1496 sum
1116 1440 1299 1514 lismensldl)
1310 1440 1483 1510 tonitruum,
1494 1446 1635 1500 stcreans
1645 1443 1827 1518 Spiritum‘i,
1845 1467 1860 1496 a

157 1537 221 1594 vide
237 1554 276 1593 an
292 1535 422 1609 idipsum
434 1535 578 1592 ostendat.
594 1533 628 1591 ut
643 1531 844 1607 superomnia
858 1530 984 1587 vocabu·
1038 1528 1206 1602 ignorantia
1220 1528 1391 1604 multiplicis
1407 1531 1436 1587 in
1446 1530 1501 1588 hac
1516 1535 1598 1605 parts
1608 1533 1763 1606 sermonis,
1777 1537 1862 1608 puta·

157 1627 218 1684 lum
230 1623 498 1699 spiritusultiorem
509 1627 538 1681 et
545 1623 702 1697 mysticum
713 1619 908 1694 inSoripturis
917 1635 983 1675 sau·
1038 1622 1144 1676 verunt
1158 1617 1299 1691 Spiritum
1316 1623 1450 1676 sanctum
1465 1637 1499 1676 ex
1513 1620 1568 1677 hoo
1585 1622 1727 1679 vocabulo
1741 1623 1863 1680 demon·

157 1715 212 1773 ctis
228 1713 381 1790 siguificat
394 1711 586 1781 intellectum,
603 1717 636 1768 ut
649 1710 709 1769 ibi:
724 1733 737 1761 α
748 1710 857 1767 Littera
867 1707 983 1776 occidit,
1040 1707 1138 1779 strari,
1154 1724 1221 1764 oum
1245 1707 1506 1781 inpresentiarum
1524 1709 1647 1783 spiritus
1671 1727 1780 1769 nomeu
1794 1727 1862 1768 vsu·

157 1804 284 1878 spiritns
298 1807 397 1859 antem
411 1801 566 1858 viviticattl
577 1819 584 1868 ;
596 1822 611 1850 a
621 1795 749 1857 litteram
760 1799 860 1855 dicens
872 1796 985 1870 simpli·
1038 1799 1102 1853 turn
1115 1801 1209 1852 sonet.
1226 1797 1343 1854 Necnon
1359 1798 1388 1853 in
1404 1798 1544 1855 Zacharia
1560 1799 1714 1858 audientes
1730 1799 1862 1857 locutum
1880 1793 1886 1804 '

157 1911 235 1962 cem,
251 1897 281 1950 et
291 1890 478 1948 manifestam
489 1891 574 1962 juxta
592 1889 745 1946 historiam
766 1886 983 1954 narrationem
1039 1886 1208 1952 nominum,
1224 1886 1300 1958 qued
1316 1887 1380 1959 ipse
1394 1885 1433 1944 sit
1448 1888 1497 1960 qui
1510 1891 1573 1944 erat
1583 1887 1721 1962 spiritum
1733 1887 1863 1946 hominis

159 1982 385 2056 spiritumvero,
395 1985 531 2036 sanctum
540 1983 569 2036 et
579 1976 732 2051 spirituale
743 1991 829 2033 nosse
840 1976 895 2048 (34)
907 1975 983 2049 quod
1039 1973 1069 2030 in
1089 1975 1160 2044 eo‘l,
1181 1974 1422 2032 existimaverunt
1432 1975 1818 2049 Spiritumsanctumsticm
1828 1978 1859 2034 in

159 2071 281 2144 legitur.
292 2069 320 2124 ln
332 2067 551 2142 hanccougruit
566 2065 746 2124 voluntatem
757 2064 868 2122 utillud
881 2080 888 2121 ι
900 2087 915 2116 a
926 2061 985 2120 Nos
1038 2061 1095 2118 hoc
1109 2062 1237 2135 capitulo
1253 2063 1422 2137 significari,
1440 2083 1497 2122 non
1509 2065 1774 2124 animadvertentes
1784 2068 1863 2141 quod

160 2176 269 2218 sumus
283 2156 477 2224 circumcisio,
493 2155 544 2230 qui
558 2155 665 2230 spiritu
682 2155 805 2212 Domino
824 2153 984 2210 servientes
1039 2151 1169 2208 animam
1184 2151 1324 2220 bominis,
1340 2158 1391 2210 aut
1411 2154 1548 2228 spiritum
1574 2156 1673 2230 (quem
1698 2155 1817 2214 tertium
1833 2157 1862 2214 in

159 2264 279 2312 snmus,
290 2251 320 2303 et
328 2262 387 2303 uun
403 2245 433 2301 in
461 2261 549 2302 carne
565 2243 785 2302 confidentes‘¹.
803 2263 817 2292 v
837 2241 891 2310 Qui
907 2239 984 2297 enim
1039 2240 1158 2298 homine
1173 2243 1307 2314 essejam
1318 2242 1457 2316 diximus)
1468 2243 1591 2317 spiritus
1602 2243 1758 2318 appellatio
1771 2245 1862 2320 signi·

156 2353 215 2394 non
232 2335 333 2392 littera
347 2349 465 2392 carnem
481 2332 649 2402 concidunt,
665 2332 716 2388 ssd
732 2347 783 2388 cor
805 2328 910 2403 spiritu
926 2327 984 2385 cir·
1039 2328 1115 2385 ficet.
1132 2330 1207 2403 llrgo
1222 2333 1255 2386 ut
1269 2331 1417 2404 prelocuti
1441 2349 1554 2400 sumus,
1582 2331 1731 2406 quomodo
1754 2349 1862 2389 unum-

156 2423 510 2494 cumciduntauiereutes
525 2437 612 2478 omne
625 2421 690 2494 ejus
700 2419 894 2494 superfluum,
906 2417 1001 2490 quod*
1040 2418 1177 2491 quodque
1197 2419 1309 2476 dictum
1333 2419 1380 2489 sit,
1404 2419 1635 2489 consideremus,
1659 2437 1695 2477 ne
1720 2421 1793 2478 forte
1811 2437 1863 2494 per

156 2513 344 2588 generationi
354 2511 518 2586 proximum
533 2514 587 2578 est,
603 2513 632 2566 ct
645 2509 785 2578 amicum,
807 2507 838 2564 bi
852 2523 918 2566 vare
928 2505 985 2580 (35)
1039 2505 1235 2580 ignorantiam
1251 2507 1280 2564 in
1296 2507 1468 2565 barathrum
1487 2508 1659 2566 decidamus
1684 2508 1801 2567 erroris.
1817 2509 1864 2568 st

157 2603 265 2678 spiritu
280 2600 449 2659 circumcisi
464 2603 544 2668 sunt,
569 2599 600 2655 iu
624 2597 737 2656 occulto
760 2596 866 2665 iudei,
883 2593 986 2652 otveri
1040 2595 1158 2668 quidem
1174 2595 1204 2652 in
1225 2596 1292 2653 aliis
1313 2599 1400 2654 rebus
1424 2613 1457 2654 ax
1485 2597 1631 2656 consortio
1652 2598 1863 2656 vocabulorum

157 2692 313 2760 Israelita,
327 2692 357 2748 in
377 2691 487 2765 quibus
505 2705 562 2746 non
579 2691 625 2746 est
647 2687 745 2745 dolus.
769 2687 822 2753 Oui
834 2691 985 2743 transcen·
1040 2699 1120 2740 error
1134 2686 1281 2756 eveniens,
1297 2685 1498 2744 contusionem
1514 2690 1543 2744 et
1556 2686 1699 2760 pudorem
1713 2687 1740 2745 ei
1755 2687 1806 2762 qui
1820 2703 1864 2744 ar·

156 2783 264 2839 dentes
278 2780 403 2838 umbras
412 2777 592 2853 etimagines
600 2775 712 2835 Veteris
722 2775 913 2843 Testamenti,
926 2772 985 2830 cul·
1040 2772 1114 2836 ravit
1128 2773 1284 2846 importat:
1301 2775 1338 2831 de
1353 2775 1488 2849 supernis
1502 2791 1569 2832 vcro
1588 2779 1617 2832 et
1639 2775 1747 2834 divinis
1762 2775 1863 2850 lapsus

155 2875 238 2929 turus
252 2869 315 2926 veri
330 2867 454 2928 adorant
464 2871 578 2924 Putrem
598 2867 629 2922 in
651 2865 755 2940 spiritu
776 2869 804 2922 et
817 2863 984 2923 veritate⁴¹t
1040 2862 1076 2918 ad
1092 2878 1189 2934 prava,
1205 2863 1240 2919 ad
1257 2866 1395 2920 eternam
1411 2879 1527 2936 posnam
1546 2865 1663 2921 deducit
1676 2867 1705 2922 st
1720 2869 1863 2922 tartarum

156 2960 187 3017 iu
202 2958 326 3033 spiritu,
343 2957 414 3030 quis
429 2954 591 3030 corporalia
604 2961 634 3013 et
652 2954 778 3012 humilia
797 2953 984 3012 transcende·
1040 2950 1089 3024 lot.
1105 2951 1299 3024 barathruml,
1317 2952 1443 3009 maxime
1457 2969 1525 3009 cum
1545 2952 1635 3010 semel
1654 2953 1794 3028 deceptus
1811 2970 1862 3011 nc-

156 3053 249 3116 runt;
264 3049 298 3104 in
311 3046 442 3114 veritate,
458 3045 527 3121 quia
540 3048 635 3119 typos,
651 3047 680 3101 et
699 3045 830 3112 umbras,
846 3048 875 3101 et
888 3059 985 3100 exem·
1040 3038 1129 3096 luerit
1143 3040 1378 3114 resipisceresed
1393 3058 1481 3098 suum
1499 3043 1575 3100 m
1596 3041 1749 3101 defensare
1765 3043 1862 3116 impu-

157 3137 255 3212 plaria
264 3135 476 3208 relinquentes,
488 3135 524 3190 ad
539 3134 632 3207 ipsius
651 3133 781 3190 veritatis
796 3147 901 3189 venere
915 3132 986 3189 suh·
1002 3117 1023 3186 G
1042 3127 1144 3185 denter
1157 3145 1296 3188 errorem.
1307 3130 1433 3188 Decehat
1443 3129 1542 3200 etiam,
1556 3135 1585 3188 et
1599 3131 1771 3205 magnitudo
1781 3130 1862 3190 vulu-

157 3223 323 3284 stantiam:
339 3227 370 3281 et
382 3229 416 3280 ut
428 3225 491 3296 jam
506 3223 644 3290 diximus,
666 3221 773 3279 humili
796 3225 826 3278 et
849 3235 987 3294 corpores
1041 3217 1131 3274 minis
1144 3218 1287 3293 exigebat,
1304 3222 1336 3276 ut
1351 3219 1439 3277 tinem
1459 3219 1603 3296 acciperet
1618 3221 1720 3278 oratic.

156 3315 317 3372 verborum
336 3310 525 3386 simplicitate
547 3315 726 3385 contempta,
743 3312 779 3368 ad
803 3308 986 3384 spiritualem
1075 3308 1121 3363 60.
1137 3307 1245 3365 Verum
1270 3309 1340 3382 quia
1363 3309 1452 3366 infert
1475 3326 1506 3368 se
1529 3310 1650 3383 questio
1674 3311 1815 3368 adversus
1829 3327 1863 3368 sa

158 3401 236 3476 tegis
250 3401 386 3459 notitiam
402 3404 607 3474 pervenerunt.
1041 3412 1104 3469 que
1118 3397 1489 3470 superiusdisputavimus:
1502 3414 1591 3472 quam
1602 3399 1863 3472 idciroctuncpre-

197 3493 246 3547 58.
260 3491 327 3548 lino
341 3489 458 3546 interim
467 3489 553 3562 juxta
571 3486 796 3562 possibilitatem
812 3488 921 3562 ingenii
933 3504 987 3545 uo·
1040 3485 1233 3555 termieimus,
1246 3502 1282 3544 ue
1291 3487 1864 3562 textumssrmonisirrumperet‚etinter

164 3579 223 3635 stri
238 3581 306 3650 quot
328 3595 374 3636 res
394 3578 516 3652 spiritus
540 3575 729 3652 signiticaret,
753 3577 917 3651 attigimus,
933 3594 987 3634 suo
1040 3575 1120 3647 piam
1143 3575 1379 3648 praedicationum
1410 3576 1501 3650 impia
1522 3577 1669 3634 contentio
1693 3582 1863 3651 poneretur,

164 3673 300 3741 tempore
313 3667 381 3742 quid
400 3667 632 3740 unumquodque
647 3667 802 3740 significet,
818 3666 844 3724 si
854 3666 987 3724 Christus
1040 3665 1240 3722 necessarium
1255 3670 1326 3739 puto
1341 3666 1377 3723 ud
1388 3667 1571 3740 propositum
1587 3667 1772 3740 respondere,
1787 3669 1816 3722 et
1826 3665 1864 3726 le.-

161 3756 313 3824 tribuen't,
333 3757 497 3814 disserturi.
517 3757 715 3828 Nouunquum
735 3761 834 3813 autem
849 3755 986 3829 Spiritus,
1041 3753 1267 3824 ctorisarbitrio,
1279 3755 1349 3828 quid
1361 3755 1634 3829 superbissentiat,
1648 3754 1861 3830 derelinquere.

159 3849 192 3904 et
200 3845 348 3904 Dominus
356 3849 457 3902 nostor
466 3845 553 3903 lesus
564 3845 709 3914 Christus,
723 3845 752 3901 id
768 3843 987 3913 anthelmius
1040 3842 1533 3918 Disputantibusergosupra,quod
1543 3844 1862 3903 animumvelrusntsm

163 3933 989 4010 appellatur.“BeniguussiquidemeatSpiritussapien·
1040 3931 1862 4008 bominisnullacreaturajuxtasubstantiampossitim-

162 4025 268 4081 w.»
280 4022 443 4080 Stmiu
454 4021 582 4080 alioloco
594 4040 601 4079 :
612 4045 626 4074 «
639 4023 780 4079 Dominus
790 4026 888 4081 autem
899 4022 988 4096 Spiri-
1041 4019 1130 4093 plere,
1146 4020 1203 4076 uisi
1219 4020 1281 4077 sola
1294 4021 1435 4090 Trinitas,
1450 4023 1520 4095 quia
1538 4023 1742 4081 tantummodo
1758 4040 1862 4080 sccun-

160 4115 304 4180 ussaw,
320 4135 335 4162 v
345 4111 599 4181 utautediximus,
610 4111 661 4169 ubi
671 4112 760 4168 etiam
771 4111 844 4168 illud
856 4113 988 4184 adjunxi-
1041 4109 1112 4166 dum
1127 4108 1338 4182 operationem,
1353 4113 1383 4166 at
1397 4109 1555 4168 voluntatis
1574 4127 1714 4178 errorem,
1729 4110 1789 4167 sive
1803 4110 1863 4166 vir·

161 4220 243 4270 mus,
254 4225 269 4254 s
282 4201 493 4275 SpiritusDeus
504 4201 585 4270 ast‘⁸,
598 4223 613 4252 a
626 4201 776 4272 nonjuxta
787 4200 915 4258 nominis
925 4205 988 4258 tan·
1041 4202 1145 4265 tutem,
1161 4197 1278 4256 animus
1293 4199 1328 4254 de
1343 4198 1390 4256 his
1406 4215 1469 4273 quc
1483 4203 1579 4257 creata
1593 4200 1640 4267 [cl.
1656 4198 1778 4271 sociata]
1793 4201 1864 4255 sunt

159 4287 988 4361 tumcommunionem,sedjuxtanaturaesubstantiaeque
1041 4287 1198 4360 impletur:
1215 4287 1504 4361 ohortaestqutestio
1518 4293 1628 4354 nostra,
1649 4286 1735 4361 quasi
1750 4291 1865 4344 senten·

159 4377 988 4450 consortiumtluomcdcenimquorumdiversssubstau·
1041 4377 1112 4434 tiam
1129 4377 1254 4446 solvens,
1270 4377 1349 4450 quod
1364 4379 1461 4434 creata
1475 4376 1653 4448 substantie,
1667 4376 1773 4450 quain
1788 4375 1865 4438 Scri·

158 4466 427 4536 tisest,interdum
437 4467 533 4524 evcnit
543 4469 576 4522 ut
591 4465 739 4522 communi
758 4467 899 4524 vocabulo
910 4485 985 4524 nun·
1002 4485 1025 4552 D
1041 4467 1136 4540 pturis
1150 4467 1273 4524 Satanas
1286 4466 1461 4540 appellatur,
1486 4465 1668 4541 ingrediatur
1690 4465 1721 4522 in
1737 4465 1863 4540 aliquos,

157 4561 317 4631 enpantur,
333 4559 364 4612 at
374 4555 436 4612 hac
447 4553 677 4618 dicunturtrvivv
693 4571 727 4618 pc
742 4555 785 4612 ita
798 4572 986 4630 eorum,quo-
1041 4559 1069 4612 et
1084 4571 1133 4612 cor
1147 4555 1343 4629 quorumdam
1363 4554 1486 4628 implere
1509 4555 1632 4612 dicatur.
1654 4557 1727 4613 Nam
1744 4555 1779 4612 ad
1795 4570 1864 4613 sum

156 4661 228 4702 rum
237 4645 342 4702 eadem
352 4647 513 4701 sstnaturs
530 4647 618 4717 atque
628 4644 805 4712 substantia,
816 4661 884 4702 cum
900 4645 988 4723 socie·
1042 4644 1094 4717 qui
1109 4644 1295 4701 medietatem
1311 4644 1395 4716 pretii
1411 4644 1447 4702 de
1466 4661 1536 4719 agro
1560 4645 1677 4702 vendito
1701 4643 1767 4712 sibi,
1783 4643 1864 4700 aliud

154 4739 222 4791 tate
238 4731 389 4802 vocabuli,
405 4735 516 4790 naturas
531 4748 647 4805 quoque
657 4733 809 4805 equalitas
822 4733 987 4807 copulatur,
1043 4733 1195 4806 profitens,
1210 4737 1381 4803 reservaret,
1399 4751 1415 4790 a
1430 4734 1514 4792 Petro
1529 4732 1660 4808 apostolo
1671 4731 1784 4789 dictum
1799 4735 1863 4788 est:

156 4829 190 4880 et
204 4821 371 4896 disciplinas
385 4820 605 4878 dialecticorum
627 4825 672 4879 est
694 4821 842 4895 appellare
856 4823 916 4880 bac
931 4839 987 4873 cov-
1044 4845 1058 4874 α
1074 4821 1196 4890 duania,
1212 4838 1302 4895 quare
1317 4821 1449 4896 implevit
1472 4824 1594 4880 Satanas
1617 4839 1667 4878 cor
1690 4825 1775 4876 tuum
1787 4817 1833 4874 “i
1848 4841 1864 4872 »

153 4915 257 4974 avopa.
293 4910 404 4968 ldcircc
418 4913 446 4968 st
467 4909 594 4983 Spiritus
614 4911 799 4980 vocabulum,
826 4917 855 4969 et
878 4912 903 4970 si
918 4913 990 4986 quid
1043 4913 1081 4970 ut
1094 4911 1130 4968 de
1142 4910 1218 4967 tuda
1233 4909 1364 4983 loquitur
1376 4911 1440 4984 ipse
1453 4911 1596 4978 Salvator,
1612 4909 1689 4982 quod
1715 4907 1865 4965 intraverit

191 5069 729 5141 81ῐίῑοι,νιι,34.*διειωωιημὶι
764 5072 787 5107 ³⁹
815 5070 871 5128 Isa.
900 5088 941 5142 xr,
959 5075 1002 5130 15.
1023 5073 1084 5128 ωΙΙ
1099 5072 1162 5128 Cor.
1180 5087 1223 5138 111,
1239 5071 1266 5127 6.
1301 5070 1323 5106 ⁸¹
1349 5070 1475 5144 Philipp.
1500 5084 1543 5136 nr,
1565 5069 1591 5126 3.
1616 5070 1639 5106 ‘¹
1661 5069 1745 5126 Joan.
1761 5087 1800 5138 ιν,
1817 5069 1862 5138 ut,

150 5143 177 5178 ⁰
192 5142 265 5216 Sap.
279 5159 299 5210 r,
313 5143 341 5198 6.
357 5143 380 5178 ⁸⁸
398 5141 424 5199 ll
447 5142 511 5199 Gor.
542 5159 586 5209 111,
614 5143 659 5198 17.
686 5143 708 5178 ⁸⁸
733 5143 818 5212 Joau,
845 5159 884 5212 rv,
900 5145 945 5199 at.
961 5145 983 5181 *θ
1003 5147 1093 5201 Amos
1109 5159 1147 5212 rv,
1164 5142 1208 5198 l2.
1225 5143 1246 5176 ‘⁷
1261 5141 1347 5198 Zach.
1363 5159 1417 5209 arr,
1433 5143 1458 5198 1.
1472 5143 1494 5178 ⁸⁸
1513 5142 1576 5209 Act,
1589 5157 1617 5211 v,
1633 5141 1660 5196 3.

190 5309 253 5381 (ill)
267 5310 374 5366 lterum
390 5326 425 5367 cx
440 5309 541 5366 eadem
553 5309 679 5367 editione
690 5313 719 5368 et
728 5309 822 5368 vatic.
836 5326 903 5380 ms,
916 5327 984 5368 oum
1074 5310 1268 5385 [Sdlllmendo
1279 5327 1313 5367 ex
1322 5309 1410 5367 veteri
1419 5307 1557 5379 editione,
1569 5333 1582 5361 a
1595 5309 1719 5366 Sanctus
1728 5307 1835 5380 bonus,
1849 5329 1862 5359 u

149 5385 254 5451 antea,
273 5403 287 5431 ιι
301 5397 366 5438 esse
382 5404 393 5431 ι
412 5397 465 5454 pro
486 5402 501 5432 «
517 5397 604 5439 nosse
619 5403 633 5431 u
647 5381 804 5455 legeretur.
1039 5398 1107 5439 oum
1121 5385 1200 5439 esset
1214 5386 1316 5440 contra
1329 5383 1462 5439 Auctoris
1476 5387 1617 5448 mentem,
1637 5403 1651 5431 a
1667 5379 1795 5454 Spiritus
1809 5380 1862 5438 ho·

191 5451 250 5524 (35)
265 5449 377 5509 vitiose
390 5458 420 5510 et
433 5451 530 5511 hiulco
545 5469 637 5534 ²sensu
659 5458 732 5523 erat,
747 5453 885 5510 «bivero
900 5475 914 5505 a
932 5470 984 5528 pro
1039 5470 1106 5510 nus.
1123 5477 1133 5504 ι

150 5524 605 5593 «semotumuovomendo,
622 5540 724 5586 «vera
747 5523 884 5586 Israeliten
902 5547 913 5576 ι
931 5542 984 5599 pro
1074 5525 1130 5598 (37)
1145 5523 1199 5580 Pro
1229 5547 1243 5575 α
1273 5541 1338 5583 sum
1369 5525 1501 5596 firmans,
1519 5547 1534 5576 a
1562 5524 1774 5592 dracmam,
1800 5526 1862 5579 erat

150 5615 169 5646 ι
185 5610 264 5665 vers,
279 5617 295 5645 u
310 5599 363 5654 sut
376 5619 391 5648 a
407 5595 477 5653 veri.
495 5617 510 5648 v
1039 5619 1053 5647 a
1069 5595 1248 5657 confirmavi.
1267 5619 1282 5647 »
1297 5597 1329 5658 lu
1344 5596 1456 5672 aliquot
1475 5613 1559 5668 mss,
1576 5619 1589 5648 a
1605 5613 1672 5666 sum
1689 5595 1828 5658 formans.
1845 5613 1860 5648 a
