4064 6158
135 259 186 329 ddi
678 255 888 330 ADVERSUS
908 257 1153 330 sotularium
1177 257 1249 328 tia.
1271 257 1298 328 l.
1776 259 1837 336 282
1862 335 1865 342 ,

134 399 203 472 (edo
223 399 265 457 et
287 399 384 458 eastra
405 395 537 470 eboraica
561 399 586 456 εἰ
609 399 740 472 fidorum
764 397 910 456 hetaeriae
927 399 958 454 ia
971 399 999 467 Α
1012 397 1096 468 dabo,
1117 397 1195 470 quod
1209 398 1259 471 qui
1275 402 1376 456 oetam
1391 397 1438 464 die
1452 395 1643 458 circumcisus
1667 403 1722 470 est,
1739 404 1768 458 et
1781 417 1835 476 pro

132 488 343 562 dr'eraj'udicr'i:
357 493 388 546 at
402 489 534 562 quomodo
560 488 612 547 ille
632 497 682 557 eat,
707 491 746 546 eie
768 492 793 544 et
809 504 859 546 eoa
872 491 961 546 timor
1015 504 1072 561 quo
1088 489 1156 560 par²
1170 491 1330 557 torturum,
1347 492 1375 544 st
1389 488 1447 544 duo
1470 487 1543 560 pulli
1567 489 1770 548 columbarum
1786 491 1834 549 die

132 578 226 636 iohoe
246 581 350 637 saecuto
376 581 400 652 (l
425 581 505 636 laea.
536 597 574 648 iv,
603 579 658 650 17).
689 577 817 651 Epistola
844 592 961 650 quoque
1013 575 1198 649 purgationis
1220 577 1312 633 oblati
1335 580 1414 646 enat,
1439 595 1505 633 cum
1528 579 1649 649 ceteris,
1676 584 1834 653 antequem

131 667 214 726 inde
229 667 289 724 tale
305 669 377 741 quid
394 668 551 742 significat,
571 667 699 724 odientes
710 676 737 724 et
759 669 854 723 carnia
867 668 960 739 pollu—
1014 667 1172 738 pateretur,
1188 665 1341 721 iudaicam
1357 665 1599 722 consuetudinem
1619 667 1835 739 comprobavit:

133 765 192 814 tora
218 759 341 814 meream
371 757 462 830 (laede
489 757 545 828 23).
579 762 723 825 Legamus
755 754 959 828 apocalypsim
1014 769 1050 810 ne
1065 753 1125 810 illis
1140 755 1321 810 occasionem
1335 755 1415 826 juste
1438 772 1470 811 se
1493 754 1687 812 interficiendi
1708 757 1836 815 tribuere
1898 799 1899 810 ,

132 845 268 909 Jcennis,
282 849 312 902 et
326 846 366 902 ibi
383 847 562 919 reperiemus
582 847 699 917 Agrium
721 859 810 917 super
827 847 957 901 montem
1014 842 1170 909 videretur,
1187 841 1271 915 quasi
1286 842 1381 917 legem
1400 844 1555 900 destruens
1569 844 1773 916 damnansque
1787 862 1836 902 ua-

132 932 215 1001 Sion,
229 938 341 990 etcum
356 951 392 990 eo
407 939 525 990 centum
541 933 737 1006 quadraginta
752 936 877 1005 quatuor
894 932 959 989 mil·
1013 934 1121 988 turam.
1131 933 1304 1003 Quanquam
1312 937 1340 986 el
1351 931 1405 988 hoc
1419 933 1577 1004 pronubis.
1590 934 1644 999 Qui
1656 935 1835 991 enimsemel

132 1020 170 1078 lia
191 1023 395 1095 signatorum,
420 1021 592 1078 habentium
622 1037 728 1077 nomen
753 1021 827 1093 ejus,
854 1025 882 1076 et
908 1038 952 1076 no·
1013 1019 1093 1075 venit
1116 1021 1152 1075 ad
1175 1020 1303 1091 nuptiae,
1328 1019 1418 1075 semel
1443 1019 1543 1076 docuit
1563 1036 1628 1076 csse
1652 1022 1834 1078 nubendum.

131 1127 196 1167 men
212 1111 313 1166 Patris
329 1113 396 1183 ejus
419 1111 564 1183 scriptum
588 1111 618 1166 in
642 1109 788 1166 t'rcnlibus
812 1109 887 1180 suis,
911 1111 960 1181 qui
1015 1109 1096 1165 806
1112 1109 1146 1164 lat
1161 1113 1232 1164 tunc
1245 1109 1405 1181 virginitati
1421 1115 1519 1180 posset
1533 1109 1659 1178 allicere,
1675 1109 1700 1166 si
1719 1111 1839 1184 nuptias

131 1199 422 1255 cantantCanticum
441 1215 560 1266 novum,
588 1203 617 1254 et
641 1215 726 1255 nemo
748 1203 842 1270 potest
866 1198 962 1253 dicere
1015 1202 1082 1270 post
1103 1197 1310 1270 virginitatem,
1335 1202 1365 1253 et
1384 1197 1535 1254 viduitatis
1557 1199 1763 1256 castimoniam
1780 1217 1838 1257 non

133 1287 286 1344 mutia-mm
302 1287 401 1356 illlud,
418 1287 520 1343 nisibi
543 1287 593 1360 qni
615 1287 706 1359 empti
731 1291 801 1343 sunt
822 1287 858 1342 de
873 1291 960 1343 terra.
1016 1285 1046 1340 in
1062 1287 1154 1358 gradu
1170 1285 1254 1340 tertio
1269 1301 1452 1358 poneremus.
1467 1286 1550 1341 Nunc
1562 1290 1736 1342 autemeam
1747 1287 1840 1344 hare-

136 1377 336 1448 lstisuntqni
357 1392 427 1433 cum
451 1375 625 1432 mulieribus
651 1392 683 1432 se
707 1393 764 1432 non
789 1375 962 1447 coinquina·
1015 1372 1140 1429 tioorum
1165 1374 1203 1429 sit
1227 1374 1367 1430 damnare
1391 1374 1537 1447 conjugia,
1571 1377 1600 1430 et
1621 1374 1671 1430 Dei
1702 1391 1840 1448 spernere

134 1469 248 1530 verunt,
278 1465 420 1538 virginee,
456 1465 534 1520 enim
559 1469 795 1537 permenserunt.
826 1463 902 1521 8θῦ
928 1463 962 1519 Hi
1016 1461 1224 1531 conditionem,
1241 1462 1385 1536 quidquid
1401 1463 1437 1518 da
1451 1463 1537 1519 laude
1560 1463 1666 1518 dixerit
1689 1463 1742 1537 [lt.
1759 1464 1839 1522 dixe·

133 1557 301 1626 seqauntnr
317 1555 436 1626 Agrum
460 1569 637 1626 quocunque
658 1553 761 1608 vadit:
786 1553 876 1626 empti
894 1555 964 1608 sunt
1017 1551 1085 1622 rint]
1103 1551 1299 1624 nuptiaruml,
1311 1551 1435 1608 libenter
1449 1552 1597 1608 audimus.
1614 1552 1741 1609 Ecclesia
1760 1554 1838 1610 enim

131 1642 206 1698 enim
222 1659 260 1698 ex
274 1641 449 1698 hominibus
463 1641 599 1714 primitie
614 1641 672 1698 Deo
687 1649 715 1698 at
728 1643 823 1712 Agna,
834 1646 862 1697 et
873 1642 903 1696 in
914 1657 963 1697 ore
1017 1641 1206 1696 matrimonia
1220 1657 1277 1696 non
1293 1641 1424 1709 damnat,
1441 1641 1491 1697 sed
1508 1640 1645 1711 subjicit;
1659 1658 1712 1698 neo
1727 1642 1839 1714 abjicit,

129 1729 266 1803 ipsorum
292 1745 352 1786 non
386 1734 432 1786 est
452 1730 604 1787 inventum
628 1731 826 1799 mendacium,
851 1734 880 1786 et
901 1730 963 1786 sine
1018 1730 1249 1801 seddispensat;
1266 1730 1372 1798 sciens,
1389 1729 1680 1802 utsupradiximns,
1707 1730 1839 1788 indomo

132 1818 250 1876 macula
265 1823 349 1876 sunl.
370 1819 410 1874 De
432 1818 557 1892 siugulis
579 1819 728 1884 tribubus,
752 1823 870 1892 excepta
885 1819 963 1876 tribu
1019 1833 1199 1891 magnanon
1215 1819 1311 1874 solum
1328 1835 1393 1875 esse
1407 1835 1477 1875 vasa
1487 1835 1575 1876 aurea
1590 1823 1619 1875 et
1629 1824 1777 1894 argentea,
1789 1821 1839 1876 sed

130 1908 202 1976 Dan,
219 1925 278 1981 pro
302 1923 363 1980 qua
383 1907 533 1980 reponitur
557 1907 662 1976 tribus,
688 1907 782 1974 Lsrl¹,
809 1907 962 1964 duodecim
1018 1911 1047 1962 et
1062 1906 1158 1978 lignea
1173 1910 1203 1962 et
1217 1907 1336 1976 fictilia;
1359 1912 1388 1963 et
1400 1907 1457 1964 alia
1479 1924 1543 1964 csse
1567 1908 1597 1965 in
1614 1909 1764 1978 honorem,
1780 1908 1839 1965 alia

131 1997 228 2054 millia
252 1996 403 2069 virginum
430 1997 612 2070 signatorum
643 1995 790 2053 creditura
814 1997 963 2066 dicuntur,
1018 1995 1048 2050 in
1063 1994 1513 2069 contumeliam;etquicunqne
1524 2012 1555 2055 se
1568 1997 1761 2068 mundaverit,
1773 2012 1841 2054 aum

134 2085 274 2158 quicum
290 2083 460 2142 mulieribus
480 2091 538 2142 non
560 2089 632 2142 sunt
656 2085 848 2157 coinquinati.
872 2087 912 2141 Ao
928 2101 964 2142 ne
1019 2085 1150 2140 laturum
1174 2099 1239 2141 esse
1263 2101 1313 2141 vas
1339 2084 1517 2151 honorabile,
1543 2089 1572 2142 et
1595 2086 1795 2143 necessarium
1811 2085 1842 2143 in

128 2179 313 2248 putaremus
326 2175 362 2230 de
376 2173 426 2230 his
438 2174 507 2242 dici,
523 2175 574 2246 qui
591 2178 687 2231 scorta
702 2191 758 2231 non
776 2179 893 2242 norunt,
904 2179 963 2230 sta·
1019 2189 1106 2229 omne
1120 2189 1194 2245 opus
1210 2173 1320 2229 bonum
1336 2177 1541 2245 preparatum.
1632 2195 1637 2204 ·

131 2263 185 2319 hm
201 2262 327 2318 intulit:
346 2265 476 2334 Virginea
496 2265 570 2319 caim
591 2271 814 2336 permanserunt.
840 2263 881 2318 Ex
906 2279 963 2336 quo
1055 2261 1098 2316 ll.
1123 2259 1257 2334 Eeemplo
1278 2279 1293 2317 e
1312 2262 1409 2318 secuti
1434 2261 1565 2318 disertis.
1593 2263 1745 2332 Virginitas
1770 2264 1843 2332 opud

130 2351 267 2410 ostendit
278 2367 385 2408 omnes
400 2352 451 2424 qui
466 2352 595 2424 virgines
610 2367 669 2408 non
680 2354 914 2424 permanserunt,
926 2352 962 2408 ad
1019 2349 1149 2407 ethnicos.
1168 2352 1291 2422 Virpiocs
1315 2350 1416 2406 honore
1439 2367 1547 2422 semper
1569 2350 1673 2406 habite
1697 2351 1770 2423 apud
1790 2356 1843 2410 lio-

132 2442 389 2514 comparationem
401 2439 565 2512 purissima
580 2445 609 2496 ct
620 2439 757 2513 angelice
770 2439 924 2508 castitatis,
935 2444 965 2496 et
1018 2454 1123 2494 moros.
1140 2438 1340 2510 Spartanorum
1353 2440 1484 2509 cirpr'uea.
1500 2440 1563 2494 Alio
1587 2439 1731 2508 Virginem
1745 2457 1841 2497 emm·

134 2529 227 2604 ipsius
241 2529 366 2586 Domini
382 2529 473 2584 nostri
489 2529 559 2585 Jesu
575 2528 693 2600 Christi,
704 2528 914 2602 essepolluios.
925 2530 966 2584 Hi
1017 2529 1074 2599 plu.
1091 2527 1217 2584 -Satis
1239 2527 1413 2600 abundeque
1442 2527 1614 2583 Christianae
1639 2528 1787 2600 pudicitie
1812 2533 1842 2586 et

133 2621 262 2690 suntque·
284 2622 405 2674 malent
428 2618 573 2674 Canticum
596 2633 707 2685 rwoum,
734 2618 804 2690 quod
825 2633 903 2675 nemo
915 2633 965 2690 po·
1019 2615 1196 2689 virginitatis
1220 2615 1369 2688 angelice,
1399 2617 1435 2672 de
1458 2615 1565 2672 divinis
1589 2615 1687 2672 Libris
1711 2617 1844 2685 exempla

132 2715 179 2764 teat
191 2723 309 2775 maere,
325 2708 384 2761 aiei
397 2708 446 2778 qui
459 2708 539 2776 uirgo
553 2711 602 2762 eet.
623 2707 658 2762 lli
681 2705 752 2762 auat
765 2709 902 2779 primitie
917 2707 966 2762 llei
1020 2704 1210 2778 prebuimus
1221 2703 1277 2761 Sed
1288 2705 1427 2777 quoniam
1438 2703 1567 2762 intellexi
1577 2704 1606 2761 in
1618 2705 1842 2763 Commentariis

131 2801 157 2853 et
170 2798 254 2868 Aperi,
272 2801 302 2852 cl
316 2797 379 2851 aiae
400 2796 511 2850 mocula
534 2795 616 2868 (Apoe
639 2812 698 2866 xiv,
714 2795 741 2862 3,
768 2797 805 2868 l).
832 2796 862 2852 Si
877 2795 964 2869 virgi·
1020 2793 1190 2862 adversarii,
1208 2794 1356 2866 provocari
1372 2809 1426 2850 nos
1441 2794 1529 2850 etiam
1545 2795 1579 2850 ad
1607 2795 1709 2850 mundi
1727 2797 1844 2869 sapien·

132 2901 183 2942 nes
197 2884 345 2958 primitie
356 2883 407 2939 Dei
418 2888 489 2939 suut
500 2901 506 2939 :
518 2883 965 2956 argovidueetinmatrimonio
1019 2883 1102 2950 tiam,
1119 2882 1196 2954 quod
1212 2898 1364 2954 nunquam
1380 2882 1435 2938 hoc
1451 2899 1543 2955 genus
1557 2881 1588 2939 in
1604 2882 1709 2940 secolo
1725 2884 1764 2940 sit
1778 2901 1845 2956 pro·

130 2974 334 3038 continentes,
350 2975 434 3028 erant
447 2976 515 3044 post
530 2971 687 3045 primitias,
703 2973 732 3029 id
749 2977 803 3039 est,
816 2973 846 3028 in
862 2989 965 3030 secun·
1019 2972 1133 3039 batum,
1149 2975 1178 3026 et
1196 2987 1304 3026 novum
1327 2971 1433 3043 dogma
1457 2976 1558 3027 eontra
1582 2975 1716 3027 naturam
1739 2971 1843 3044 religio

132 3063 168 3120 do
182 3067 214 3119 et
226 3061 443 3134 tertiogradu:
460 3077 513 3116 neo
528 3061 611 3133 prius
626 3060 896 3134 perdituspopulus
909 3061 966 3117 sal·
1021 3065 1122 3117 nostra
1147 3059 1316 3132 prodiderit,
1341 3076 1510 3131 percurram
1535 3061 1660 3116 breviter
1683 3060 1798 3118 Graecae
1816 3065 1845 3117 et

130 3153 192 3208 rari
203 3150 329 3225 poterit,
348 3149 405 3206 nisi
424 3148 500 3206 tales
518 3137 796 3206 hostiae'castitatis
811 3155 868 3207 Deo
883 3150 965 3206 obtu-
980 3139 1002 3207 G
1021 3149 1140 3206 Latinas
1155 3149 1357 3221 barbarasque
1372 3147 1520 3219 historias,
1536 3149 1681 3206 etdocebo
1691 3149 1842 3223 virginita-

131 3239 210 3308 lerit,
224 3243 255 3295 at
269 3237 496 3294 immaculatum
511 3243 639 3310 agnum,
652 3238 966 3310 purissimueviotimis
1020 3242 1079 3294 tem
1093 3253 1211 3310 semper
1225 3237 1356 3294 tenuisse
1371 3237 1518 3309 pudicitie
1532 3238 1740 3312 principatum.
1757 3239 1842 3296 liele·

135 3325 382 3384 reconciliaverit.
399 3325 549 3382 lntinitum
571 3329 617 3382 est
640 3327 674 3382 de
694 3326 849 3400 Evangelio
865 3327 966 3384 decem
1021 3331 1090 3383 runt
1106 3325 1210 3382 tabula
1225 3326 1390 3382 Atalantam
1403 3325 1590 3400 Calydonium
1605 3327 1748 3402 virginem
1763 3345 1843 3385 sam-

133 3416 288 3490 rirginum
302 3430 447 3488 exponere
463 3419 688 3492 sacramentum⁸
707 3414 837 3488 quinque
862 3415 966 3472 stulta·
1020 3431 1073 3487 per
1087 3415 1117 3470 iu
1131 3414 1297 3484 venatibus,
1314 3431 1430 3488 semper
1450 3414 1479 3470 in
1503 3415 1595 3485 silvis,
1621 3433 1678 3472 non
1694 3422 1843 3474 tumentes

137 3521 212 3560 rum
225 3509 255 3560 et
268 3505 396 3577 quinque
411 3503 589 3576 sapientum.
611 3503 671 3559 Hoc
685 3504 781 3560 solum
799 3521 877 3560 nnnc
889 3503 965 3575 dico,
1020 3507 1119 3560 uleros
1135 3503 1311 3560 laminarum
1327 3504 1501 3577 fastidiaque
1513 3509 1717 3578 conceptuum,
1730 3507 1781 3563 sed
1792 3523 1844 3564 ex-

144 3593 228 3665 qucd
242 3593 383 3664 quamodo
398 3593 511 3664 absque
526 3592 638 3649 castoria
653 3593 791 3664 operibus
812 3594 967 3667 virginitas
1020 3594 1149 3666 peditam
1165 3597 1193 3650 et
1212 3597 1322 3650 castam
1347 3609 1462 3650 amasse
1486 3593 1634 3650 virtutem.
1659 3595 1842 3667 Harpalicem

141 3679 211 3738 sola
226 3696 282 3738 non
293 3679 391 3748 salvat,
403 3681 446 3738 sic
456 3680 556 3738 omnia
566 3697 655 3753 opera
665 3681 776 3754 absque
787 3681 965 3755 virginitate,
1021 3698 1138 3754 quoque
1152 3681 1294 3754 virginem
1309 3681 1463 3738 Thraciam
1478 3682 1604 3754 insignis
1620 3684 1841 3755 poeta(V1earu.

138 3769 282 3842 puritate,
305 3769 495 3838 coutinentia,
520 3770 664 3836 castitate,
689 3769 860 3843 imperfecta
884 3776 964 3828 sunt.
1022 3770 1173 3842 1AEaer'd.)
1196 3769 1355 3838 describit;
1380 3775 1410 3826 et
1432 3771 1564 3844 reginam
1593 3770 1764 3828 Volscorum
1789 3771 1843 3829 (la-

135 3860 179 3918 b'x
204 3875 264 3932 quo
293 3873 482 3931 nequaquam
502 3875 556 3914 nos
585 3857 657 3914 illud
682 3860 788 3930 poterit
811 3859 965 3933 impedire,
1021 3859 1249 3931 millem,quam
1266 3859 1579 3940 Tumuacuiaurilio
1596 3864 1723 3929 venerat,
1740 3859 1844 3918 lauda-

135 3950 220 4022 quod
235 3948 423 4005 &ismarius
437 3948 547 4020 objicit,
564 3948 656 4005 luisse
670 3948 829 4005 Dominum
844 3950 873 4004 in
889 3953 967 4006 Cana
1020 3965 1051 4004 re
1065 3947 1175 4015 volens,
1192 3963 1250 4004 non
1272 3933 1412 4020 amplius‘
1424 3949 1528 4006 habuit
1547 3950 1625 4022 quod
1650 3949 1769 4018 diceret,
1785 3950 1843 4008 nisi

135 4035 274 4104 Galileae,
295 4040 326 4094 et
349 4036 520 4109 nuptiarum
544 4036 618 4093 testa
647 4035 821 4106 celebrasse,
847 4037 965 4109 quando
1019 4037 1161 4110 virginem
1178 4036 1351 4092 nominaret.
1379 4037 1502 4096 Odecua
1526 4040 1626 4108 italice,
1651 4041 1728 4111 vtrpo
1741 4039 1841 4112 (idem,

131 4141 231 4198 aquas
239 4123 330 4180 vertit
339 4122 370 4180 in
381 4123 493 4180 vinum.
506 4123 565 4181 Hoc
575 4125 653 4181 enirn
665 4123 836 4181 brevissime
848 4141 965 4199 respon·
1019 4124 1070 4182 lib.
1088 4125 1127 4198 ιιι)
1141 4123 1148 4180 l
1162 4123 1362 4182 chalchioecus
1381 4127 1523 4199 quoque*
1545 4127 1596 4184 illa
1621 4125 1681 4184 tilia
1705 4132 1769 4197 Leo,
1785 4128 1842 4184 vir·

170 4247 181 4284 ¹
198 4247 333 4316 Videtur,
348 4247 447 4320 inquit
461 4247 595 4317 Gravius,
611 4249 710 4321 potius
721 4248 817 4304 tribue
829 4249 964 4307 Marassa
1019 4246 1125 4305 Graecis
1140 4245 1342 4318 scriptoribus.
1358 4247 1505 4304 Victorius
1525 4265 1614 4306 unam
1629 4265 1664 4305 ex
1689 4247 1736 4306 his
1778 4253 1842 4306 utet

136 4317 314 4393 flliiioseph
353 4335 386 4374 ro
406 4317 485 4374 tribu
510 4323 570 4374 Dan
596 4320 733 4392 reposita,
758 4336 826 4375 cum
851 4320 965 4378 Laviex
1019 4317 1438 4390 indicari,quaeaSuidasub
1459 4318 1525 4376 aliis
1549 4319 1719 4376 nominibus
1767 4321 1841 4376 heo-

132 4336 733 4519 pituli}titillabitlit
753 4390 961 4519 illalltll·
1018 4389 1842 4522 litiillalatitat„lilithffliutmltllll

133 4535 226 4590 tione.
353 4479 372 4534 p
980 4480 1103 4600 Diliam,
1127 4533 1303 4605 placaverit:
1328 4549 1452 4607 eamque
1474 4535 1546 4591 forte
1563 4480 1844 4608 1depretiandum

165 4606 178 4640 ¹
193 4603 306 4676 Collige
320 4619 355 4660 ex
371 4602 418 4658 hie
434 4603 562 4659 rumoris
583 4601 750 4671 sulsitatem,
773 4619 840 4660 cum
854 4605 890 4661 ab
906 4606 962 4661 haa-
1016 4603 1135 4661 Pallade
1150 4603 1352 4661 Chalciecum.
1376 4605 1450 4661 Nota
1471 4621 1506 4662 ex
1530 4605 1666 4679 plurimis
1690 4607 1842 4681 scriptori·

129 4675 244 4743 seticis,
259 4679 335 4732 teste
354 4675 397 4730 An
421 4674 519 4730 ustino
542 4674 592 4730 lib.
617 4689 638 4730 u
660 4674 795 4732 Retraot..
822 4691 847 4731 c.
866 4679 910 4746 la,
926 4678 962 4733 de
1016 4675 1072 4731 bus
1090 4691 1164 4748 quos
1189 4675 1335 4732 Meursius
1359 4676 1390 4731 in
1413 4677 1553 4734 Ceramia.
1575 4677 1676 4734 laudat
1695 4678 1840 4747 historia;

129 4747 312 4822 Hieronymo
322 4747 371 4819 joe
417 4749 493 4814 atur,
508 4747 651 4802 leciniano
665 4745 828 4828 respondere
845 4763 900 4804 aea
911 4763 960 4820 po·
1017 4763 1080 4819 que
1094 4746 1181 4802 refert
1195 4751 1255 4802 tres
1271 4764 1329 4803 una
1343 4763 1446 4806 omnes
1456 4750 1582 4806 Minervae
1603 4765 1655 4833 pro
1680 4749 1774 4804 salute
1790 4764 1841 4804 ur·

131 4819 223 4874 wiese
235 4835 294 4874 mm
309 4815 401 4886 leude,
417 4815 466 4872 aed
484 4833 547 4872 eum
568 4818 767 4889 vituperatione
787 4821 959 4944 nuptiarum.
1015 4817 1062 4874 bie
1077 4816 1384 4898 Athenae-mactatas,
1409 4820 1485 4876 unde
1506 4822 1652 4877 Leocoraoe
1672 4823 1772 4875 sancta
1786 4818 1841 4874 da-

171 4889 386 4947 ‘cucumere
408 4903 524 4960 quoque,
548 4892 602 4944 etc.
632 4892 695 4944 Non
726 4891 805 4944 extat
849 4907 889 4946 aa
916 4891 961 4946 bi·
1015 4887 1143 4944 dicatum
1160 4893 1363 4945 estruearum
1378 4890 1562 4946 memoriam.
1582 4889 1843 4947 haudatusMeur·

131 4961 237 5028 storia,
253 4961 333 5034 quod
349 4959 454 5026 eciam,
470 4959 547 5032 apud
571 4964 704 5016 auctores
726 4959 903 5019 tabularum.
920 4962 961 5018 De
1015 4960 1078 5016 sius
1089 4959 1422 5032 proindeccrrigendum
1433 4959 1840 5033 vultprochalobiaoosduo-

128 5031 200 5090 aliis
219 5049 308 5106 porro
327 5030 373 5086 uir
394 5029 494 5086 'nibus
519 5045 552 5086 ac
574 5030 693 5104 Sibyliis
716 5030 782 5086 vide
803 5031 959 5100 Nasonem,
1015 5031 1071 5087 bus
1087 5030 1181 5086 verbis
1197 5030 1276 5085 Haud
1296 5047 1380 5096 aecta,
1427 5031 1483 5086 uod
1509 5031 1631 5103 probare
1655 5030 1839 5090 nullomodo

126 5102 340 5170 lib.viu,etx
379 5103 626 5167 ctera.;baotant.
648 5101 699 5158 lib.
724 5119 733 5157 1
759 5101 791 5158 de
814 5103 960 5159 duleuite-
1016 5118 1148 5175 possum.
1163 5047 1673 5182 Fortasseaut'em‘liieronymianam
1685 5102 1842 5161 lectionem

125 5175 179 5258 iip.
194 5193 201 5231 ι
217 5177 345 5248 August.
357 5173 390 5230 de
405 5173 486 5230 tivit.
503 5173 561 5241 Dei,
577 5173 629 5229 lib.
656 5190 738 5241 xxiii,
754 5189 818 5244 cap.
835 5175 886 5240 233
903 5174 959 5230 Tit.
1014 5173 1216 5254 tachimanei
1226 5171 1434 5244 appellativum
1446 5171 1519 5228 illud
1531 5191 1637 5232 nomen
1648 5175 1839 5234 caotctiaeuo

126 5247 193 5302 biv.
210 5263 264 5302 viu
278 5244 385 5302 Decad.
415 5261 445 5300 1·
472 5241 564 5300 Valer.
589 5243 664 5300 illex.
687 5243 737 5300 lib.
762 5261 825 5311 rur,
852 5261 914 5317 cap.
932 5246 958 5314 l,
1015 5262 1073 5301 non
1087 5260 1236 5318 proprium
1253 5259 1406 5316 agnoscas,
1422 5259 1513 5317 ecque
1528 5246 1604 5302 scias
1627 5246 1769 5304 vocabule
1785 5263 1839 5320 up-

125 5321 188 5374 etc.
215 5317 362 5374 aalma.
376 5345 410 5356 -
433 5287 496 5370 huo
522 5314 700 5387 exemplaria
721 5319 821 5370 nostra
844 5314 960 5372 Chalia·
1014 5316 1153 5389 pellatam
1171 5314 1312 5387 virginem
1328 5331 1418 5370 unam
1434 5318 1838 5387 equatnorMiuervresacer·

123 5405 185 5446 coe.
202 5387 410 5444 &sanatensis
425 5387 615 5458 Coleoecqooa,
630 5387 667 5442 al.
681 5387 850 5455 Cotrodeeue,
887 5389 959 5444 nod·
1014 5387 1131 5445 dotibus
1151 5403 1217 5457 qnae
1240 5387 1405 5457 Arrephorr'o
1429 5387 1493 5443 Dea
1518 5389 1649 5446 terebant
1677 5388 1841 5462 percelebri

124 5457 641 5539 namcxhieprastetignoramue.
662 5457 837 5516 Chalcioicos
882 5459 959 5516 iner-
1013 5461 1077 5530 ejus
1100 5456 1221 5513 athenis
1244 5457 1329 5526 sesto,
1357 5458 1839 5536 quoditemrlrpalaoiavocaba-

124 5547 171 5586 aaa
197 5531 273 5588 edes
300 5531 460 5587 vocabatur
483 5544 512 5585 in
538 5527 767 5598 Laoedemonia,
793 5531 871 5588 unde
894 5532 959 5605 ipsa
1013 5528 1156 5586 torvide
1171 5529 1207 5586 ad
1226 5528 1301 5585 banc
1323 5545 1423 5588 vocam
1443 5532 1564 5589 suidam
1586 5527 1613 5590 e't
1638 5533 1798 5596 Menrsium
1813 5529 1838 5586 el

125 5617 250 5676 quoque
263 5602 397 5662 Minerva
411 5597 592 5660 Chaleioeous
603 5599 766 5676 appellatur
780 5618 797 5660 a
811 5601 958 5676 plerisque
1012 5600 1094 5658 lubet
1107 5601 1189 5659 Attio.
1205 5601 1326 5660 tectior.
1343 5599 1394 5660 lib.
1411 5619 1449 5675 ru,
1468 5619 1531 5678 cap.
1548 5603 1593 5662 le.
