4064 6158
206 277 266 350 ⁸0⁷
824 290 857 360 s.
876 253 1031 360 sussen
1053 287 1284 360 ersuourur.
1824 297 1879 368 sm

206 435 332 494 rumque
345 421 485 492 fossores,
501 429 530 484 et
544 427 638 485 ceteri
654 427 727 488 duro
742 430 822 503 operi
844 428 1025 501 municipali,
1042 431 1069 496 Α
1084 445 1151 484 cum
1171 428 1355 503 philosophis
1369 429 1552 487 doceremus.
1569 429 1706 488 Ceterum
1720 429 1780 506 quis
1804 432 1878 508 igno-

206 505 347 568 hahcrsnt
371 513 461 582 cibos,
490 517 599 588 quibus
631 517 770 575 fortitudo
794 535 947 591 corporum
980 534 1028 572 ne·
1083 523 1136 585 ret,
1155 534 1391 591 unamquamque
1405 524 1523 592 gentem
1536 536 1593 576 nou
1608 521 1749 576 communi
1762 521 1819 596 legs
1832 541 1878 580 na·

207 600 335 656 cessaria
355 604 484 676 est1qui
507 611 625 676 portant
647 625 731 674 arma
753 615 781 664 et
806 606 915 663 cibaria
942 625 949 662 :
977 605 1027 678 qui
1083 607 1226 674 turm,sed
1243 607 1299 675 his,
1326 623 1450 679 quorum
1476 607 1554 680 opud
1581 624 1611 664 se
1635 608 1716 682 copia
1739 615 1791 676 cst,
1812 614 1882 667 vesci

207 688 315 761 pugnis
339 696 368 747 et
388 692 517 749 culcibus
541 712 594 751 sua
618 695 741 752 invicem
772 696 903 751 membra
924 693 1027 750 debili·
1083 694 1198 751 solitum
1214 696 1228 750 ‘l
1244 696 1329 751 Verbi
1348 698 1423 753 884
1440 698 1547 769 gretia,
1572 698 1677 754 Arabes
1699 701 1727 753 et
1747 698 1882 769 Saraceni,

208 777 282 846 tant,
313 779 363 850 qui
390 785 586 840 recusem
610 783 742 852 trahunt,
770 801 896 856 quorum
935 782 1028 840 latera
1082 783 1883 842 etumniseremibarbariccamelorumlaeteetcurni·

209 864 247 920 ad
271 867 459 926 clamandum
482 871 697 944 dicendumque
727 879 796 932 sunt
820 873 916 927 valida
942 889 948 928 ι
976 871 1027 943 qui
1082 873 1138 928 bus
1153 872 1323 945 vivit:quis
1338 873 1541 946 hujuscemodi
1566 874 1672 931 animal
1698 876 1885 947 pro‘tcmpe-

210 953 386 1012 subvertunt
417 967 540 1027 montes,
575 965 603 1016 et
635 961 691 1017 sub
721 963 727 996 ¹
757 963 831 1016 sude
865 967 894 1016 et
924 959 1027 1016 imbri·
1082 960 1335 1018 ricetsterilitatc
1360 963 1512 1035 regionum
1532 962 1616 1018 facile
1635 964 1710 1035 apud
1733 979 1781 1019 cos
1803 969 1830 1018 ct
1849 963 1888 1036 gi-

210 1040 267 1099 bus
282 1044 442 1102 dormiunt.
465 1048 606 1104 Caeterum
631 1053 730 1106 nostra
754 1049 879 1123 Religio,
894 1067 952 1106 non
976 1046 1027 1101 πύ-
1082 1050 1182 1123 gnitur
1196 1052 1373 1107 etnutritur.
1391 1052 1423 1108 lli
1440 1052 1522 1108 netes
1546 1051 1723 1108 arbitrantur
1746 1069 1886 1124 porcorum

208 1148 286 1200 κτην,
303 1149 360 1188 non
375 1135 526 1202 athletam,
543 1154 600 1193 non
621 1143 735 1206 nautas,
752 1155 809 1194 non
835 1139 953 1206 milites,
970 1154 1028 1193 non
1082 1140 1159 1196 vesei
1175 1141 1324 1197 carnibus.
1339 1142 1413 1198 Sues
1427 1141 1517 1209 enim,
1533 1141 1583 1213 qui
1602 1140 1718 1213 glande,
1743 1141 1888 1197 castaneis.

208 1219 335 1277 fossores
352 1239 359 1291 ;
375 1224 426 1279 sed
441 1225 590 1297 sapientise
611 1227 708 1282 erudit
728 1231 911 1296 sectatorem,
927 1227 977 1300 qui
998 1243 1029 1283 se
1084 1228 1232 1285 radicibus
1247 1228 1370 1296 filicum,
1385 1234 1415 1286 et
1439 1231 1547 1286 hordea
1569 1229 1608 1287 ali
1634 1229 1736 1299 solent,
1760 1232 1810 1285 aut
1831 1245 1890 1284 raro

213 1309 364 1367 Deicultui
381 1311 542 1370 dedicavit:
559 1316 655 1372 etseit
679 1333 732 1372 eur
754 1321 870 1372 creatus
899 1317 948 1382 sit,
977 1332 1030 1371 cur
1083 1319 1161 1390 apud
1177 1334 1238 1386 ecs,
1254 1322 1306 1374 aut
1320 1318 1437 1391 penitus
1453 1336 1511 1375 non
1537 1319 1791 1376 inveniuntur:et
1804 1318 1829 1373 si
1851 1317 1891 1372 in-

205 1403 339 1455 versetur
365 1399 396 1456 in
424 1403 534 1460 mundo
570 1421 627 1476 quo
656 1405 736 1462 chire
750 1405 877 1462 festinet.
896 1405 977 1461 Unde
1001 1408 1030 1460 et
1084 1406 1160 1461 venti
1184 1406 1303 1473 luerint,
1330 1406 1469 1463 alimenta
1501 1424 1558 1463 uon
1579 1407 1697 1474 hahent,
1722 1422 1784 1479 qua
1809 1421 1893 1478 supra

205 1488 365 1561 Apostolus
385 1489 663 1564 loquiturzouendu
686 1495 823 1564 infimior,
848 1503 911 1552 tunc
932 1495 1030 1566 sortior
1083 1495 1222 1551 diximus.
1248 1496 1268 1551 Ε
1297 1495 1415 1569 regione
1446 1496 1687 1567 septentrionales
1716 1495 1846 1568 populos,
1871 1493 1894 1549 si

205 1580 454 1650 tumultuatur,
482 1582 537 1652 l0).
568 1585 612 1652 ut,
636 1583 667 1640 Si
693 1586 813 1641 exterior
841 1583 1029 1640 nesterbomc
1083 1585 1118 1640 ad
1147 1601 1229 1641 esum
1264 1585 1414 1640 asinorum
1443 1584 1682 1658 camelorumque
1705 1581 1857 1656 compelles
1883 1583 1893 1616 ⁸

210 1672 407 1741 corrumpitur,
422 1670 470 1728 red
484 1673 601 1729 interior
614 1678 763 1730 renouatur
787 1674 820 1729 de
838 1674 882 1731 die
903 1676 934 1729 iu
957 1674 1029 1729 diem
1083 1674 1179 1730 simile
1193 1674 1339 1747 putabunt
1352 1690 1453 1730 eorum
1468 1675 1545 1730 vesci
1561 1674 1746 1742 carnibus,eo
1760 1673 1784 1728 si
1797 1671 1892 1743 lupum

207 1757 243 1827 (ll
263 1758 325 1814 Cor.
355 1775 393 1827 1v,
424 1761 467 1834 16)
485 1779 491 1829 ;
509 1761 552 1827 st,
581 1761 665 1833 Cupio
693 1762 806 1818 dissolui
832 1767 857 1818 et
885 1779 942 1818 esce
968 1760 1896 1862 cumBccmcderecogantur,autcorvumlnPonteetPhrv·

207 1845 587 1922 circumcingemus,
613 1850 832 1908 tumescerem
855 1853 1029 1923 reieceritis
1083 1852 1267 1926 giu‚vermes
1289 1851 1372 1909 alnos
1395 1856 1424 1908 et
1446 1852 1561 1919 obesos,
1585 1851 1636 1924 qui
1670 1849 1775 1924 nigello
1806 1847 1893 1920 capite

206 1936 238 1992 irs
251 1936 491 2010 desideriisfflcm.
508 1957 569 2007 xrn,
584 1941 639 2010 ll).
656 1941 793 2013 Nunquid
805 1941 944 1998 omnihus
961 1957 1029 2012 prm·
1083 1945 1162 2012 sunt,
1179 1945 1207 1996 et
1221 1945 1384 1998 nascuntur
1399 1940 1428 1996 in
1444 1939 1592 2014 lignorum
1607 1939 1697 2007 carie,
1713 1955 1764 2012 pro
1787 1937 1894 2010 maguis

205 2029 322 2096 ceptum
338 2031 392 2094 est,
408 2043 444 2083 na
459 2028 533 2085 duas
548 2029 663 2086 tunicas
678 2029 805 2086 habeant
821 2048 827 2088 :
845 2046 881 2085 ns
901 2029 982 2087 cibos
997 2031 1027 2084 iu
1083 2030 1225 2086 reditibus
1244 2028 1456 2102 paterfamilias
1479 2029 1577 2102 exigit.
1604 2029 1639 2086 llt
1662 2027 1807 2101 quomodo
1825 2023 1898 2098 apud

206 2129 286 2188 pera,
302 2132 341 2172 aes
356 2117 385 2173 in
400 2132 482 2184 zcuu,
500 2117 609 2190 virgam
633 2119 662 2174 in
688 2136 776 2175 manu
801 2121 822 2190 ¹,
848 2117 1027 2174 calceemcn·
1083 2135 1136 2175 nos
1150 2123 1266 2191 attagen
1282 2123 1310 2174 et
1325 2117 1459 2184 llcedula,
1477 2116 1588 2174 mullus
1603 2122 1632 2173 et
1655 2133 1758 2174 scarus
1780 2115 1810 2171 in
1830 2112 1900 2170 deli·

206 2203 309 2260 lumin
325 2205 471 2276 pedibus?
486 2211 518 2262 ut
532 2208 659 2262 vendant
682 2208 818 2264 universa
843 2225 907 2280 quse
931 2206 1027 2279 possi·
1081 2208 1135 2263 ciis
1157 2212 1388 2280 computantur:
1414 2206 1456 2262 ita
1474 2207 1552 2280 apud
1577 2205 1644 2264 illos
1673 2201 1824 2279 ξυλοφάγον
1844 2201 1894 2275 (lt.

206 2293 287 2362 dent,
313 2295 441 2368 dentque
464 2296 652 2370 pauperibus,
672 2301 701 2353 et
735 2301 899 2369 sequantur
924 2295 1027 2352 lesum
1082 2294 1636 2373 belopc'rpmvlcomedisseluxuriaest.
1655 2295 1782 2351 Rursum
1802 2290 1900 2348 Orien-

206 2383 311 2457 (llutth.
345 2401 373 2450 x,
406 2385 434 2452 9,
467 2403 525 2452 rnx,
558 2385 604 2455 21,
639 2391 667 2442 et
700 2386 782 2442 llere.
817 2404 856 2452 vr,
885 2385 1026 2456 8)?Scd
1081 2385 1155 2441 tales
1171 2391 1200 2440 et
1213 2385 1305 2458 Libya
1321 2384 1457 2457 populos,
1473 2383 1543 2455 quie
1558 2399 1609 2456 per
1631 2384 1782 2440 desertum
1805 2383 1833 2436 et
1854 2395 1900 2436 ca·

206 2471 254 2530 his
272 2473 514 2546 (Adseddehisl
532 2475 642 2548 utique,
660 2476 728 2547 quid
757 2473 860 2532 volunt
882 2491 1026 2547 esseper·
1082 2474 1173 2530 lidam
1197 2474 1287 2530 eremi
1311 2472 1478 2529 vastitatem
1503 2471 1687 2528 tocusurum
1718 2471 1900 2540 nubssmpc·

205 2561 283 2628 lecti,
300 2559 436 2633 Alioquin
453 2563 591 2620 alosnne
607 2565 737 2636 baptista
755 2563 833 2620 aliud
860 2563 1028 2636 precipitur
1083 2563 1209 2630 ciuntur,
1225 2561 1346 2619 locustis
1361 2561 1436 2618 vesci
1454 2560 1544 2618 moris
1559 2565 1615 2618 est.
1639 2561 1700 2618 llco
1723 2575 1822 2617 verum
1842 2571 1901 2612 esse

205 2648 360 2716 militibus,
376 2649 456 2705 aliud
470 2650 644 2722 publicanis.
664 2651 809 2708 Dominus
832 2656 930 2708 sutem
956 2651 1029 2707 dicit
1080 2652 1210 2707 loannes
1225 2667 1341 2724 queque
1356 2649 1487 2722 baptista
1503 2650 1615 2722 probat.
1644 2646 1792 2720 Compelle
1816 2645 1902 2718 Phry·

206 2737 237 2793 in
253 2737 408 2811 Evangelio
423 2739 459 2794 ed
474 2755 552 2804 eum,
569 2739 619 2811 qui
643 2757 675 2796 se
693 2742 855 2813 jactaverat
878 2739 935 2814 legi
961 2741 1027 2796 uni·
1082 2755 1148 2812 gem
1170 2743 1198 2793 et
1225 2739 1391 2804 Ponticum,
1423 2741 1456 2793 ut
1483 2736 1627 2794 locustam
1657 2737 1802 2802 comedat,
1827 2734 1903 2790 netas

205 2843 291 2884 versa
316 2824 502 2898 complesse:
524 2827 555 2882 Si
578 2829 618 2883 cis
646 2829 780 2900 perfertur
806 2845 873 2897 csse,
901 2830 978 2894 cede,
1003 2832 1029 2886 et
1083 2827 1205 2900 putabit.
1223 2830 1426 2900 chcSyrum.
1442 2824 1904 2883 AlrumetrtrahemutVermes

206 2914 293 2972 cende
307 2917 477 2987 omniaque
500 2916 591 2984 hahes,
613 2918 638 2972 el
665 2916 700 2973 dc
718 2918 885 2989 pauperihus
903 2921 929 2974 et
953 2919 1027 2983 ocni,
1085 2915 1217 2972 Ponticos
1241 2915 1356 2988 glutiat,
1377 2916 1419 2971 ite
1443 2930 1493 2970 eos
1517 2915 1670 2987 despiciet,
1698 2919 1733 2970 ut
1759 2913 1905 2978 muscast,

205 3019 318 3077 sequere
333 3019 375 3060 me
390 3005 494 3072 (llcttls,
505 3022 561 3073 uix,
576 3005 633 3074 21).
650 3007 690 3061 Ne
706 3022 793 3079 grave
817 3023 893 3063 onus
917 3005 1028 3062 nolenti
1084 3003 1265 3076 millepedas,
1281 3007 1309 3060 et
1323 3003 1458 3070 lacertos,
1480 3019 1660 3076 quamquem
1689 3004 1746 3060 Siri
1771 3007 1800 3059 et
1814 3016 1905 3058 erecc-

205 3093 353 3151 videretur
367 3093 516 3166 inponere,
533 3095 563 3150 in
580 3095 697 3168 propria
711 3096 857 3152 audientis
879 3095 1028 3152 voluntate
1083 3089 1152 3145 dilis
1168 3090 1300 3157 terrenis,
1325 3089 1386 3145 At'ri
1410 3091 1499 3146 ctiam
1523 3088 1639 3146 lacertis
1663 3089 1813 3146 viridibus
1835 3085 1907 3143 vesci

210 3179 324 3252 dimisit
338 3181 438 3238 dicens
453 3200 459 3238 :
475 3181 505 3238 Si
519 3184 560 3239 via
573 3185 779 3255 persectueesse.
791 3184 986 3249 Quamobrem
1003 3188 1031 3240 et
1046 3168 1068 3233 C
1086 3179 1210 3236 sulcant.
1240 3179 1272 3235 ln
1301 3179 1422 3252 AEgypto
1450 3183 1479 3234 et
1506 3177 1646 3234 Palaetina
1672 3183 1796 3253 propter
1822 3178 1904 3234 boum

210 3269 510 3344 egotibidieum:Si
527 3272 1032 3344 visperlectusesse,bonumestvi-
1085 3268 1235 3325 raritatem
1264 3285 1350 3324 nemo
1383 3283 1500 3324 vaccam
1530 3267 1666 3336 comedit,
1701 3273 1908 3339 taurorumque

209 3358 1031 3435 numncnbibcrc,etcuruemnonmanducare.Sivispor·
1085 3373 1188 3414 carnes
1202 3362 1232 3414 et
1253 3356 1341 3413 boum
1367 3356 1585 3430 vitulorumque
1606 3363 1769 3414 assumunt
1783 3357 1812 3412 in
1828 3355 1907 3412 cibis.

208 3445 302 3502 tectus
317 3446 501 3514 esse,melius
515 3453 559 3504 est
573 3448 708 3522 saginare
723 3447 955 3521 unimam,quam
967 3467 1030 3506 eor·
1084 3448 1121 3502 At
1135 3446 1164 3502 in
1181 3449 1280 3502 nostra
1296 3443 1444 3517 provincia
1459 3445 1557 3502 scelus
1570 3449 1674 3518 putant
1700 3446 1809 3503 vitulos
1822 3445 1909 3502 devo-

207 3551 273 3607 pus.
289 3535 318 3590 Si
333 3540 430 3592 autem
446 3533 627 3608 parvuluses
642 3538 695 3609 (At.
710 3540 734 3592 si
767 3541 863 3594 autem
880 3537 1029 3610 parvulus)
1083 3552 1158 3592 rare.
1175 3534 1256 3592 Unde
1273 3539 1301 3591 et
1317 3537 1478 3608 Imperator
1493 3533 1601 3591 Valens
1622 3551 1720 3608 nuper
1743 3535 1838 3609 legem
1862 3549 1909 3606 pcr

206 3625 767 3696 eteoccrumjurutedeleetnntmemo
784 3625 870 3698 cripit
894 3625 1029 3683 lancibus
1083 3624 1231 3680 Orientem
1260 3624 1390 3690 dederat,
1420 3640 1456 3680 ne
1484 3623 1552 3696 quis
1581 3622 1745 3681 vitulorum
1774 3621 1909 3681 carnibus

205 3711 541 3783 tuieseulentasdapcs.
560 3713 705 3769 Munduca
727 3712 847 3780 etbibe,
872 3717 901 3768 ct
926 3713 950 3768 si
975 3713 1028 3770 tibi
1083 3717 1257 3780 vesceretur,
1288 3711 1423 3768 utilitatis
1451 3711 1636 3784 agriculturae
1674 3713 1847 3784 providens,
1884 3713 1912 3765 et

205 3798 310 3872 placet,
327 3816 394 3855 cum
418 3799 524 3856 lsraele
549 3798 618 3856 lude
640 3817 833 3874 consurgens,
858 3807 887 3858 et
906 3801 1026 3859 canito:
1083 3799 1242 3875 pessimum
1255 3799 1436 3870 judaizantis
1450 3799 1529 3873 vulgi
1543 3799 1706 3857 emendans
1723 3798 1910 3858 consuetudi·

204 3887 396 3945 Manducemus
431 3891 457 3944 et
495 3888 642 3958 bibemus,
667 3906 727 3946 crus
763 3891 838 3946 esim
878 3892 1029 3948 neoriemer
1086 3888 1783 3963 uem‚proc1titicusec⁷1sctcmicus‚vitutos
1806 3904 1913 3945 consu-

69 3955 76 3964 ⁸
153 3987 160 4010 ⁸
205 3976 230 4046 (Ι
239 3975 299 4031 Cor.
313 3993 360 4043 xv,
377 3977 433 4048 85),
446 3977 598 4034 Manducet
621 3981 650 4034 et
673 3978 764 4048 bibat,
789 3979 840 4052 qui
861 3984 927 4052 post
948 3979 1028 4037 cibos
1083 3979 1201 4048 mentis,
1222 3979 1379 4046 Nomades,
1400 3980 1429 4034 et
1453 3976 1646 4051 Troglodytae,
1677 3983 1705 4033 et
1730 3977 1856 4052 scythes,
1885 3980 1911 4032 ct

205 4069 353 4137 exspectet
376 4065 528 4122 interitum
559 4083 565 4121 :
596 4067 646 4138 qui
672 4083 739 4122 eum
769 4067 893 4141 Epicure
922 4068 994 4125 dicit
1019 4087 1026 4125 :
1082 4068 1256 4124 Hunnorum
1292 4083 1367 4122 nova
1400 4066 1513 4132 feritas,
1546 4066 1725 4124 semicrudis
1753 4069 1912 4124 vescuntur

205 4153 273 4212 Post
285 4159 406 4211 mortem
422 4152 494 4210 nibil
510 4158 564 4224 est,
581 4157 609 4210 et
625 4173 704 4212 rrors
719 4155 783 4228 ipsa
798 4156 872 4213 nihil
898 4161 952 4213 est.
969 4157 1027 4214 Nos
1082 4155 1230 4212 carnibus.
1247 4155 1350 4210 Pcrrrc
1368 4153 1587 4228 Ichthyophagi,
1603 4169 1675 4227 gens
1690 4170 1798 4212 errans
1819 4155 1849 4210 in
1864 4152 1910 4208 lit-

204 4241 293 4300 Peulo
308 4243 455 4300 eredimus
466 4241 691 4300 intonantbllscu
705 4246 804 4310 centri,
814 4249 839 4302 et
849 4254 942 4302 center
961 4247 1027 4302 escis
1081 4249 1143 4300 tore
1158 4243 1246 4299 maris
1262 4243 1363 4311 lluhrl,
1380 4259 1469 4316 super
1483 4249 1579 4316 petras
1595 4242 1665 4300 solis
1680 4243 1782 4302 calore
1798 4245 1909 4300 tervan·

202 4333 274 4389 Deus
288 4342 380 4390 auem
394 4333 503 4389 etheree
516 4341 543 4388 et
557 4333 635 4388 illem
650 4333 770 4388 destrscet
789 4334 813 4404 (l
825 4333 886 4388 Cur.
901 4351 942 4400 vr,
969 4335 1023 4406 13).
1080 4336 1124 4389 tes
1139 4337 1241 4388 assant
1255 4332 1359 4404 pisces,
1377 4336 1406 4388 et
1433 4331 1488 4388 hoe
1513 4331 1575 4388 solo
1591 4331 1731 4389 alimento
1762 4332 1910 4389 victitant.

237 4423 264 4475 7.
292 4421 420 4478 (tertium
444 4423 585 4477 curiarum
617 4423 712 4477 uictus.
750 4425 875 4480 Locrutae
911 4423 1026 4478 Ioannis
1080 4421 1231 4485 Sarmata,
1247 4420 1322 4477 888
1339 4421 1443 4488 Quadi,
1466 4420 1600 4489 Vandali,
1624 4426 1654 4476 et
1672 4419 1910 4478 innumerabiles

202 4507 340 4577 nactam,
365 4509 482 4564 tuccetis
509 4509 557 4563 lec·
587 4507 620 4563 rte
644 4509 739 4564 cr'tutic
758 4525 814 4564 nou
845 4509 1023 4567 comedendis.
1040 4535 1064 4599 D
1079 4509 1142 4565 alise
1158 4515 1270 4582 gentes,
1286 4525 1429 4581 equorum
1455 4514 1484 4566 et
1507 4511 1640 4582 vulpium
1663 4509 1810 4568 carnibus
1832 4508 1908 4566 dele·

188 4595 353 4668 lariorum
372 4599 496 4665 gentium
520 4612 616 4652 morer.
644 4597 768 4666 senesce
791 4601 903 4671 AEpypti
925 4603 1023 4657 eicite·
1078 4597 1415 4670 ctuntur.Quidluquur
1438 4599 1610 4655 donateris
1637 4597 1824 4669 nationibus,
1841 4613 1909 4654 cum

199 4685 645 4756 tessinpulaehesticscotebent.
669 4717 703 4726 -
733 4686 832 4742 liceo8
860 4692 958 4745 autem
987 4691 1022 4746 de
1078 4687 1140 4759 ipse
1174 4685 1409 4744 adolescentulus
1443 4687 1472 4743 in
1506 4685 1601 4743 Gallia
1636 4687 1646 4721 ⁸
1673 4687 1822 4744 atticotos
1854 4685 1906 4756 (At.

198 4774 359 4847 scripturis
371 4790 465 4847 pauca
488 4773 653 4846 posuimus,
680 4779 712 4830 ut
736 4791 897 4849 congruere
923 4782 1023 4835 nostra
1076 4776 1200 4844 Sestos),
1217 4779 1333 4848 gentem
1349 4776 1559 4845 uriunnicsm,
1585 4775 1725 4832 humanis
1745 4777 1828 4834 vesci
1844 4791 1907 4832 cer·

197 4899 244 4955 sed
255 4901 372 4956 luterem
382 4901 465 4955 etiam
479 4907 504 4955 et
524 4898 641 4954 virium.
667 4897 770 4955 Valida
794 4900 915 4972 proinde
930 4901 1022 4960 latera
1111 4897 1122 4932 ⁸
1137 4897 1216 4954 Idem
1234 4915 1305 4955 mss.
1320 4915 1370 4970 pro
1385 4908 1515 4971 tempore,
1534 4916 1590 4956 non
1607 4901 1748 4971 temperie.

198 4969 234 5024 ad
250 4970 438 5028 clamandum
453 4969 681 5042 dicendumque,
698 4987 755 5026 nou
780 4971 953 5040 sectoribus,
970 4978 1021 5030 sut
1111 4970 1121 5005 ⁵
1135 4969 1174 5025 Su
1180 4969 1247 5042 pino
1262 4987 1359 5026 errore
1374 4986 1462 5042 penes
1477 4969 1679 5028 Murtianmum
1692 4974 1756 5028 eret
1765 4970 1908 5053 simulque

197 5042 374 5108 vectoribus,
385 5043 435 5098 sed
452 5041 619 5098 rhetoribus
637 5046 666 5096 et
689 5042 865 5109 oratoribus,
892 5043 1020 5101 tribuere
1075 5056 1127 5112 pro
1151 5041 1246 5097 circite
1277 5059 1284 5097 :
1314 5042 1563 5113 quemadmodum
1593 5059 1667 5098 mss.
1695 5051 1723 5098 et
1750 5041 1906 5098 Victorius

198 5124 318 5166 necesse
333 5112 380 5168 sit.
770 5113 911 5169 Mrarrsu.
1074 5114 1244 5169 emendent.

165 5211 168 5218 ·
233 5180 289 5236 ¹ln
304 5183 493 5240 Gssenatcnei
507 5187 535 5240 et
545 5182 632 5240 veteri
643 5184 780 5252 editione,
796 5185 846 5241 sub
859 5185 933 5254 diuo,
956 5183 1019 5259 lege
1108 5181 1416 5253 ‘Alissmittepedies
1433 5183 1596 5240 tristantem
1621 5183 1768 5255 millepedc
1792 5183 1907 5240 vermis

195 5250 247 5305 svb
261 5253 317 5308 din.
343 5320 350 5334 .
1073 5270 1167 5326 genus
1182 5253 1285 5310 multis
1299 5253 1434 5308 innixum
1449 5253 1587 5340 pedibus.
1601 5255 1762 5328 Paulopost
1778 5253 1907 5312 chorite-

231 5321 242 5356 ²
274 5323 403 5378 Plurrum
445 5339 567 5380 nurnero
609 5341 680 5381 mss.
714 5326 897 5384 calceamenta
943 5326 1018 5383 inire
1072 5323 1549 5395 cusatiihubemprorancctcm.

194 5389 256 5462 illa,
281 5399 308 5451 et
335 5394 371 5450 ca
397 5394 575 5467 pauperihus,
604 5395 635 5450 in
663 5397 853 5455 Casunatensi
883 5416 940 5455 nou
964 5398 1017 5455 ho·
1107 5395 1902 5470 lSicvocantpcrculostenellos,‹ruosstGraecipcr-

195 5463 313 5522 bentur.
1072 5461 1217 5533 latmo-ic.
1235 5465 1301 5521 Vid.
1320 5467 1463 5524 laertium
1480 5467 1509 5522 in
1527 5467 1616 5541 Pytha
1638 5484 1697 5524 ora.

228 5537 323 5596 'Mes
349 5541 416 5594 Hoec
440 5553 530 5610 perseo
556 5535 589 5592 dc
615 5537 771 5608 seripturis,
801 5543 829 5596 ut
851 5557 1014 5613 eonpruere,
1106 5537 1255 5592 venerim
1272 5538 1408 5595 Atticotoe.
1424 5541 1564 5597 Erasmus
1577 5545 1606 5596 et
1650 5540 1769 5597 arianus
1794 5537 1905 5612 legunt

193 5609 249 5678 etc,
1070 5608 1128 5680 huo
1144 5607 1218 5678 loco,
1234 5612 1329 5668 Leotm
1338 5612 1665 5682 pmdemltritcnuicum:
1681 5625 1786 5670 omnes
1796 5615 1903 5668 sutem
