4100 6156
141 289 194 356 ssa
675 285 886 364 turbastis
906 289 1153 368 tertulianus
1175 301 1250 369 ura.
1273 299 1296 370 1.
1778 302 1838 374 sse

141 441 238 490 ruere;
254 429 283 483 et
298 423 565 486 dumfdivinitatem
575 429 716 503 aequalem
728 431 959 506 ileopollioetur,
974 435 1001 504 Α
1018 435 1104 505 linos,
1118 435 1248 507 Caluam,
1264 435 1835 512 Matalael,.lared,Eaueh,liatbusalem³,

138 515 257 588 expullit
271 532 323 573 eos
338 517 374 574 de
389 517 535 591 paradiso,
552 521 585 574 ut
603 519 652 592 qui
677 521 748 576 nudi
777 527 806 578 st
820 523 956 596 expediti,
1013 525 1148 596 barnem,
1163 527 1233 596 Noe,
1250 544 1352 586 omnes
1376 528 1516 586 babuisse
1531 545 1646 599 uxores,
1671 534 1700 587 et
1724 548 1759 588 ex
1784 533 1839 590 Dei

136 609 162 660 et
174 605 285 678 absque
301 604 362 662 ulla
381 607 647 682 maculavirgines,
671 609 788 666 Domini
812 611 958 669 consortio
1013 613 1158 672 sententia
1172 615 1248 672 lilios
1265 633 1434 690 procreasse
1450 617 1544 690 (qnasi
1560 619 1756 690 generationis
1767 623 1838 679 ordo

135 693 317 763 fruebantur,
328 695 432 768 dejecti
446 697 475 752 in
497 695 601 754 uallem
626 696 832 772 laerymarum,
849 701 959 757 tunicis
1013 705 1041 757 et
1055 702 1180 760 historia
1195 705 1371 762 conditionis
1383 703 1527 772 humana,
1544 705 1607 762 sine
1619 705 1794 781 conjugibus
1810 715 1840 768 et

134 783 267 840 consutis
289 789 318 841 et
336 784 468 858 pelliceis
495 786 682 844 vestirentur.
702 789 756 845 Sed
771 805 808 846 ue
822 789 958 847 lectorem
1014 790 1113 848 liberis
1129 795 1256 865 potuerit
1269 795 1411 866 enarrari)
1425 811 1431 850 :
1445 817 1458 844 a
1477 793 1543 864 Iste,
1555 795 1661 867 inquit,
1675 801 1720 852 est
1730 799 1838 864 Enoch,

135 873 957 953 diutiusmorer,sequarvestigia¹partitionisexpositae,
1014 878 1063 953 qui
1084 881 1326 940 ambulariteum
1342 883 1573 956 Deo,etraptus
1593 883 1623 940 iu
1652 883 1756 945 curium
1783 891 1839 944 est.

134 965 163 1017 et
178 963 319 1019 adversus
333 962 468 1036 singulas
483 964 696 1038 propositiones
710 967 786 1038 ejus,
798 965 960 1041 Scriptura·
1014 969 1311 1043 lsteNoe,qui‚oum
1336 975 1435 1030 essent
1469 971 1570 1045 utique
1599 971 1685 1030 multi
1712 973 1841 1048 virgines
1900 984 1904 992 '

134 1050 498 1109 mmrelmaximonitar
525 1053 723 1111 testimoniis:
754 1072 790 1112 ne
817 1055 960 1129 querulus
1013 1060 1449 1132 propteratatem,soluscum
1467 1060 1736 1120 liliisetuxoribus
1767 1080 1841 1120 nau-

132 1140 240 1212 garria,
258 1157 290 1196 se
302 1139 470 1214 eloquentia
483 1143 580 1216 magis
594 1160 685 1216 quum
700 1129 959 1219 veritategsupere·
1015 1147 1170 1220 lragoorbe
1179 1151 1310 1206 seruatus
1323 1153 1377 1205 est.
1390 1149 1503 1204 ltursua
1513 1153 1579 1222 post
1589 1149 1744 1221 diluvium,
1755 1153 1842 1225 quusi

133 1235 202 1284 tum.
214 1227 303 1292 Quod
319 1229 344 1286 si
360 1228 521 1303 explevero,
537 1235 566 1288 et
584 1230 667 1288 illum
682 1231 835 1306 utriusque
850 1233 959 1291 instru-
1015 1233 1104 1292 altero
1115 1235 1256 1310 principio
1267 1238 1383 1310 generis
1396 1235 1664 1310 numentanorum
1676 1243 1705 1296 et
1716 1257 1840 1298 uxorum

132 1316 220 1374 menti
238 1317 320 1373 nube
335 1335 499 1393 opreesero,
515 1337 655 1378 assuman
679 1321 812 1396 exempla
839 1322 960 1380 saecula-
1015 1323 1097 1398 paria
1108 1326 1276 1399 junguntur
1290 1331 1318 1382 et
1333 1342 1367 1382 ex
1382 1325 1494 1398 integro
1513 1326 1712 1400 generationis
1729 1327 1840 1386 instau-

132 1407 168 1462 ris
183 1422 309 1478 quoque
323 1405 505 1474 litterature,
520 1409 555 1464 ad
571 1425 659 1481 quam
677 1414 705 1466 et
726 1409 788 1484 ipse
812 1415 958 1484 provocat.
1016 1417 1096 1469 ratur
1111 1413 1292 1470 benedictio:
1309 1413 1433 1482 Crescite,
1449 1415 1749 1486 etrnottiplieumini,et
1762 1413 1839 1474 m

130 1493 306 1567 Doceboque
319 1495 407 1552 etiam
419 1496 496 1554 inter
510 1497 702 1571 philosophos
718 1503 747 1555 et
771 1499 904 1574 egregios
930 1501 961 1556 in
1015 1502 1232 1573 repteteterrum
1248 1501 1324 1574 (Ceu.
1341 1503 1462 1568 v111,17‚
1490 1504 1516 1558 et
1540 1520 1582 1571 rx,
1608 1503 1646 1574 l).
1678 1527 1692 1553 υ
1717 1504 1841 1578 Insuper

131 1581 284 1656 republica
299 1583 388 1652 uiros,
403 1584 528 1640 virtutes
541 1584 785 1658 voluptatibus,id
801 1584 962 1661 est,Pythe·
1015 1590 1103 1646 etiam
1113 1591 1359 1647 comedendarum
1375 1591 1508 1647 earnium
1524 1590 1643 1648 lieentia
1671 1590 1839 1650 relaxatur:

130 1687 244 1746 goram,
261 1671 414 1730 Platonem
431 1676 460 1730 et
473 1673 643 1741 Aristidem,
659 1674 821 1751 Aristippo,
837 1677 962 1750 Epicuro
1015 1679 1048 1734 Et
1062 1694 1142 1734 omne
1156 1678 1225 1750 quod
1237 1687 1369 1748 movetur,
1391 1681 1444 1736 erit
1472 1680 1547 1736 vota
1572 1680 1603 1734 iu
1632 1695 1742 1742 escum:
1770 1682 1841 1738 sieut

130 1765 156 1818 et
168 1761 319 1818 Alcibiadi
334 1763 372 1819 ab
387 1762 525 1821 omnibus
538 1763 631 1820 solere
646 1763 787 1838 preferri.
805 1769 962 1839 Vosquaa·
1016 1767 1090 1823 oleru
1109 1767 1566 1826 tuburumdedioobisuniuerac
1586 1767 1667 1841 (ibid.
1697 1769 1735 1841 9).
1765 1773 1840 1827 Cur·

130 1869 171 1919 so,
187 1851 348 1924 utriusque
363 1869 451 1909 sexus
465 1851 593 1926 virgines
609 1857 638 1909 et
654 1855 845 1920 continentes,
863 1855 960 1913 mariti
1017 1855 1054 1912 rit
1068 1857 1104 1912 ed
1120 1855 1281 1926 Abraham,
1297 1857 1388 1924 isaac,
1404 1862 1432 1914 et
1446 1857 1545 1927 Jacob,
1571 1858 1600 1915 et
1627 1857 1735 1930 quibus
1761 1855 1841 1932 prior

128 1959 251 2014 quoque
264 1945 295 1998 et
305 1941 465 2016 digami,ut
478 1947 603 2000 conatus
622 1959 703 1999 meos
714 1943 897 2002 orationibus
912 1946 961 2002 ad·
1015 1945 1170 2018 trigamus,
1187 1946 1335 2004 secundus
1361 1962 1567 2020 monogamus,
1582 1947 1687 2004 tertius
1716 1952 1842 2020 quatuor

125 2030 244 2103 juretis
255 2030 431 2086 Cunctorum
447 2031 477 2087 in
497 2047 652 2088 commune
665 2031 840 2090 lovinianus
864 2034 961 2091 hostis
1015 2039 1218 2093 uxorumest:
1238 2035 1302 2103 Lim,
1329 2033 1448 2099 Rachel,
1477 2034 1563 2102 Balae,
1593 2039 1623 2092 et
1650 2035 1783 2110 Zelphae;
1813 2042 1843 2095 et

131 2123 189 2176 est.
206 2119 283 2176 Nam
297 2119 343 2192 qui
360 2119 485 2192 aequalia
498 2119 633 2176 emnium
648 2119 754 2176 asserit
769 2122 883 2190 merita,
899 2127 960 2182 tam
1015 2123 1120 2180 asserit
1136 2124 1285 2181 Abraham
1300 2123 1336 2180 ob
1351 2124 1420 2181 ildei
1434 2125 1584 2194 meritum,
1608 2125 1841 2184 benedictionem

132 2207 296 2281 uirginitati
310 2207 379 2290 lacit
393 2207 618 2278 injuriam,dum
634 2226 698 2266 eam
712 2210 825 2284 nuptiis
840 2227 960 2286 compa·
1016 2211 1045 2267 in
1059 2213 1246 2285 generatione
1262 2211 1313 2268 filii
1329 2212 1487 2284 accepisse.
1505 2213 1609 2270 Seram
1625 2213 1653 2269 in
1668 2219 1771 2287 typum
1787 2213 1841 2272 uc-

129 2305 184 2364 rat,
201 2303 335 2372 quamet
348 2297 469 2370 nuptiis,
485 2297 528 2353 sic
543 2298 621 2355 m
635 2313 685 2354 eas
701 2296 798 2356 licitas
813 2316 958 2370 asserens,
1015 2299 1182 2368 elesiae,eui
1211 2300 1378 2356 deiecerunt
1408 2299 1575 2370 muliebria,
1603 2301 1841 2359 maledictionem

131 2393 162 2446 ut
176 2387 315 2444 secunda
329 2391 358 2442 et
373 2386 459 2443 tertia
473 2387 733 2444 matrimonia.Sed
750 2393 779 2444 et
793 2388 919 2462 digamis
932 2394 962 2446 et
1015 2387 1190 2458 sterilitatis,
1228 2393 1329 2462 partus
1358 2389 1560 2448 benedictione
1589 2395 1729 2448 mutasse.
1759 2391 1840 2456 Quod

131 2477 271 2552 trigamis
296 2475 551 2546 adversariusest,
574 2475 615 2532 ibi
644 2493 756 2549 ponens
785 2481 960 2536 scortatores
1015 2477 1840 2552 Rebeccaieritquusiprophetesinterrogareliominum,

129 2565 285 2640 quondam
299 2569 328 2621 et
344 2563 603 2622 libidinosissimos
620 2571 683 2638 post
694 2566 960 2638 poenitentiam,ubi
1015 2571 1044 2622 et
1058 2567 1183 2623 audierit
1198 2568 1234 2623 ab
1249 2584 1293 2636 eo,
1309 2567 1482 2639 Despectus
1497 2572 1525 2624 et
1538 2567 1591 2623 dur
1603 2569 1697 2640 popuii
1718 2569 1749 2624 iu
1763 2576 1840 2626 utere

129 2652 490 2730 duplicataettriplicata
501 2653 707 2711 matrimonia:
736 2654 794 2712 nisi
823 2655 900 2728 quod
929 2656 960 2712 iu
1016 2661 1061 2713 tuo
1076 2660 1140 2712 sunt
1153 2653 1228 2728 (Ceu.
1245 2673 1309 2725 ixa,
1325 2656 1382 2730 23).
1399 2656 1482 2721 Quod
1496 2656 1586 2714 Jacob
1603 2674 1655 2730 pro
1675 2673 1763 2715 uxore
1778 2674 1838 2714 ser·

128 2763 160 2803 eo
175 2743 296 2818 digami
310 2749 341 2800 et
354 2742 473 2816 trigami
487 2741 584 2799 dolere
599 2760 657 2800 non
674 2743 791 2813 debent,
802 2745 872 2817 quia
882 2744 959 2802 idem
1014 2745 1114 2802 vierit:
1132 2750 1161 2802 et
1175 2745 1361 2802 existimante
1378 2744 1497 2814 Rachel,
1512 2743 1567 2801 viri
1580 2762 1645 2802 esse
1669 2745 1738 2804 dure
1766 2747 1839 2805 libe-

128 2837 279 2892 scortator
291 2836 320 2888 et
335 2831 480 2904 penitens
495 2831 525 2903 iu
541 2848 631 2905 regno
647 2832 788 2890 coelorum
804 2833 892 2890 etiam
907 2833 961 2889 vir·
1016 2851 1075 2903 roe,
1091 2850 1123 2890 ac
1139 2834 1252 2890 dicente
1265 2850 1272 2890 ι
1288 2835 1328 2890 Du
1342 2833 1414 2890 mibi
1427 2830 1518 2905 filios:
1543 2835 1589 2890 siu
1617 2837 1711 2892 uuum
1734 2839 1841 2893 morior

127 2920 961 2998 ginibusadequatur.Proponamigiturmaniiestioribus
1015 2923 1091 2996 (Ceu.
1122 2941 1186 2991 xxx,
1214 2923 1260 2996 l);
1304 2923 1504 2995 responderit:
1545 2923 1684 2995 Numquid
1708 2940 1758 2997 pro
1786 2925 1840 2985 Dee

128 3013 230 3069 verbis
244 3015 274 3067 et
290 3007 467 3066 habentibus
481 3009 609 3082 aliquam
631 3010 884 3083 consequentiam,
914 3028 959 3068 ur·
1015 3029 1062 3085 eqo
1074 3027 1144 3082 sum,
1159 3013 1208 3084 qui
1221 3021 1247 3068 te
1260 3013 1393 3068 cordesii
1404 3011 1486 3084 (lbid.
1501 3012 1551 3084 2)?
1581 3012 1611 3068 ln
1641 3015 1768 3082 mutum,
1793 3011 1841 3069 in-

128 3101 398 3176 gementaejuset
420 3097 552 3172 exemplu
580 3099 616 3156 de
644 3099 767 3174 nuptiis,
796 3101 961 3173 eodemque
1016 3102 1091 3174 quit,
1133 3100 1245 3158 sciebat
1276 3101 1390 3157 fruetus
1417 3100 1586 3174 nuptiarum
1620 3099 1736 3158 Domini
1764 3118 1841 3170 esse,

128 3191 236 3248 ordine
251 3187 363 3254 omnia,
378 3204 437 3261 quo
452 3188 488 3243 ab
505 3204 538 3244 eo
556 3188 635 3245 dieta
649 3192 728 3256 aunt,
744 3187 886 3262 digeram.
902 3175 996 3245 NeeC
1016 3208 1073 3247 non
1089 3189 1198 3247 mariti.
1214 3191 1296 3256 Quod
1310 3189 1419 3262 loseph
1435 3189 1479 3244 vir
1492 3194 1614 3246 sanetus
1636 3193 1724 3263 atque
1739 3190 1843 3248 castis-

129 3279 294 3338 molestum
309 3275 410 3336 lectori
425 3277 474 3344 sit,
490 3277 515 3334 si
541 3294 681 3334 nauseam
696 3278 760 3350 ejus
775 3283 804 3334 et
817 3277 960 3334 vomitum
1014 3279 1121 3346 simus,
1137 3283 1167 3336 et
1180 3294 1284 3336 omnes
1299 3277 1472 3352 patriarches
1487 3294 1592 3335 uxores
1607 3277 1842 3352 habuerint,qui·

129 3367 229 3441 legere
243 3363 449 3439 compellatur.
477 3365 628 3423 Libentius
657 3366 822 3423 antidotum
852 3365 960 3422 Christi
1015 3365 1602 3440 busequaliterperldoysenbenedicat
1629 3366 1840 3426 neuctudam

129 3457 310 3526 bibet,cum
338 3453 447 3512 diaboli
475 3470 586 3511 venena
614 3454 826 3527 praeoesserint.
856 3454 961 3512 Audite
1015 3455 1291 3530 quoqueproponii,
1311 3459 1340 3511 et
1364 3454 1511 3512 Thamar:
1537 3459 1567 3511 et
1590 3455 1721 3512 occisum
1747 3455 1841 3512 Onam

131 3545 294 3618 patienter,
307 3543 450 3616 virgines3
474 3543 584 3612 audite,
609 3560 707 3616 queso
733 3543 962 3618 voluptuosiaai-
1014 3543 1362 3621 perstringitallomino,
1378 3545 1449 3617 quia
1463 3544 1545 3602 sratri
1568 3544 1700 3601 invidens
1729 3560 1841 3612 semen,

134 3648 227 3690 mum
242 3631 480 3700 concionatorem,
497 3631 557 3688 imo
572 3631 657 3705 quasi
678 3633 841 3690 sirenatum
857 3637 962 3690 cantus
1016 3633 1185 3708 nuptiarum
1207 3633 1321 3708 opera*
1345 3633 1494 3706 perdebat.
1520 3636 1636 3706 Moysen
1653 3632 1799 3706 proponit,
1814 3635 1844 3689 et

130 3727 164 3780 et
182 3721 497 3780 sabulaselausaaure
519 3720 961 3796 transite.Vestrasiertepou·
1015 3723 1109 3779 itariae
1124 3723 1247 3798 lepram,
1263 3723 1344 3796 quei
1359 3721 1440 3778 iratri
1474 3738 1527 3794 pro
1558 3737 1644 3777 uxore
1660 3721 1840 3796 detrahens,

131 3811 229 3885 liaper
242 3809 387 3882 iniuriam
402 3813 503 3884 putate
518 3827 569 3867 vus
584 3827 652 3867 eum
667 3811 782 3869 Christo
795 3812 961 3880 crucifixae,
1016 3811 1092 3868 illico
1104 3811 1154 3869 Dei
1171 3809 1280 3868 ultione
1295 3827 1435 3884 percussu
1449 3815 1503 3867 est.
1522 3809 1634 3865 Laudat
1661 3809 1799 3878 Samson,
1814 3813 1844 3866 et

131 3900 351 3956 Pharisaeorum
367 3899 469 3956 audire
483 3898 712 3974 blasphemias².
1016 3899 1149 3958 uxorium
1165 3900 1333 3957 Nazareum
1349 3899 1432 3955 miris
1447 3897 1532 3956 alleri
1546 3897 1709 3972 preconiis.
1727 3897 1843 3955 Debbo-

165 3992 196 4045 5.
212 3989 386 4046 leoiuiouus.
403 3989 482 4046 Liber
495 3991 701 4047 deuteronomii
714 3991 763 4046 sui
778 3991 852 4048 losio
867 4005 961 4064 reper—
1016 4007 1077 4047 rum
1090 4005 1206 4062 quoque
1222 3987 1342 4062 replicat
1356 3993 1385 4044 et
1400 3987 1521 4058 Burnch,
1540 3987 1617 4060 quod
1634 3988 1745 4059 absque
1756 3986 1844 4060 virgi·

126 4085 174 4135 tus
191 4081 223 4134 in
239 4077 525 4150 templo-Primo,
542 4079 650 4152 inquit,
666 4077 717 4136 Dei
732 4079 879 4136 sententia
905 4083 961 4146 est,
1016 4075 1515 4135 nitatisbonieSisarametJabim
1540 4080 1574 4158 et¹
1595 4093 1700 4132 currus
1730 4076 1839 4133 terreos

124 4169 251 4240 Propter
261 4165 334 4240 quod
347 4166 466 4224 dimittet
485 4167 563 4224 bomo
576 4171 682 4240 putrem
698 4173 723 4224 et
751 4176 962 4225 matrcmsuem
1015 4166 1198 4224 debellarint.
1213 4165 1296 4223 lohel
1317 4181 1437 4221 uxorem
1453 4163 1547 4222 llaber
1560 4163 1646 4238 cynei
1667 4162 1783 4221 addueii
1812 4160 1842 4220 in

124 4256 523 4314 emeritumque
546 4261 629 4313 erunt
656 4257 710 4314 duo
738 4258 768 4313 iu
797 4273 881 4314 curre
904 4275 962 4314 unu
1017 4256 1161 4322 medium,
1178 4253 1288 4328 etpalo
1308 4251 1843 4326 armatampredieatmanum.lnter

120 4345 204 4418 (Gen.
221 4361 255 4416 n,
270 4345 317 4412 24,
333 4343 537 4414 etlluttt.x1x,
562 4347 601 4420 5).
617 4348 657 4402 Ae
687 4363 723 4402 ne
752 4347 825 4404 sorte
851 4346 961 4405 dicere·
1014 4341 1564 4419 lephtepatremetliliamvirginem,
1593 4358 1659 4414 quae
1689 4339 1841 4398 immolata

121 4451 195 4491 mua
212 4433 271 4490 hoe
285 4431 430 4506 scriptum
446 4433 476 4488 in
490 4431 580 4489 veteri
605 4433 803 4501 Testamenta,
824 4435 930 4491 asserit
945 4452 962 4492 a
1016 4435 1055 4490 sit
1068 4433 1203 4498 Domino,
1220 4431 1291 4488 dicit
1305 4430 1417 4489 nullam
1438 4431 1529 4488 luisse
1545 4429 1738 4500 distantiam
1769 4425 1840 4503 quin

119 4522 251 4580 Domino
268 4537 386 4595 quoque
400 4521 530 4596 idipsum
546 4523 575 4579 in
600 4522 755 4596 Evangelio
782 4523 959 4580 confirmari.
975 4545 999 4611 D
1015 4523 1114 4595 potius
1130 4522 1218 4580 iidem
1234 4522 1326 4594 putris
1341 4521 1456 4594 praelert
1468 4519 1573 4592 eique
1590 4517 1838 4593 oesasitlugena.

119 4611 203 4682 Quod
216 4613 290 4668 Deus
304 4611 461 4680 contenuit,
476 4609 555 4669 homo
565 4627 620 4669 uon
645 4619 770 4680 separet:
799 4610 959 4686 statimque
1014 4611 1100 4667 Venit
1113 4611 1149 4667 ad
1165 4609 1282 4668 Samuel
1299 4608 1424 4666 alterum
1445 4609 1613 4668 Nazarenum
1641 4605 1770 4680 Domini,
1785 4608 1838 4681 qui

117 4699 288 4766 subnectit,
305 4699 423 4757 Crescite
437 4704 464 4756 et
478 4701 720 4774 multiplicamini,
738 4708 764 4758 et
788 4703 889 4774 replete
904 4706 958 4759 tor·
1014 4700 1050 4758 ab
1066 4699 1191 4756 infantia
1206 4697 1335 4756 nutritus
1350 4697 1380 4754 in
1409 4697 1597 4756 tabernaculo
1612 4701 1699 4768 est,et
1713 4697 1836 4754 vestitus

118 4809 187 4848 rem
201 4789 283 4862 (Cea.
302 4805 323 4860 r,
338 4791 406 4858 28).·
431 4793 460 4847 et
473 4806 526 4863 per
553 4789 687 4846 ordinem
717 4789 849 4863 replicat,
877 4789 957 4859 Seth,
1013 4790 1113 4846 deuon
1129 4805 1193 4857 aun,
1210 4788 1288 4861 quod
1303 4787 1521 4858 interpretatur,
1537 4787 1658 4844 uestitus
1671 4787 1772 4843 lineis:
1792 4784 1837 4843 di·

158 4989 167 5022 ¹
188 4983 401 5044 &moctensis
416 4983 618 5112 liberareque
630 4987 826 5058 propositionis
836 4989 958 5058 suposito
1012 5001 1076 5040 rum
1089 5000 1172 5058 opero
1184 4983 1323 5056 perdebat
1335 4987 1367 5040 ln
1384 4999 1442 5039 uno
1458 4981 1627 5039 colbertina
1639 4979 1837 5052 bibliothecae,

157 5059 322 5139 ¹Rursum
337 5055 545 5140 casanatensis
586 5057 647 5113 iber
672 5057 815 5130 proponit
842 5058 957 5132 epigra·
1010 5072 1103 5112 semea
1121 5058 1284 5139 nuptiarum
1299 5058 1328 5138 in
1345 5059 1417 5110 terro
1431 5053 1572 5126 tundebat.
1593 5051 1649 5109 Alii
1665 5051 1781 5136 codices
1796 5051 1837 5110 le-

117 5129 592 5258 plteddttttlttn.
1011 5127 1839 5279 {stillicidiali,diiudicasset

155 5275 169 5308 '⁰
188 5271 273 5326 Alius
286 5277 358 5326 erat.
376 5287 428 5326 nec
441 5272 536 5353 'bena‘
556 5286 648 5352 mmor
674 5271 836 5342 nuptiarum
864 5271 956 5328 dedito
1011 5275 1184 5354 terpretum‚
1196 5271 1266 5326 Cen.
1282 5284 1391 5324 xxxviii
1406 5285 1412 5322 :
1428 5265 1522 5350 Seioua
1537 5276 1630 5324 ouum
1645 5273 1840 5338 Armamqure

115 5360 211 5416 opero
220 5341 366 5423 perdebat,
380 5345 447 5398 Anti
471 5359 500 5398 ur
518 5341 585 5398 libra
602 5347 716 5398 Annum
729 5358 780 5424 pro
791 5344 881 5401 Ouum
898 5343 955 5398 tre·
1010 5359 1064 5399 uon
1079 5343 1134 5400 sahi
1147 5349 1339 5398 erutsernerr...
1364 5337 1461 5466 equitet
1488 5355 1569 5422 super
1586 5344 1710 5422 lterum,
1726 5341 1757 5396 ut
1783 5354 1840 5396 nou

115 5421 268 5490 quantine
296 5411 431 5472 ederunt.
486 5419 548 5471 ecte
577 5411 754 5470 Veronensis
783 5413 893 5470 Annum
921 5431 956 5471 ex
1008 5413 1364 5483 doretsementrutresuo.
1402 5409 1646 5480 nurdsbutrgrtur
1663 5426 1762 5466 semen
1779 5409 1839 5468 lra-

115 5493 225 5544 tiraeco
241 5481 328 5537 divio
344 5488 373 5541 et
387 5483 465 5540 inira
479 5484 583 5542 Chuber
604 5500 656 5556 pro
686 5483 787 5541 tiator.
818 5517 851 5527 -
882 5485 955 5554 Quia
1008 5486 1057 5550 tri,
1073 5487 1101 5539 et
1117 5483 1181 5540 ideo
1196 5483 1367 5556 nuptiarum
1382 5498 1471 5555 opera
1487 5484 1637 5556 perdebat.
1653 5485 1798 5540 uinaria.

114 5559 211 5632 {ratri
225 5555 352 5613 iuoidmr
365 5571 466 5611 semer.
483 5561 514 5612 tn
530 5555 629 5613 codiee
644 5571 700 5612 ms.
718 5555 954 5629 sangermanen·
1043 5556 1054 5591 ⁵
1069 5554 1115 5612 Sia
1130 5555 1251 5632 corrigit
1264 5553 1388 5614 Vellere.
1402 5569 1409 5614 ε
1425 5553 1548 5614 nartiac
1563 5572 1592 5630 v,
1608 5555 1644 5616 to
1667 5551 1756 5614 babet
1769 5552 1838 5628 quia

115 5631 146 5690 ai
163 5626 316 5704 legimus:
332 5627 405 5700 Quia
418 5629 503 5702 tratri
516 5627 655 5704 inuideas,
671 5630 957 5708 sauctorumuuptiu·
1007 5625 1090 5689 dun.
1806 5652 1808 5661 ·
