4054 6168
154 298 220 376 W
779 311 831 376 ott
850 310 1097 378 PAIJAES'HHAE
1117 315 1242 381 allois.
1798 316 1865 390 m

155 445 232 506 lieni
247 445 319 502 sunt
332 439 506 518 vinulorum,
523 443 589 520 dnos
602 435 693 504 nullis
706 443 855 504 distantiis
866 453 1056 522 annotantur,
1073 454 1101 507 et
1115 467 1177 522 quaa
1192 452 1263 508 adeo
1279 452 1373 510 satius
1385 456 1447 511 erat
1460 456 1743 533 praterilsse‚quam
1759 458 1863 524 monor

154 533 432 605 lectoribusl'aoere,
449 535 475 590 si
490 535 577 592 aeros
591 534 702 592 incerta
717 535 919 594 miscerentur.
936 538 1043 595 Paesto
1058 540 1223 616 autemiuit
1238 541 1301 615 ipso
1316 541 1510 618 Hieronymus
1524 546 1587 604 suis
1601 548 1667 606 aliis
1682 549 1809 624 scriptis,
1832 555 1863 612 el

155 639 225 682 eum
241 623 346 698 primis
361 622 392 679 iu
406 622 532 696 epistola
546 625 582 679 ad
600 624 779 696 Dardanum,
803 625 833 681 in
850 631 949 683 nostra
973 627 1140 685 recensione
1156 631 1216 700 129,
1242 630 1292 687 ubi
1317 631 1458 690 uni'versae
1482 635 1677 705 possessionis
1690 638 1859 698 iudeorum

153 711 371 786 longitudinem
387 712 508 786 quidem
523 714 644 770 metitur
657 731 674 768 c
689 718 751 770 Dura
765 731 852 786 toque
864 716 1004 788 Bersohee,
1025 733 1085 788 qaue
1099 721 1148 773 vic
1169 728 1278 775 centem
1291 722 1436 793 sesapinto
1457 723 1582 779 millium
1597 725 1627 780 to
1648 726 1760 798 mom
1771 731 1862 802 spatio

153 802 298 866 miter,-
313 801 499 858 latitudinem
514 819 580 858 vero
595 807 712 875 cloppe
725 820 812 875 aspare
826 805 861 860 ad
875 806 997 860 viculum
1011 805 1146 862 Bethleem
1163 808 1408 880 quadruplatores
1420 811 1554 884 millium,
1564 815 1612 869 cci
1623 814 1743 871 suecth
1761 819 1860 874 υαιεὶε-

154 895 229 949 sime
241 891 360 948 solitudo
373 891 458 964 pleno
472 893 607 962 ferocium
622 894 824 949 harbarorum.
844 892 937 948 Licuit
951 893 999 948 hic
1014 893 1177 966 intelligere
1192 895 1314 952 totidem
1330 898 1456 955 millium
1471 899 1619 973 regionem
1643 906 1744 959 ountm
1757 903 1860 962 Orien*

155 985 217 1037 tam
231 983 309 1037 recto
325 979 361 1036 ad
375 979 534 1035 lordonum
550 979 678 1052 tramite,
694 986 781 1054 atque
794 998 810 1036 a
823 981 953 1039 lordane
967 983 1002 1038 ad
1018 982 1162 1053 chesbon,
1181 985 1280 1041 Peraea
1295 987 1409 1058 undem,
1426 987 1495 1059 sive,
1513 990 1684 1050 uthlusebio
1700 990 1804 1065 piacet,
1822 993 1859 1050 ad

154 1084 250 1142 usque
263 1067 509 1142 philadelphiam,
525 1085 589 1139 que
605 1070 704 1125 decem
720 1086 810 1143 supra
833 1069 966 1126 Chesbon
982 1070 1115 1128 millibus
1139 1074 1296 1130 aJordune
1320 1077 1558 1148 protendebatur.
1575 1079 1649 1136 Nam
1670 1077 1699 1136 et
1713 1081 1738 1138 si
1753 1081 1861 1138 iudea

152 1157 280 1215 latitudo
296 1157 384 1230 paulu
399 1162 444 1214 est
462 1157 608 1229 incertior,
636 1159 714 1229 quod
730 1167 872 1232 quantum
900 1159 977 1216 ultra
991 1161 1147 1218 tardonem
1171 1169 1345 1235 excurreret,
1362 1181 1420 1222 non
1447 1166 1520 1224 selis
1535 1167 1610 1224 inter
1638 1174 1771 1227 auctores
1790 1186 1859 1230 tacu⁸

152 1247 269 1302 veniat:
286 1246 447 1304 sentiebam
465 1250 574 1318 minen,
591 1263 649 1303 nou
664 1263 698 1302 ex
712 1248 870 1316 variorum,
886 1251 914 1305 el
927 1250 1099 1322 plerumque
1112 1251 1273 1308 recentium
1288 1253 1445 1325 viatorum,
1474 1254 1620 1328 opinione,
1639 1273 1685 1320 ne
1713 1258 1809 1316 diram
1824 1276 1860 1318 ex

152 1335 329 1406 Thalmude,
353 1351 387 1391 ac
406 1334 574 1391 ludaeorum
598 1335 721 1392 somniis
736 1337 809 1392 mihi
833 1337 924 1394 luisse
939 1338 1147 1396 describendos
1171 1340 1323 1398 Palestinm
1339 1343 1422 1415 fines,
1447 1345 1497 1400 sed
1512 1361 1546 1402 ex
1573 1345 1743 1418 hujusmodi
1758 1363 1857 1406 rarum

153 1423 359 1495 solertissimo,
377 1427 438 1479 tum
456 1424 492 1480 ob
508 1423 681 1480 eruditionis
695 1423 823 1495 laudem,
840 1428 904 1480 tum
920 1427 955 1481 ob
969 1426 1025 1482 loci
1041 1427 1177 1484 viciniam
1192 1430 1362 1486 Caesariensi
1389 1431 1534 1504 episcope,
1556 1435 1682 1506 ejusque
1700 1433 1859 1510 interprete

155 1529 264 1586 magno
287 1512 475 1585 Hieronymo,
502 1514 553 1584 qui
575 1513 659 1570 sedes
682 1513 749 1570 illas
772 1517 801 1570 et
814 1515 960 1572 curiosius
975 1517 1148 1589 peragravit,
1164 1522 1193 1573 et
1216 1517 1324 1575 multos
1349 1535 1442 1576 annos
1470 1519 1602 1578 incoluit.
1617 1522 1812 1588 Quamobrem
1829 1527 1859 1580 et

154 1601 241 1658 multi
254 1601 385 1660 iacienda
399 1617 467 1658 suin
484 1602 645 1659 arbitratus
661 1601 727 1675 ipse
739 1619 774 1658 ex
789 1603 964 1677 Hieronymo
975 1606 1117 1678 Exempto,
1129 1622 1192 1677 quae
1204 1607 1240 1663 ad
1251 1606 1383 1664 locorum
1393 1607 1546 1666 intervella
1556 1610 1677 1683 iaciunt,
1689 1615 1719 1670 ct
1728 1610 1771 1668 sic
1785 1611 1859 1669 satis

152 1691 285 1749 studiose
299 1695 368 1764 post
379 1691 581 1748 ltartianaeum
597 1690 710 1764 collegi,
727 1696 759 1748 ut
769 1693 832 1764 J'am
848 1693 907 1749 sint
921 1695 1080 1752 maximam
1096 1699 1211 1768 partem
1226 1695 1365 1768 auctiora,
1386 1697 1562 1755 Pretermisi
1586 1703 1685 1756 autem
1708 1699 1776 1772 alie,
1792 1717 1856 1774 que

151 1795 187 1838 ex
200 1780 356 1853 temetipso
372 1778 482 1836 recolas
498 1797 533 1836 ex
548 1779 672 1852 epistola
686 1780 747 1852 108,
761 1780 821 1836 sive
836 1781 865 1838 S.
883 1781 977 1840 Paulo
993 1782 1150 1856 epitaphio,
1176 1801 1236 1840 an.
1253 1786 1270 1840 8
1295 1786 1330 1841 ad
1349 1787 1391 1858 15,
1406 1789 1494 1859 etque
1517 1803 1552 1842 ex
1566 1786 1627 1860 illa,
1652 1803 1716 1860 quas
1730 1789 1766 1844 de
1780 1789 1857 1846 Haa-

149 1869 275 1926 sioaihaa
289 1869 475 1925 odi'chtelam
489 1867 671 1938 inscribitur,
688 1869 719 1925 in
738 1873 839 1926 nestra
862 1871 1031 1927 recensione
1053 1873 1099 1944 78,
1123 1889 1186 1945 quaa
1207 1877 1291 1929 erant
1315 1873 1405 1931 terme
1420 1891 1454 1932 ex
1478 1873 1591 1949 integro
1606 1875 1814 1953 describenda,
1831 1877 1858 1936 si

150 1973 215 2032 qnae
231 1957 274 2014 ibi
289 1959 325 2016 de
336 1957 430 2016 Terrae
451 1960 558 2014 sanctae
574 1955 697 2014 urbibus
711 1957 877 2030 traduntur,
895 1958 999 2016 luisset
1014 1959 1131 2016 enimus
1146 1960 1293 2018 exhibere.

628 2363 717 2469 EX
764 2362 1125 2472 HlERONYMl
1176 2365 1375 2474 LlBRlS

852 2529 1155 2684 encaenia

300 2821 408 2944 DE
453 2815 824 2964 ALIQUOT
868 2815 1397 2940 PALAESTINAE
1438 2815 1696 2945 LOCIS.

198 3247 489 3312 aeerraaermon
516 3244 587 3300 urbs
616 3247 661 3300 est
670 3243 757 3315 juxta
782 3240 941 3304 iezraelem
952 3243 972 3314 ¹,
989 3241 1163 3316 Aplerique
1186 3243 1343 3313 nstimaut,
1377 3245 1457 3317 quod
1481 3244 1590 3320 Ἄρεος,
1612 3244 1642 3302 id
1676 3248 1721 3302 est
1747 3247 1853 3320 Hortt‘s,

148 3356 214 3414 quas
243 3337 299 3396 boc
326 3334 397 3394 olim
424 3332 566 3392 vocabulo
594 3335 766 3404 nuncupata
793 3335 847 3402 est,
885 3330 971 3388 hodie
1026 3331 1129 3388 civitas
1145 3331 1184 3388 sit
1198 3332 1257 3404 (iae
1270 3333 1329 3404 xv).

145 3431 269 3486 vocatur
282 3421 546 3495 Maximianopolis,
575 3420 604 3477 in
632 3433 734 3492 campo
751 3419 921 3492 Hageddon,
940 3418 969 3474 in
1060 3419 1164 3487 Amen,
1181 3425 1226 3478 est
1240 3421 1384 3477 terminus
1398 3422 1637 3479 Amorrbssorum
1660 3424 1842 3482 atltoabita-

144 3533 205 3590 quo
219 3514 316 3574 Josies
326 3529 376 3571 rex
389 3529 406 3570 a
417 3510 567 3568 Pharaone
580 3505 896 3582 cognomentoNechao
911 3507 971 3562 vul·
1025 3523 1091 3564 rum
1105 3509 1196 3580 (ibid).

146 3601 502 3676 neratusest(chltx11.)
1059 3596 1159 3652 Aeetas
1187 3596 1265 3654 Mare
1289 3600 1387 3653 autem
1412 3597 1607 3654 novissimum
1636 3596 1767 3671 intellige
1791 3597 1847 3656 beo

185 3691 286 3749 Abila.
300 3695 377 3749 liare
392 3690 536 3760 Rubrum,
552 3687 582 3743 in
594 3688 679 3759 cujus
703 3684 802 3741 littore
817 3682 902 3740 Abila
915 3702 968 3758 po·
1023 3685 1102 3756 quod
1117 3685 1154 3740 ad
1165 3685 1347 3742 occidentem
1358 3689 1412 3751 est,
1422 3685 1667 3757 etquoddueitin
1677 3687 1846 3758 AEgyptum,

142 3780 203 3838 sita
217 3785 270 3853 est,
288 3781 336 3840 ubi
352 3795 431 3836 nunc
446 3780 577 3834 moratur
590 3775 675 3848 legio,
692 3775 720 3830 et
734 3773 904 3846 presidium
915 3772 969 3830 He·
1023 3772 1053 3828 in
1078 3775 1164 3845 cujus
1186 3771 1284 3829 liltore
1306 3773 1383 3829 Gaza
1406 3777 1434 3828 et
1457 3771 1594 3843 Ascalon,
1629 3774 1795 3847 Aetolusque
1817 3779 1848 3856 et

141 3845 305 3929 manorum
320 3869 427 3942 (Enoch.
444 3865 541 3938 xcvii).
1022 3862 1125 3936 ioppe,
1138 3865 1168 3918 et
1182 3861 1322 3930 Cesarea,
1339 3866 1367 3917 et
1381 3864 1491 3918 caeteras
1507 3862 1595 3917 urbas
1611 3861 1765 3920 maritimae
1785 3863 1849 3920 atta

174 3959 298 4017 Anathet
312 3962 357 4015 est
371 3957 486 4014 viculus
511 3954 540 4010 in
565 3951 651 4010 tertio
676 3948 816 4008 milliario
843 3950 880 4006 ab
897 3951 968 4007 urbe
1024 3954 1093 4007 suut
1108 3951 1177 4023 (leel
1193 3953 1238 4020 ιι).
1628 3991 1629 3996 ,

141 4047 320 4124 limantem)
346 4045 421 4104 situs
449 4045 577 4119 (Prooem.
608 4043 638 4096 in
667 4040 716 4096 tlt.
742 4057 752 4095 1
772 4041 910 4096 Commeat
938 4041 967 4094 ia
1058 4040 1201 4095 Bosolee.
1218 4038 1273 4095 Ubi
1288 4042 1316 4095 et
1329 4038 1478 4096 Bersabee
1492 4055 1587 4113 usque
1601 4040 1689 4098 bodie
1707 4041 1850 4116 oppidum

140 4135 218 4208 Osee)
249 4137 351 4191 contra
379 4129 608 4205 septentrionem
636 4127 800 4184 Jerusalem
825 4126 854 4182 in
884 4126 968 4182 tertio
1023 4131 1083 4184 est:
1102 4145 1165 4201 que
1181 4127 1504 4202 pmvinciasutevilti
1522 4145 1581 4185 uon
1604 4131 1716 4202 grande
1733 4133 1851 4204 tempus

143 4221 297 4281 milliario.
314 4223 423 4294 (terea.
440 4225 471 4288 1).
500 4231 504 4244 ’
1023 4233 1057 4274 ex
1080 4216 1225 4274 divisione
1248 4216 1410 4273 Presidum
1438 4215 1603 4288 palestine,
1634 4217 1778 4276 Salutaris
1805 4224 1851 4276 ast

176 4311 298 4385 Apedno.
315 4310 400 4384 Figat
428 4305 651 4365 tabernaculum
669 4321 756 4361 suum
785 4304 815 4360 in
849 4305 968 4377 Apedac
1023 4304 1522 4379 uicta(Qaaest.adoen.xr11,3e).

136 4395 229 4475 juxta
257 4397 421 4472 Nicopolin,
450 4413 514 4470 qum
535 4393 618 4467 prius
644 4393 967 4460 limmausvocabatur,
1059 4395 1223 4453 Beth-ouen.
1244 4394 1476 4467 Ouaquoudam
1493 4393 1652 4451 vecabatur
1675 4395 1786 4468 Bethel,
1805 4401 1851 4454 est

139 4488 193 4547 nbi
204 4483 620 4562 incipiuntmontaaaludaeae
632 4497 810 4554 consurgere
823 4483 903 4554 (nan.
917 4481 968 4553 xi).
1024 4484 1095 4540 urbs
1111 4484 1139 4540 in
1154 4484 1231 4540 tribu
1247 4483 1387 4557 Ephraim
1414 4486 1480 4555 posi
1504 4481 1656 4555 Beniamin
1671 4502 1678 4554 ;
1703 4484 1754 4541 nbi
1770 4485 1850 4542 enim

157 4577 292 4635 'Archia
304 4576 364 4634 Hex
379 4571 569 4648 Babylonis...
587 4570 753 4644 egredietur
775 4571 893 4643 quidem
910 4586 969 4626 uno
989 4573 1128 4682 Blinitur
1142 4574 1305 4645 BanJamin,
1328 4571 1407 4628 haud
1433 4570 1534 4646 procul
1552 4571 1582 4627 in
1606 4571 1686 4630 tribu
1710 4573 1850 4648 llpbraim

144 4667 254 4724 itinere
267 4664 480 4732 chaldeorum,
510 4661 560 4719 sed
587 4660 787 4716 cumvenerit
810 4660 973 4732 perdescr·
1028 4661 1088 4718 hee
1103 4663 1174 4718 urbs
1189 4662 1307 4718 condita
1320 4665 1365 4718 est
1381 4662 1459 4730 (Osee
1472 4661 1509 4734 v).
1835 4657 1839 4664 “

139 4759 208 4812 tum
221 4755 251 4812 et
265 4752 457 4810 solitudinem
473 4751 552 4808 m
566 4750 602 4805 ad
617 4748 736 4806 bivium
752 4752 835 4804 terror
850 4748 972 4816 Arabim,
1063 4751 1203 4808 Bettutr'n.
1226 4751 1299 4807 Cum
1324 4749 1440 4806 induite
1463 4749 1582 4822 agmine
1609 4751 1850 4824 prosequentium

146 4857 214 4917 qne
229 4841 395 4917 appellatur
412 4839 540 4896 liliorum
555 4843 694 4906 Ammon,
710 4853 834 4910 quarum
851 4853 911 4893 uua
927 4837 973 4893 via
1026 4839 1105 4896 venit
1118 4837 1317 4895 bethuliam...
1334 4839 1439 4909 quinto
1462 4839 1511 4895 die
1535 4837 1617 4896 venit
1640 4837 1789 4895 Pelusium
1810 4839 1854 4912 (lc

141 4931 309 4991 Jerusalem
323 4929 406 4987 ducit
419 4929 456 4984 ed
472 4928 620 4984 dexteram
638 4930 763 4999 partem,
775 4925 972 4983 sinistravero
1029 4929 1079 4984 Vit.
1096 4928 1124 4984 S.
1140 4926 1326 4996 Hilarionis).

142 5022 182 5080 ad
212 5019 347 5078 ilabbath
363 5017 492 5075 illiorum
507 5021 644 5084 Ammon,
661 5031 724 5087 quas
738 5013 896 5070 estcivitns
911 5031 971 5071 me·
1063 5016 1243 5074 Cadmhcrne.
1260 5015 1423 5071 Indeserta
1448 5018 1505 5083 est,
1530 5016 1609 5088 quod
1631 5013 1803 5074 extenditur
1817 5015 1853 5072 ed

141 5108 279 5184 tropolis,
308 5110 337 5166 et
364 5106 452 5164 hodie
478 5103 685 5177 Philadelphin
714 5102 895 5171 nominetur,
915 5107 971 5160 etc.
1027 5106 1130 5163 urbem
1146 5109 1262 5161 Petram
1278 5103 1388 5173 (Haecin
1402 5103 1514 5176 xcviii.)

148 5197 335 5272 (Eaechxxr).
1063 5195 1211 5252 Carmelus.
1237 5193 1300 5249 Duo
1324 5195 1396 5249 sunt
1420 5196 1538 5250 montes
1563 5193 1613 5267 qui
1639 5196 1782 5251 vocantur
1799 5192 1855 5251 hoa

180 5291 230 5358 Ar,
246 5287 349 5344 civitas
375 5284 545 5358 metropolis
567 5283 697 5356 regionis
718 5281 815 5349 Moab,
827 5297 890 5353 que
905 5298 970 5354 pro·
1027 5284 1162 5351 nomine;
1179 5280 1290 5338 altaria
1302 5296 1360 5353 quo
1374 5280 1431 5337 luit
1440 5280 1533 5338 Nabal
1545 5283 1717 5354 carmelius,
1729 5281 1855 5340 maritus

142 5375 242 5434 mucia
256 5360 302 5434 est
317 5376 458 5431 Arabum.
475 5373 566 5430 Hodie
583 5389 617 5428 ex
632 5371 750 5428 Hebraeo
763 5374 792 5426 et
805 5371 903 5428 Graeco
914 5385 972 5428 ser·
1025 5370 1150 5444 Abigail,
1167 5371 1203 5427 ad
1218 5368 1385 5428 Australem
1412 5368 1549 5442 plagam:
1567 5369 1641 5428 alter
1659 5373 1746 5445 juxta
1760 5369 1855 5428 Ptole-

144 5467 234 5524 mone
257 5463 429 5536 composita,
455 5461 608 5535 Areopolis
632 5465 841 5534 nuncupatur;
866 5477 923 5516 non
940 5465 973 5516 ut
1027 5459 1154 5516 maidem
1170 5459 1263 5530 (juxte
1279 5458 1417 5514 Poenicis
1431 5459 1587 5532 orminos),
1609 5477 1673 5533 qua
1699 5459 1782 5533 prius
1803 5475 1854 5517 vo-

185 5641 323 5704 *viem
339 5642 475 5706 Hartian.
490 5641 656 5704 leucaten.
