4056 6156
89 5691 92 5698 ,
180 5633 236 5698 cst,
251 5630 329 5701 qaod
345 5627 589 5702 spirituipgratiae,
606 5629 636 5683 ia
651 5644 709 5699 quo
730 5631 931 5689 sanctificatas
946 5639 1001 5702 εει,
1056 5633 1174 5704 diceret,
1187 5638 1299 5708 potarat
1313 5652 1362 5694 eas
1377 5637 1405 5694 vi

135 275 138 288 ’
173 254 229 322 lll
799 259 831 324 S.
853 257 1009 326 ausaatl
1030 255 1250 322 athanasia
1815 248 1872 315 ΗΞ

174 411 273 456 vocem
297 393 361 469 ojus
382 395 535 465 audiertis,
557 393 647 454 nolite
670 394 814 452 obdurare
837 394 926 450 corda
950 409 996 450 ve·
1006 392 1040 472 ⁸A
1053 391 1134 448 dabit
1148 393 1224 448 bona
1234 391 1401 464 petentibus
1411 406 1442 448 sa
1456 391 1500 448 ¹⁰?
1515 411 1528 442 a
1540 387 1714 446 Altarvero:
1731 409 1745 438 a
1758 386 1872 452 Quanto

176 491 237 544 stra
249 487 270 556 ⁷,
288 508 302 536 a
318 489 371 542 etc.
389 487 421 542 ln
436 485 495 542 stas
509 501 626 558 quoque
641 487 768 540 actuum
784 483 994 556 apostolorum,
1051 479 1145 554 magis
1159 480 1244 538 Pater
1267 486 1364 538 vester
1380 479 1505 537 coelestis
1529 479 1611 537 dabit
1625 476 1766 551 Spiritum
1782 493 1870 533 auum

176 591 244 633 cam
258 575 275 632 J
278 575 369 633 udaia
385 575 549 647 disputans,
563 573 603 629 ait
619 591 626 629 z
642 573 723 629 Sicut
738 572 862 645 Spiritus
877 575 996 628 sanctus
1051 571 1425 643 sanctumpetcntibusse¹¹
1436 569 1469 624 t»
1479 568 1774 640 anuibusapparet,
1784 566 1874 639 Spiri-

175 664 291 721 locutus
300 668 344 721 est
354 680 406 736 per
416 663 522 720 isaiam
533 661 704 735 prophetam
716 662 752 716 ad
760 662 858 734 patres
869 664 995 729 nostros,
1053 664 1116 715 tum
1129 664 1263 716 sanctum
1274 658 1485 733 plenitudinem
1495 674 1560 716 essa
1570 657 1714 714 donorum
1725 653 1778 727 [at.
1789 654 1877 711 bono·

177 753 279 810 dicens
291 769 297 808 :
310 752 497 809 auditionem
509 751 644 818 audietis,
658 755 686 806 et
700 767 755 806 aon
767 747 937 822 intelligatis
948 749 969 802 ⁸.
983 770 997 797 »
1053 745 1132 820 rum]
1148 747 1199 803 Dei
1211 764 1218 816 ;
1231 750 1259 803 at
1273 764 1307 804 ea
1320 763 1383 820 qua
1399 745 1540 803 divinitus
1551 743 1807 810 administrantur,
1819 759 1876 799 noa

176 843 276 915 Neque
290 843 368 898 enim
393 840 501 898 Paulus
527 839 616 896 alium
632 839 745 896 habens
771 837 913 910 Spiritum
934 853 999 894 aaa·
1053 837 1165 907 absque
1180 851 1212 892 eo
1237 835 1418 904 subsistere,
1436 835 1506 908 quia
1529 849 1631 890 omnes
1647 829 1797 901 utilitates,
1810 847 1878 904 ¹quae

177 931 343 998 erumnae
366 931 401 986 de
425 947 458 986 co
482 927 610 1000 scripsit,
627 928 678 999 qui
702 927 731 983 in
758 913 908 999 prophetis
932 929 999 982 ante
1052 925 1244 981 exdonorum
1260 925 1310 981 Dei
1326 925 1421 997 gratia
1444 924 1656 996 suscipiuntur,
1672 937 1707 978 ex
1727 921 1783 976 istc
1799 919 1878 976 tonte

177 1021 336 1078 adventum
359 1017 475 1074 Domini
499 1017 576 1072 alius
599 1016 672 1084 suit;
690 1016 740 1072 scd
763 1016 799 1071 ds
815 1031 848 1071 eo
871 1014 957 1086 cujus
972 1018 1000 1070 ει
1053 1008 1877 1080 dimanantouodautembouumsubstantialiterest,non

167 1109 241 1182 ,ipse
257 1107 401 1182 particeps
422 1107 495 1168 suit:
512 1110 541 1161 ει
555 1121 656 1161 omnes
671 1105 721 1178 qui
736 1104 765 1160 in
791 1104 848 1160 fide
863 1111 999 1160 consnm‘·
1054 1105 1150 1175 potest
1170 1105 1314 1158 extraneae
1339 1117 1430 1174 capax
1453 1116 1518 1157 εεεε
1537 1097 1687 1166 bonitatis,
1709 1098 1786 1154 ΙΙθ
1809 1112 1877 1153 eum

178 1204 262 1254 mata
278 1197 393 1252 virtutis
402 1195 579 1251 terebantur.
589 1193 670 1250 Unde
681 1197 710 1250 ει
724 1209 790 1249 cum
802 1192 925 1248 articulo
936 1192 1000 1264 ejus
1054 1190 1152 1264 ipsum
1163 1190 1273 1246 tribuat
1284 1190 1394 1247 catoris
1403 1189 1574 1246 bonitatam.
1584 1187 1676 1261 Igitur
1687 1185 1877 1243 manifestum

178 1284 323 1354 meminit,
339 1282 422 1356 quasi
434 1280 596 1339 solitarium
607 1287 636 1338 et
646 1297 738 1337 anum
749 1297 813 1337 esse
823 1285 1000 1347 contestans,
1055 1283 1111 1345 εει,
1126 1294 1186 1335 non
1201 1295 1218 1335 a
1233 1278 1432 1352 corporalibus
1447 1280 1573 1344 tantum,
1585 1276 1635 1333 sed
1652 1279 1681 1332 et
1695 1275 1731 1332 ab
1746 1273 1879 1347 incorpo-

179 1373 229 1430 ubi
255 1372 327 1428 dicit
355 1388 413 1428 non
442 1371 625 1443 simpliciter,
656 1380 848 1442 ῐινιῡμαεγιον,
876 1368 931 1425 hoe
958 1373 1003 1425 est
1056 1363 1879 1438 ratibuscreaturisextraneumesseSpiritumsanctum;

177 1485 191 1514 a
200 1461 463 1536 Spiritussanotns,
472 1482 486 1508 v
497 1459 547 1516 sed
554 1475 622 1516 cum
632 1459 834 1514 additamento
843 1457 958 1514 articuli
974 1467 1003 1514 τι
1057 1456 1127 1530 quia
1141 1464 1248 1513 catera
1270 1455 1442 1514 substantia
1458 1454 1533 1513 hano
1558 1452 1755 1511 substantiam
1771 1451 1880 1508 sancti·

178 1561 279 1622 ῐινιῡμα
292 1559 321 1606 τι
335 1559 413 1620 ἅγιον,
428 1549 467 1620 (7)
484 1567 490 1613 ;
507 1547 561 1603 hoc
573 1551 637 1603 est«
652 1546 830 1620 hicSpiritus
843 1551 973 1603 sanctus.
988 1569 1002 1596 a
1058 1544 1214 1602 delationis
1227 1545 1394 1618 accipiunt;
1410 1543 1468 1600 iste
1480 1560 1547 1600 vero
1562 1559 1621 1600 non
1632 1544 1748 1598 tantum
1764 1556 1821 1596 aon
1837 1543 1883 1595 εει

180 1638 213 1694 Et
224 1638 299 1694 1θο
316 1637 421 1693 isaiam
434 1635 625 1709 prophetasse
636 1638 847 1691 commemorat
856 1651 924 1690 cum
935 1634 1003 1691 arti·
1058 1632 1571 1707 capaxsanctificationisaliena,sed
1580 1631 1702 1703 insuper
1721 1628 1879 1685 attributor

179 1726 275 1783 calata
293 1743 370 1794 voce,
396 1734 434 1783 διὰ
447 1735 475 1783 τε
490 1737 590 1797 ascopa
604 1735 633 1782 τε
648 1734 718 1798 ἅγιον
734 1724 783 1796 (8),
799 1723 828 1780 id
854 1728 899 1780 est
914 1746 928 1773 «
954 1739 1005 1796 per
1057 1726 1103 1780 εει
1113 1727 1141 1779 ει
1151 1726 1273 1779 creator.
1285 1721 1416 1794 Denique
1426 1721 1477 1794 qui
1487 1718 1694 1776 communione
1706 1718 1769 1790 ejus
1781 1717 1883 1772 traun-

178 1815 257 1872 hunc
267 1814 408 1887 Spiritum
424 1819 571 1882 sanctum,
585 1836 596 1866 ι
610 1816 639 1869 ει
649 1829 707 1870 aon
720 1811 893 1886 simpliciter
904 1823 1003 1884 Πνεῦμα
1058 1815 1116 1880 tur,
1129 1811 1285 1884 participes
1300 1810 1439 1867 dicuntur
1448 1808 1575 1882 Spiritus
1586 1807 1690 1876 sancti,
1706 1806 1881 1863 sanctificati

178 1914 257 1978 ἅγιον.
273 1905 376 1961 Petrus
390 1920 506 1978 quoque
520 1905 549 1960 iu
565 1919 599 1960 eo
614 1918 759 1970 sermone,
776 1918 834 1975 quo
851 1901 1003 1974 prasenti·
1058 1901 1160 1974 utique
1184 1900 1221 1956 ab
1243 1916 1288 1958 ao.
1303 1898 1458 1972 Perspicua
1480 1897 1559 1954 enirn
1583 1896 1726 1970 scriptum
1749 1900 1792 1952 est
1812 1896 1881 1968 (lo),

179 1994 235 2050 bus
257 1993 492 2067 persuadebat:«
502 1989 735 2065 Oportuerat[ot.
747 1989 886 2062 Oportetl,
897 1989 1002 2061 inquit,
1058 2013 1073 2040 a
1089 1991 1123 2046 at
1138 1989 1259 2063 Spiritui
1275 1985 1595 2062 gratiacontumaliam
1610 1985 1719 2042 iaciens
1730 1986 1763 2054 ¹¹,
1775 2008 1789 2036 »
1802 1984 1882 2042 haud

179 2082 294 2155 impleri
323 2081 515 2154 Scriptorum,
546 2096 635 2154 quam
663 2079 779 2135 locutus
808 2083 854 2135 eat
879 2077 1004 2150 Spiritus
1059 2078 1270 2150 dubiumquin
1295 2076 1386 2149 isqui
1411 2081 1478 2150 post
1492 2075 1708 2148 susceptionem
1735 2075 1881 2148 ejuspec-

179 2175 299 2230 saactus
328 2170 368 2243 (id
397 2169 749 2240 astatnvscperettyav)
775 2183 825 2240 par
852 2183 884 2224 os
914 2166 1003 2223 David
1059 2167 1175 2225 caverit.
1192 2166 1610 2224 Siautemsanctillcatusest
1634 2163 1883 2237 percommaaio·

179 2261 215 2317 de
225 2259 323 2316 Judal
338 2275 345 2316 :
358 2281 372 2308 »
384 2259 541 2315 ostendens
550 2262 580 2313 et
595 2257 800 2329 ipsceumdem
813 2254 965 2328 Spiritum,
976 2260 1005 2312 ει
1058 2273 1126 2313 nem
1142 2256 1269 2329 Spiritus
1281 2255 1386 2321 sancti,
1397 2254 1562 2312 ostenditur
1574 2252 1652 2326 quod
1663 2253 1728 2325 ipse
1737 2253 1885 2326 particeps

180 2348 210 2404 in
225 2347 387 2420 prophetis,
403 2350 431 2402 et
445 2347 476 2402 iu
491 2344 632 2418 apostolis
647 2351 810 2419 operatam.
1059 2347 1124 2418 ejas
1141 2345 1237 2412 luerit,
1249 2349 1278 2400 ει
1292 2343 1414 2417 largitor
1424 2345 1488 2416 ejus
1503 2341 1745 2400 sanctificationis
1757 2341 1886 2402 Spiritus

217 2437 241 2491 l.
254 2434 373 2492 Plenius
383 2435 418 2491 de
428 2433 483 2490 hoc
493 2433 523 2490 in
536 2433 786 2505 consequentibus
799 2432 1002 2500 tractabimus,
1058 2439 1189 2492 sauctus.
1205 2431 1362 2506 Apostolus
1375 2448 1493 2506 quoque
1503 2431 1539 2488 ad
1554 2429 1722 2488 Corinthios
1737 2430 1884 2500 scribens,

181 2541 247 2582 cum
262 2525 358 2580 dicare
383 2523 568 2596 coeperimus,
585 2521 754 2578 nouaclum
778 2521 936 2578 Dominum
953 2520 1001 2595 [cl.
1057 2518 1086 2579 et
1100 2539 1277 2580 enumerans
1294 2539 1343 2578 eos
1360 2522 1410 2594 qui
1424 2537 1549 2595 regnam
1564 2518 1705 2577 caelorum
1729 2522 1800 2577 sant
1813 2536 1885 2576 cou-

180 2613 286 2684 Dcum]
302 2612 430 2668 Verbum
456 2612 565 2667 lactum
588 2627 653 2667 asse
667 2610 703 2666 ad
728 2610 886 2682 prophetas
910 2611 960 2666 sed
975 2613 1004 2666 ει
1059 2612 1200 2680 secuturi,
1216 2611 1299 2667 addit
1323 2612 1423 2666 dicans
1438 2627 1444 2666 :
1462 2634 1476 2662 «
1492 2611 1528 2666 St
1540 2609 1603 2665 hae
1618 2609 1737 2682 quidem
1762 2609 1881 2677 suistis;

180 2702 322 2775 Spiritum
338 2703 494 2764 sanctum;
508 2699 579 2771 quia
589 2704 618 2755 ct
630 2698 865 2772 inseparabiliter
873 2699 1003 2771 posside·
1058 2702 1108 2758 sed
1123 2699 1217 2758 abluti
1228 2699 1310 2770 estis,
1324 2700 1375 2756 sed
1388 2697 1562 2756 sanctificati
1574 2698 1656 2768 estis,
1668 2697 1883 2770 sedjuatificati

181 2796 241 2858 tur,
257 2805 325 2847 cum
351 2787 502 2863 unigenito
527 2787 598 2844 Filio
623 2788 683 2844 Dei.
711 2788 778 2860 ipsa
803 2804 857 2844 vox
872 2789 921 2860 [cl.
938 2788 1005 2861 lpse
1057 2791 1140 2858 estis,
1167 2789 1337 2847 innomine
1361 2789 1430 2846 Jesu
1454 2787 1563 2846 Christi
1588 2792 1618 2844 at
1639 2787 1670 2843 in
1698 2787 1808 2859 Spiritu
1831 2787 1883 2844 Dei

180 2880 272 2953 igitur
288 2879 352 2951 vox]
367 2877 493 2950 Spiritus
508 2877 613 2945 sancti,
629 2894 686 2932 aon
702 2880 746 2933 est
771 2893 861 2933 vacua
875 2876 1003 2950 appella·
1058 2878 1151 2936 nostri
1163 2879 1185 2914 ¹⁸
1201 2896 1208 2934 :
1227 2901 1238 2928 ι
1255 2879 1395 2952 Spiritum
1410 2878 1473 2944 Dei,
1489 2894 1547 2934 non
1561 2875 1653 2934 aliam
1663 2891 1798 2934 asserens
1813 2891 1881 2934 esse

181 2959 232 3038 tio,
248 2967 299 3026 ssd
316 2967 496 3039 subjaceatis¹
507 2965 639 3023 essentia
654 2966 906 3022 demonstratrix:
926 2966 1004 3023 Patri
1058 2985 1147 3042 quam
1158 2967 1300 3040 Spiritum
1311 2966 1580 3032 sanctum,lltaaim
1591 2965 1621 3022 in
1632 2965 1881 3038 consequentibus

182 3057 312 3131 Filioque
327 3056 406 3114 socia
432 3057 478 3123 [αι.
495 3056 625 3124 sociatat,
643 3059 672 3111 ct
687 3072 704 3112 a
720 3053 861 3110 creaturis
885 3055 1004 3128 penitus
1059 3057 1136 3114 idem
1152 3055 1303 3130 approbet,
1320 3054 1420 3113 dicens
1437 3071 1444 3111 ε
1461 3078 1472 3106 ι
1487 3056 1577 3112 Nemo
1601 3054 1630 3112 iu
1646 3054 1754 3128 Spiritu
1769 3055 1820 3112 Dei
1835 3054 1883 3112 lo·

182 3145 287 3203 aliana.
303 3145 377 3204 Cum
391 3145 469 3202 cuim
486 3151 625 3201 creatura
640 3145 670 3200 in
685 3142 824 3208 visibilia,
839 3148 868 3200 ει
882 3145 910 3199 in
927 3144 1003 3200 invi·
1019 3123 1041 3192 C
1060 3162 1164 3220 quens,
1181 3145 1252 3203 dicit
1270 3145 1426 3202 anathema
1441 3145 1512 3202 lesa
1529 3163 1535 3201 :
1552 3149 1582 3200 et
1596 3161 1683 3202 nemo
1698 3143 1768 3200 dicit
1782 3142 1883 3202 Domi-

183 3233 290 3302 sibllia,
307 3234 334 3290 id
351 3238 396 3290 εει
410 3233 440 3288 ia
462 3233 625 3306 corporalia
639 3237 668 3290 et
683 3233 711 3288 iu
729 3232 922 3306 incorporalia
938 3250 1004 3306 par·
1060 3253 1131 3291 num
1154 3235 1268 3303 lesum,
1284 3234 1340 3291 uisi
1365 3235 1394 3290 in
1410 3221 1522 3307 Spiritu
1546 3239 1648 3292 sancto
1663 3235 1695 3300 ¹⁴,
1712 3257 1722 3284 ι
1739 3233 1883 3306 Spiritum

183 3323 304 3392 tiantur,
316 3339 369 3380 nec
380 3322 415 3378 de
425 3320 625 3394 corporalibus
639 3321 813 3376 substantiis
823 3325 869 3377 εει
878 3321 1005 3394 Spiritus
1059 3324 1121 3392 Dei,
1137 3323 1278 3397 Spiritum
1295 3327 1429 3379 sanctuar
1444 3339 1509 3381 esse
1524 3323 1713 3380 confirmans.

181 3417 314 3480 sanetus,
329 3411 434 3467 aalma
459 3415 488 3466 et
511 3427 617 3466 seusus
638 3409 793 3478 habitator,
810 3411 953 3467 sermonis
977 3415 1006 3467 ει
1092 3415 1120 3470 5.
1137 3411 1167 3468 Si
1193 3412 1283 3484 igitur
1307 3411 1504 3468 sanctificator
1530 3413 1580 3484 [at.
1597 3411 1801 3483 sanctificatio]
1825 3415 1883 3480 est,

181 3501 342 3573 sapientia,
358 3505 386 3558 et
399 3499 529 3580 scicntia
541 3500 659 3555 allector
670 3515 677 3553 ι
690 3515 742 3554 nec
756 3498 792 3554 de
807 3497 1005 3556 invisibilibus
1060 3519 1117 3560 noa
1133 3500 1296 3567 mutabilis,
1311 3501 1361 3556 ssd
1377 3499 1573 3558 immutabilis
1595 3499 1768 3558 substantia
1783 3504 1883 3558 osten·

181 3589 333 3648 creaturis.
350 3589 415 3646 llaec
439 3589 549 3660 quippe
563 3588 663 3645 omnia
687 3587 836 3661 sapientia
849 3593 878 3644 ει
892 3592 1006 3646 catera·
1059 3590 1148 3646 ditur.
1156 3588 1373 3648 lmmutabilsm
1385 3596 1483 3646 autem
1492 3587 1686 3646 substantiam
1694 3588 1746 3646 llsi
1755 3593 1884 3657 tantum,

181 3696 246 3736 rum
261 3679 416 3746 virtutum,
426 3682 456 3734 ει
470 3676 715 3734 sanctificationis
726 3675 845 3748 capacia
859 3682 939 3734 sunt.
949 3677 1006 3736 lata
1059 3683 1088 3736 ει
1098 3679 1240 3752 unigeniti
1250 3678 1312 3735 Filii
1324 3677 1642 3750 ajus‚manilsstissime
1651 3679 1772 3734 traduat
1782 3677 1884 3736 divina

180 3785 247 3824 vero
263 3766 441 3830 substantia,
457 3766 492 3820 dc
507 3782 566 3837 qua
584 3782 662 3821 nrrnc
677 3781 774 3822 sermo
787 3769 842 3832 cst,
857 3764 1005 3837 sapientiae
1058 3767 1175 3842 eloquia
1191 3786 1197 3824 :
1213 3767 1431 3826 convertibilem
1442 3771 1472 3824 ει
1486 3767 1656 3824 mutabilem
1668 3783 1785 3827 omnem
1800 3783 1884 3825 orea-

181 3861 210 3912 et
225 3855 364 3922 scientia,
380 3859 409 3910 ει
423 3853 669 3910 sanctificationis
684 3852 813 3910 effectrix
836 3857 890 3910 est.
907 3857 1005 3926 Neque
1058 3861 1193 3914 tararum
1219 3857 1416 3920 substantiam
1432 3855 1630 3928 predicantis.
1647 3860 1721 3929 Ergo
1740 3855 1883 3929 quoniam

181 3945 259 4002 eninr
274 3942 396 3999 inveniri
412 3947 507 4016 potest
522 3941 621 4014 aliqua
635 3942 664 3998 in
680 3941 790 4016 Spiritu
804 3948 904 3999 sancto
920 3942 1004 4000 lorti·
1059 3946 1224 4004 substantia
1247 3944 1374 4018 Spiritus
1400 3944 1493 4002 suncti
1520 3961 1578 4005 noa
1601 3944 1808 4014 convertibilis,
1827 3945 1884 4000 sed

180 4033 261 4102 tudo,
278 4036 329 4090 sut
343 4033 473 4105 aparatio
500 4031 739 4088 sanctificationis
763 4031 940 4103 virtutisque
954 4033 1003 4105 (9),
1058 4032 1290 4091 inconvertibilis
1306 4033 1506 4091 demonstrata
1520 4039 1583 4092 est:
1601 4051 1658 4094 aon
1673 4032 1728 4092 erit
1742 4037 1883 4090 creatura

180 4139 268 4196 quam
284 4122 320 4179 ab
336 4126 472 4178 extraneo
488 4120 615 4194 quodam
635 4119 781 4176 sustineat
799 4137 805 4176 ε
821 4120 890 4192 qrria
905 4121 1004 4177 istius·
1058 4131 1173 4194 ιμεύσιον
1197 4123 1261 4194 [lep.
1277 4125 1414 4196 bpntnaeel.
1443 4123 1527 4181 Saset
1554 4124 1662 4198 quippe
1690 4127 1719 4182 et
1747 4125 1884 4180 creatura

180 4213 258 4270 modi
275 4217 381 4268 natura
392 4209 545 4268 mutabilis
560 4215 613 4266 cst.
627 4209 715 4265 Porro
731 4208 859 4280 Spiritus
871 4214 1002 4276 sanctus,
1058 4211 1262 4278 immutabilis,
1278 4212 1302 4268 si
1319 4229 1385 4269 oum
1398 4215 1482 4268 Patre
1497 4216 1692 4286 poneretnret
1708 4211 1789 4280 l'ilio,
1800 4227 1883 4268 eam·

169 4300 361 4360 'malassionc
372 4299 517 4366 omnium,
534 4296 729 4354 immutabilis
740 4299 795 4363 εει,
807 4295 1004 4353 sanctificator
1057 4299 1124 4356 dem
1139 4299 1251 4357 habens
1267 4299 1583 4358 inconvertibilitatem.
1601 4302 1694 4358 Omne
1708 4300 1784 4358 enim
1802 4302 1883 4373 quod

179 4388 307 4446 scientia
329 4388 443 4456 divina,
458 4393 487 4444 ει
510 4387 714 4442 universorum
740 4384 898 4440 attributor
912 4385 1002 4442 bono·
1058 4385 1145 4444 alieni
1161 4389 1229 4445 boni
1246 4405 1336 4462 capax
1351 4393 1406 4457 est,
1417 4390 1453 4446 ab
1469 4389 1525 4446 hac
1540 4389 1706 4447 substantia
1717 4393 1884 4463 separatur.

181 4491 257 4543 rum,
275 4479 313 4539 et,
329 4481 362 4531 ut
384 4475 501 4531 brevius
515 4475 622 4536 dicam,
641 4473 704 4544 ipse
721 4471 888 4528 subsistens
904 4473 933 4529 ia
956 4474 1003 4531 his
1018 4504 1042 4570 D
1058 4476 1144 4534 Tales
1159 4483 1255 4534 autem
1268 4481 1629 4548 sautcunctacreatura;
1646 4479 1800 4536 Deusvero
1811 4493 1885 4536 cam

180 4563 266 4620 bonis
290 4579 353 4634 quaa
375 4580 395 4646 a
422 4563 544 4618 Domino
573 4561 747 4634 largiantur.
765 4559 837 4616 Num
867 4564 1003 4619 eumdem
1058 4566 1154 4624 bonus
1179 4567 1227 4631 sit,
1245 4567 1312 4622 lons
1325 4571 1354 4624 ει
1375 4567 1553 4640 principium
1570 4568 1711 4626 bonorum
1728 4567 1886 4626 est:sacit

180 4651 326 4726 Evangelii
347 4648 444 4708 locum
469 4649 625 4707 Mattheus
650 4655 800 4720 bucetaque
823 4649 1003 4724 describens,
1057 4654 1148 4728 igitur
1169 4671 1219 4712 eos
1242 4655 1345 4724 bonos,
1362 4657 1470 4728 quibus
1492 4674 1523 4713 se
1544 4656 1685 4730 impertit,
1701 4657 1796 4714 bonas
1816 4655 1885 4729 ipse

179 4741 253 4800 alter
268 4758 302 4798 ax
325 4739 372 4797 his
396 4739 437 4795 ait
452 4756 459 4795 :
477 4762 490 4789 a
508 4741 622 4806 Quanto
649 4737 744 4810 magis
769 4737 853 4794 Pater
877 4739 1003 4798 coelestis
1058 4743 1883 4820 nonfractusabalio,sedsubsistens:idsacapabilis(ll),

214 4867 434 4934 ⁷llebr.111.'l;
461 4864 539 4922 Psal.
568 4881 642 4929 xciv,
658 4865 685 4918 8.
716 4861 804 4919 ⁸a0t.
830 4867 987 4932 xxv11r,25
1010 4886 1024 4925 s
1046 4885 1093 4942 q.;
1119 4873 1233 4936 isavr,
1256 4869 1344 4938 9,l0.
1375 4871 1488 4927 'scer
1515 4870 1559 4926 te.
1590 4869 1882 4937 ¹⁰Matth,v11,ll.

180 4938 200 4974 ¹¹
218 4939 285 4994 auo.
302 4955 341 5008 a,
361 4939 403 4994 va.
434 4938 455 4972 ¹²
470 4938 554 4994 reor.
571 4955 598 5004 l,
614 4935 659 4990 aa.
690 4935 711 4969 ¹³
727 4934 737 4991 1
752 4935 818 4991 cor.
837 4951 877 5006 v1,
894 4937 938 4994 a.
969 4941 990 4975 ¹⁴
1005 4886 1092 4998 thor.
1110 4959 1162 5010 xa,
1176 4942 1204 4997 a.
1492 4914 1499 4940 '

216 5061 255 5132 (7)
271 5060 401 5143 alteram
416 5071 444 5120 τό
460 5080 494 5119 ex
517 5061 615 5118 Gracc
640 5056 798 5142 exernplari
822 5059 1001 5131 addidimus,
1057 5063 1266 5122 contumeliam
1278 5065 1398 5133 iaciens,
1408 5067 1488 5138 gravi
1501 5066 1802 5139 punieturpecaato,a
1815 5081 1884 5147 quaa

181 5135 329 5187 contortor
344 5138 373 5187 ct
393 5134 521 5189 auctoris
537 5133 627 5189 manti
644 5147 770 5188 maxime
793 5132 1001 5196 necessarium,
1057 5152 1091 5191 ex
1114 5135 1242 5192 laudatis
1270 5153 1342 5192 mss.
1359 5137 1579 5211 castigavimus.
1599 5135 1740 5210 Congruit
1763 5135 1883 5194 lectioni

217 5203 254 5274 (8)
281 5201 356 5257 idom
388 5219 459 5259 mss.
488 5205 517 5259 in
542 5205 679 5276 gignendi
705 5219 774 5258 casu
805 5209 844 5285 tte
866 5215 909 5259 τοῦ
933 5213 1002 5274 ἁγίου
1058 5213 1163 5262 nostres
1177 5207 1263 5262 ctiam
1279 5206 1396 5262 Tholas.
1413 5225 1481 5274 ma,
1498 5208 1615 5265 tametsi
1631 5207 1661 5262 ia
1677 5207 1821 5280 superiori
1837 5212 1884 5266 at·

181 5279 331 5342 ῐινιύμιτος,
347 5276 375 5328 ει
387 5291 454 5329 mox
469 5281 506 5329 διὰ
521 5287 563 5330 τοῦ
580 5285 728 5345 ιινευμετος.
746 5275 872 5333 Rectius.
1058 5293 1113 5351 qua
1128 5278 1258 5334 interiori
1276 5283 1408 5334 contextu
1425 5280 1574 5336 erroribus
1588 5283 1708 5336 scateat.

197 5344 254 5426 ,(ιι)
270 5343 455 5426 'tholosanus
470 5361 537 5399 cum
555 5347 661 5401 nostris
677 5363 748 5402 mss.
767 5353 795 5404 ει
814 5349 939 5404 sortasse
954 5364 1001 5402 vo·
1094 5349 1148 5422 (ll)
1171 5349 1244 5406 lliac
1267 5350 1357 5421 probe
1381 5348 1530 5424 intelligis,
1547 5367 1606 5426 quo
1630 5367 1718 5406 sensu
1733 5371 1747 5400 ε
1763 5349 1884 5420 capabi-

181 5431 253 5480 rrus.
270 5437 284 5463 «
303 5414 549 5486 iorlrtudo,quam
565 5417 746 5472 sinestraaea
762 5419 889 5489 quadam
901 5434 1002 5490 opcra·
1057 5419 1126 5482 lam,
1146 5443 1158 5468 a
1175 5425 1204 5475 ει
1223 5436 1279 5476 non
1298 5437 1474 5493 «capacem,
1493 5445 1506 5472 »
1522 5422 1664 5495 Spiritum
1680 5424 1814 5477 sanctum
1831 5421 1884 5477 Di-

179 5486 258 5542 tionc
273 5486 522 5568 sanctificationis,
538 5486 711 5558 virtutisque
724 5491 874 5561 suscipiat.
894 5513 903 5537 ι
1057 5491 1073 5546 d
1097 5507 1163 5546 mus
1186 5490 1274 5548 dicat.
1291 5491 1400 5574 Nempe
1424 5493 1449 5549 si
1466 5515 1479 5542 a
1502 5509 1643 5566 capacem
1664 5515 1678 5543 u
1693 5493 1786 5548 Deum
1811 5491 1884 5550 honi

215 5558 273 5628 (10)
290 5558 322 5614 llt
346 5575 506 5630 incongruo
532 5574 618 5612 sensa
634 5562 663 5612 ct
687 5557 800 5622 vitioso,
820 5583 833 5611 «
858 5561 1000 5633 scriptum
1057 5507 1192 5634 ulcujus,
1209 5567 1259 5619 aut
1274 5562 1489 5694 virtutisputa
1503 5565 1668 5640 sapientia,
1683 5566 1735 5620 sut
1749 5562 1885 5624 veritatis

1427 5637 1468 5694 eri
1479 5638 1598 5696 aliunde
1610 5634 1818 5708 assumpsisse,
1831 5653 1885 5696 ne-
