4056 6170
78 353 159 440 nu
583 357 1280 440 couunarsarusiunecessrisrsu.
1725 343 1790 438 iia'

78 506 227 568 versiculo
243 505 527 566 disseruit:Melius
542 513 587 566 est
605 514 633 565 te
665 509 752 565 finem
773 504 1033 573 conside-Aelim
1054 507 1156 580 Moysi,
1189 524 1278 579 quarn
1309 497 1548 582 nunclchristl,
1572 509 1657 586 Legis
1681 512 1783 588 fuisse,

76 616 144 657 rnre
158 596 280 671 negotii,
297 613 385 670 qnam
401 596 620 672 principium,et
630 599 789 671 patientem
811 613 875 654 csse
887 597 906 664 ¹,
963 611 1051 667 quam
1068 595 1182 652 Gratia.
1193 597 1223 652 Si
1234 596 1312 652 enim
1323 597 1782 678 hoovoluerisquaerere,impru·

77 687 621 761 quamimpatientiaefuroreraptari.
651 687 803 745 Descimus
828 687 906 744 m
962 684 1362 758 denterluoiauonvidens,
1396 692 1540 759 quantum
1575 689 1664 747 distet
1691 693 1783 750 livan-

77 785 241 850 q'uoqueex
265 776 516 847 haosenteutioln,
544 776 655 832 nullam
680 776 709 831 iu
736 774 907 831 hominibus
961 770 1072 844 galium
1087 790 1104 828 a
1118 772 1214 829 Veteri
1230 775 1427 832 Testamenta.

76 881 146 922 esse
157 864 343 937 sapientiam,
359 881 427 921 cum
437 865 546 921 melius
561 865 599 921 sit
616 865 719 933 iacere,
736 879 824 937 quarn
840 877 906 934 pro·
997 881 1011 910 «
1023 860 1103 916 Bona
1116 867 1161 917 est
1172 862 1317 934 sapientia
1330 879 1399 919 oum
1414 863 1590 937 haereditate,
1607 871 1636 922 et
1656 869 1784 943 amplius

75 954 179 1027 loqui:
194 958 222 1011 et
236 953 306 1026 quia
320 969 387 1009 oum
402 953 485 1009 linita
497 951 694 1023 lueritorstio,
706 953 783 1008 intra
799 955 906 1008 semet·
960 947 1129 1006 videntibus
1145 950 1246 1023 solem,
1264 953 1334 1024 quia
1349 953 1494 1024 quomodo
1510 956 1783 1032 umbrasnpieutiae‚

73 1043 335 1118 ipsumreoogitat
357 1042 481 1110 auditor,
512 1041 582 1114 quid
611 1041 650 1098 sit
676 1041 807 1098 dictum:
837 1057 905 1096 cum
961 1035 1002 1092 sie
1019 1039 1124 1094 umbre
1138 1040 1317 1112 argenti:et
1331 1042 1408 1114 quod
1424 1042 1490 1114 plus
1509 1047 1563 1114 est,
1594 1044 1716 1104 scientio
1736 1065 1783 1104 sa·

76 1129 370 1204 autemcoeperimus
395 1129 486 1202 loqui,
509 1130 633 1186 necdum
668 1128 738 1202 quid
767 1127 905 1185 utilitatis
960 1126 1075 1197 pientia
1089 1127 1413 1186 vivitioabithabentem
1427 1147 1494 1187 sa·
1514 1132 1634 1203 Majoris
1648 1139 1693 1190 cst
1720 1135 1782 1209 glo·

76 1220 202 1294 accepit.
960 1213 1009 1269 riae
1023 1215 1140 1287 sepiens
1164 1233 1232 1272 curn
1252 1216 1371 1289 divitiis,
1402 1235 1491 1290 quarn
1518 1223 1632 1278 tanturn
1653 1223 1781 1296 sapiens.

115 1333 129 1360 a
145 1308 246 1366 llelior
258 1311 304 1365 eat
326 1307 440 1381 patiens
466 1323 554 1380 super
586 1306 734 1364 excelsum
756 1305 872 1380 spiritu.
890 1328 904 1356 υ
958 1301 1014 1358 Alii
1030 1303 1108 1359 euim
1125 1305 1268 1378 snpientia
1283 1306 1425 1380 indigent,
1442 1307 1491 1364 elii
1508 1308 1623 1382 opibus,
1640 1319 1667 1367 et
1678 1307 1783 1384 duise-

76 1397 153 1464 Quia
165 1395 302 1468 superius
317 1394 391 1451 iram
421 1399 618 1465 concesserat,
640 1395 758 1452 dicens:
776 1394 906 1450 «Melior
958 1391 1042 1462 piens
1057 1394 1110 1464 est,
1126 1397 1155 1449 et
1171 1410 1229 1451 nou
1246 1395 1337 1466 dives,
1353 1397 1577 1469 potestquidem
1589 1399 1780 1473 decerequod

76 1485 189 1554 estira,
204 1500 294 1557 quam
307 1483 396 1552 risus,
413 1505 427 1534 »
444 1501 480 1540 ne
494 1487 665 1555 putaremus
677 1485 762 1555 iram,
789 1500 852 1557 que
874 1483 903 1539 in
959 1479 1069 1536 bonum
1084 1485 1137 1551 est,
1155 1483 1205 1538 sed
1220 1483 1367 1540 interdum
1382 1501 1439 1540 non
1456 1490 1781 1562 potestpreestarequod

78 1574 221 1648 passione
234 1571 409 1640 estlaudari‚
426 1588 505 1628 nuuc
523 1572 660 1647 praecepit
687 1573 762 1630 iram
786 1571 904 1645 penitus
958 1568 1076 1641 petitur.
1094 1570 1127 1625 llt
1142 1569 1250 1628 idcirco
1265 1571 1324 1629 ait:
1341 1573 1779 1650 Quiasioutumbrasapientiae,

80 1678 150 1719 esse
163 1661 343 1718 tollendam¹.
372 1660 414 1717 lbi
430 1659 508 1716 enim
533 1677 584 1733 pro
599 1661 780 1734 correptione
795 1661 824 1717 in
838 1677 904 1733 pec·
958 1657 1000 1714 ita
1016 1659 1273 1732 umbrapecuniae,
1294 1661 1323 1717 id
1339 1667 1393 1734 est,
1409 1665 1555 1735 quomodo
1579 1667 1706 1738 protegit
1731 1683 1782 1723 sa-

80 1755 194 1821 cauma,
205 1755 232 1806 et
246 1749 410 1807 eruditione
421 1749 452 1805 iu
474 1749 604 1806 minores
631 1751 705 1806 iram
721 1749 834 1823 posuit:
857 1748 903 1806 hio
959 1745 1077 1818 pientia,
1094 1747 1136 1803 sio
1165 1747 1312 1805 interdum
1342 1751 1468 1825 protegit
1487 1757 1515 1809 et
1539 1753 1673 1826 pecunie.
1694 1755 1728 1811 ut
1747 1772 1784 1812 ne

77 1838 374 1912 veroimpatientiam
391 1838 556 1896 refrenavit.
570 1838 712 1895 Patientia
726 1843 825 1894 autem
845 1855 903 1894 uon
957 1834 1105 1891 videretur
1119 1837 1270 1909 supientia
1287 1838 1458 1910 detraxisse,
1474 1842 1545 1897 dum
1569 1858 1633 1898 sam
1663 1844 1783 1901 fortuito

75 1929 175 1986 solum
192 1925 904 1998 inaugustiis,sedctinlaetioribusncoessaria
958 1923 1034 1980 bono
1050 1925 1175 1998 subjecit
1190 1926 1258 1998 (non
1275 1927 1353 1984 onim
1382 1928 1413 1985 in
1442 1933 1543 1987 nostra
1561 1935 1706 2004 potestate
1739 1937 1784 1991 est

76 2021 132 2086 eat,
149 2015 268 2087 neplus
297 2031 385 2088 quam
415 2015 564 2084 concedet,
588 2014 758 2071 exaltemur.
783 2015 904 2073 Videtur
957 2012 1204 2086 haberadivitias,
1220 2031 1295 2086 quas
1311 2015 1506 2091 inJ'ustisaepa
1522 2018 1590 2091 plus
1609 2020 1781 2093 possident),

75 2104 152 2162 mihi
168 2109 199 2162 et
209 2105 260 2177 qui
271 2120 350 2160 nuno
367 2103 524 2160 ⁸oxoelsus
552 2102 717 2176 appellatur
745 2105 851 2177 spiritu
873 2105 903 2160 in
958 2106 1111 2174 propterea
1126 2103 1268 2174 majorem
1297 2121 1361 2161 esse
1386 2107 1561 2178 sapientiam
1589 2109 1781 2181 demonstrat,

76 2193 244 2267 Evangelio,
261 2191 383 2266 pauperi
400 2191 506 2264 spiritu
531 2207 596 2248 esee
611 2192 784 2264 contrarius,
809 2193 904 2265 quiet
957 2189 1074 2247 dicens:
1091 2213 1106 2242 a
1122 2191 1157 2246 Et
1172 2190 1300 2264 amplius
1315 2193 1439 2251 scicntia
1453 2195 1603 2266 snpientia
1624 2197 1782 2254 vivificabit

75 2281 107 2337 in
122 2277 441 2351 beatitudiueponitur.
958 2278 1114 2335 habentem
1130 2296 1171 2336 ae.
1184 2301 1199 2330 e
1217 2281 1248 2336 lu
1261 2296 1304 2348 eo,
1321 2281 1426 2354 iuquit,
1443 2283 1538 2353 major
1565 2287 1610 2339 est
1637 2283 1782 2358 sapientia

116 2369 188 2425 eNe
202 2367 364 2425 iesfinesin
379 2365 484 2439 spiritu
510 2371 570 2433 tuo,
597 2371 630 2423 ut
658 2367 804 2438 irascaris,
834 2369 903 2440 quie
957 2366 1081 2434 divitiis,
1097 2369 1175 2440 quod
1191 2369 1302 2442 absque
1326 2361 1398 2426 ullis
1412 2369 1517 2442 opibus
1545 2371 1674 2429 viviticat
1701 2389 1782 2441 eum,

75 2459 121 2516 ira
136 2459 167 2514 in
178 2457 245 2514 sinu
262 2455 419 2514 stultorum
435 2455 602 2528 requiescit.
614 2478 628 2507 u
656 2457 718 2512 Nou
742 2459 820 2529 quod
835 2474 903 2514 oon·
958 2456 1008 2527 qui
1022 2472 1053 2511 se
1067 2455 1212 2514 habuerit.

76 2545 290 2603 eedettardius
305 2544 503 2613 irasoendum,
520 2543 628 2600 idcirco
643 2560 721 2600 nuno
749 2545 833 2601 dicit:
862 2551 904 2604 lile
993 2544 1117 2609 Quidam
1142 2545 1221 2602 huno
1235 2546 1333 2604 locum
1348 2547 1389 2602 ite
1413 2547 1661 2621 interpretantur:
1686 2551 1783 2609 llere·

75 2637 190 2707 festines
213 2635 244 2689 in
268 2633 432 2705 spirituive
446 2634 557 2695 irasci,·
580 2633 632 2688 sed
657 2634 735 2704 quod
762 2649 829 2689 eum
858 2634 903 2689 lu·
930 2698 933 2703 ,
958 2632 1090 2705 ditatcm‚
1107 2633 1255 2706 inquiunt,
1273 2651 1324 2706 pro
1340 2636 1559 2694 couversatione
1574 2638 1650 2696 bonu
1673 2639 1781 2713 posuit,

76 2741 147 2781 rens
175 2727 204 2780 et
248 2737 351 2778 recens
387 2721 475 2778 luerit
515 2721 559 2776 ira
590 2722 612 2787 ⁴,
656 2721 747 2779 dilata
790 2723 904 2782 lucilius
958 2736 1011 2794 per
1023 2737 1113 2793 quam
1128 2723 1257 2780 horodes
1269 2740 1373 2781 sumus
1384 2724 1444 2796 Dei,
1455 2726 1780 2786 otonhoeredeschristi.

76 2813 209 2882 sedetur,
237 2814 267 2867 et
295 2809 389 2883 possit
412 2809 531 2866 aulerri.
561 2811 596 2866 lit
621 2811 691 2882 quia
716 2811 761 2867 ira
788 2829 905 2886 semper
957 2809 1028 2866 Vult
1042 2811 1132 2884 igitur
1151 2811 1343 2870 ecclesiastes
1373 2813 1487 2884 docere,
1512 2824 1622 2888 quanto
1646 2818 1783 2876 differunt

72 2899 593 2976 junctasuperbiaest,desideraus
615 2898 767 2969 ultionem,
801 2901 903 2959 melio·
958 2898 989 2954 hi
1004 2899 1055 2972 qui
1070 2900 1162 2958 solem
1179 2906 1330 2958 merentur
1343 2903 1441 2960 videre
1462 2905 1596 2976 justitia,
1620 2908 1783 2973 ethaheut

75 3007 139 3048 rem
155 3004 248 3062 supra
262 2987 423 3061 patientem
439 2986 513 3043 dixit
538 3003 613 3057 esse,
648 3005 737 3062 quam
757 3007 823 3046 eurn
853 2990 903 3062 qui
958 2987 1134 3060 sapientiam
1160 3006 1227 3046 oum
1251 2993 1471 3049 conversatione
1500 2993 1586 3063 bona,
1615 2997 1651 3051 ab
1671 2995 1782 3069 hisqui

74 3079 272 3139 excelsusest
294 3077 410 3150 spiritu,
427 3079 456 3133 at
479 3093 558 3135 nuno
584 3077 701 3151 signum
730 3079 903 3152 insipientie
958 3076 1070 3150 absquo
1101 3077 1255 3151 sapientia,
1271 3079 1334 3135 vitae
1362 3083 1478 3137 tanturn
1503 3085 1533 3137 et
1555 3085 1784 3142 conversationis

74 3170 175 3226 dedit:
194 3167 265 3240 quia
293 3165 427 3240 quamvis
460 3164 567 3238 aliquis
595 3171 698 3239 potens
722 3167 905 3225 existimetur
959 3165 1090 3224 studium
1114 3169 1347 3224 commodarunt.
1378 3169 1459 3236 Quod
1490 3169 1609 3242 quidem
1633 3176 1662 3230 et
1682 3173 1785 3230 Daniel

22 3315 27 3331 ,
74 3263 104 3315 et
120 3258 252 3331 sepiens,
282 3254 308 3312 si
335 3254 496 3312 iracundus
517 3253 566 3322 sit,
587 3255 730 3328 iusipiens
758 3256 905 3330 arguitur:
921 3238 943 3309 C
961 3255 1099 3328 ostendit,
1116 3256 1230 3312 diceus:
1261 3257 1445 3327 Intellipentes
1476 3275 1613 3316 sernum
1631 3277 1703 3319 meos
1725 3264 1784 3336 tai-

74 3371 90 3400 «
106 3348 156 3403 lra
171 3345 282 3419 quippe
297 3343 327 3400 in
338 3341 405 3400 sinu
420 3341 752 3414 stultorumrsquiescit.
765 3365 779 3394 »
957 3346 1067 3416 petunt,
1083 3348 1114 3400 ut
1142 3347 1295 3402 luminario
1321 3347 1384 3402 coeli
1411 3347 1492 3420 (Dan.
1517 3365 1568 3417 xri,
1596 3349 1639 3420 3):
1665 3350 1725 3408 sive
1753 3356 1786 3408 ut

109 3457 125 3486 ι(
141 3434 184 3490 Ne
198 3431 322 3491 dixeris:
353 3430 428 3496 Quid
452 3431 565 3486 tactum
594 3431 665 3487 est‘i
693 3431 763 3504 quia
793 3431 904 3504 priores
958 3431 1118 3488 'theodotio
1133 3433 1343 3506 interpretatus
1358 3440 1417 3492 est:
1434 3438 1520 3505 Quasi
1543 3439 1672 3510 splendor
1684 3442 1783 3514 firmo-

73 3527 164 3583 erant
178 3521 324 3588 meliores,
341 3535 432 3592 quam
447 3518 512 3575 isti:
529 3535 588 3575 non
603 3519 682 3576 enim
699 3519 845 3592 sapienter
859 3519 904 3575 ιιι-
957 3522 1055 3576 menti.
1076 3521 1129 3588 Qui
1142 3536 1203 3576 vero
1218 3523 1337 3593 iecerint
1349 3539 1485 3581 ammones
1499 3541 1583 3591 meos,
1598 3530 1680 3598 quasi
1695 3530 1785 3588 sicllae

74 3611 235 3683 terrogasti
257 3610 293 3667 de
319 3608 384 3666 hoo.
397 3630 412 3658 e
427 3608 468 3664 Ne
494 3611 575 3664 vetus
597 3607 738 3664 seculum
769 3607 904 3681 prasenti
958 3611 1029 3664 coeli.
1046 3607 1185 3664 Umbrum
1204 3613 1302 3665 autern
1317 3611 1440 3683 argenti,
1457 3613 1516 3668 sivo
1537 3615 1678 3687 pecunie,
1702 3615 1782 3673 illum

76 3700 232 3775 presteras,
248 3698 401 3772 quieunns
415 3695 569 3769 utriusque
589 3700 634 3752 est
656 3696 789 3753 conditor
817 3700 903 3753 Deus.
959 3698 1123 3755 secundum
1147 3696 1292 3771 ἀναγωγην
1304 3698 1447 3756 debemus
1462 3700 1602 3773 accipere,
1619 3703 1655 3759 de
1671 3719 1729 3774 qua
1742 3707 1784 3760 tu·

75 3789 214 3846 Virtutes
228 3787 317 3844 bonos
332 3785 396 3844 dies
426 3783 530 3842 viventi
558 3784 669 3842 iaciunt
696 3785 774 3857 vitia,
799 3786 903 3843 malos.
958 3786 1038 3844 lenta
1052 3789 1081 3842 st
1096 3785 1181 3841 mina
1197 3785 1226 3841 iu
1243 3786 1415 3858 parabolis·
1430 3788 1578 3862 Evangelii
1606 3789 1784 3863 colliguntur

74 3879 119 3936 Ne
135 3875 218 3934 dions
232 3892 301 3949 ergo
315 3874 451 3932 meliores
467 3873 557 3930 luisse
583 3873 645 3930 dies
668 3875 723 3931 sub
745 3879 851 3948 Moyse,
876 3879 905 3932 et
959 3877 1068 3949 (Metti.
1085 3892 1152 3946 xxv,
1168 3875 1230 3930 Lac.
1247 3875 1317 3948 xix),
1338 3880 1371 3933 ut
1385 3880 1460 3934 ΔΔΙ
1478 3893 1545 3934 cum
1569 3879 1712 3936 fuerimus
1727 3882 1782 3938 sub

75 3965 275 4033 subChristo,
292 3980 382 4038 quam
399 3963 904 4037 mndosuut.Nametillotempore
958 3966 1064 4021 umbra
1079 3962 1240 4036 sapientire,
1256 3967 1284 4019 ot
1295 3964 1350 4020 sub
1362 3967 1467 4023 umbra
1482 3965 1550 4024 talis
1570 3969 1701 4042 urgenti:
1731 3972 1784 4028 Per

74 4055 179 4130 plures
195 4051 716 4120 lueruntinereduli,etdiesecrum
736 4052 804 4109 mali
833 4054 902 4110 laeti
957 4054 1296 4120 diemsetuonurcioos,
1312 4070 1399 4127 oeque
1421 4056 1485 4112 lanu
1498 4073 1552 4129 per
1571 4066 1674 4115 nocem
1692 4059 1779 4131 (Paul.
1835 4045 1840 4054 ’

68 4149 152 4213 sunt,
170 4147 200 4200 et
214 4159 295 4200 nune
310 4142 462 4199 credentes
478 4139 563 4196 multi
578 4141 774 4214 reperiuntur,
791 4142 825 4198 de
838 4141 901 4214 qui·
957 4145 1030 4216 cu).
1047 4143 1103 4199 Sed
1118 4146 1148 4199 et
1162 4142 1216 4198 hoo
1231 4141 1288 4198 dici
1306 4147 1412 4216 potest,
1438 4145 1508 4217 quia
1525 4147 1631 4204 umbra
1654 4153 1700 4204 cst
1723 4149 1782 4205 vita

66 4236 126 4290 bus
140 4233 184 4290 ait
214 4231 368 4288 Salvator:
390 4230 530 4286 Beritiores
548 4231 597 4302 qni
623 4245 680 4286 non
709 4231 852 4298 viderunt,
877 4239 904 4288 et
957 4239 1058 4290 nostra
1090 4247 1178 4303 super
1206 4235 1332 4288 terram:
1362 4235 1395 4289 Et
1418 4235 1534 4306 spiritus
1562 4235 1656 4292 vultus
1693 4239 1783 4292 nostri

62 4321 247 4379 crediderant
261 4321 350 4394 (ioan.
381 4336 429 4388 xx,
444 4319 500 4391 29).
532 4317 639 4375 Aliter:
671 4317 718 4374 Sio
745 4319 833 4376 debes
861 4321 902 4376 vi·
958 4321 1080 4378 Christus
1096 4322 1230 4378 Dominus
1244 4321 1290 4375 cai
1303 4320 1485 4378 dicimue.·ln
1499 4323 1597 4379 umbro
1622 4325 1680 4394 ejus
1707 4327 1781 4382 viue-

64 4427 134 4469 vare
148 4413 183 4467 ut
198 4425 316 4482 semper
330 4411 487 4483 presentes
503 4407 567 4462 dies
580 4405 722 4464 meliores
746 4407 801 4464 tibi
829 4409 901 4466 sint,
956 4409 1321 4480 masiuqmtitusfftreu.
1337 4426 1376 4476 ιν,
1407 4411 1463 4484 20).
1493 4411 1595 4467 Omnis
1624 4417 1725 4470 nestra
1750 4413 1781 4470 in

62 4515 157 4572 quam
173 4497 326 4571 praeteriti,
342 4513 379 4554 ne
394 4512 461 4552 cum
483 4494 627 4569 paulatim
656 4497 823 4554 decrescere
848 4515 903 4554 coe·
956 4498 1012 4555 hac
1026 4502 1104 4556 terra
1118 4495 1257 4571 protectio
1273 4497 1365 4554 instar
1379 4499 1489 4555 umbra
1504 4505 1560 4568 est,
1576 4500 1637 4558 aive
1661 4501 1780 4574 sapien·

60 4587 154 4663 peris,
171 4586 368 4643 dicaturtibi:
384 4586 466 4643 440
481 4585 639 4642 Currebatis
668 4585 743 4652 tene,
768 4588 830 4658 quie
851 4603 899 4644 voa
913 4604 936 4668 Ι)
951 4587 1078 4656 iiie,sivc
1093 4586 1252 4660 supradicti
1269 4586 1392 4660 argenti,
1409 4587 1500 4645 donec
1515 4589 1625 4662 aspiret
1653 4591 1727 4664 dies,
1753 4596 1783 4648 ct

61 4677 216 4748 impedivit
228 4677 341 4733 verimi
354 4689 408 4730 neo
424 4673 537 4731 odedire
551 4673 652 4745 (Galat.
676 4691 703 4743 v,
718 4673 768 4747 7)?
784 4677 818 4731 lit
843 4675 895 4732 ite·
951 4679 1143 4735 amoveantur
1157 4676 1277 4733 umbre.
1295 4675 1487 4748 Symmachus
1517 4694 1597 4735 more
1620 4695 1674 4736 suo
1690 4680 1779 4737 etiam

62 4783 150 4823 rum:
163 4766 328 4837 iucipientca
349 4765 535 4836 spiritaocnc
561 4779 645 4819 carne
666 4767 899 4820 consummamini
949 4765 1046 4822 inhoc
1061 4763 1123 4821 loco
1139 4763 1326 4822 manifestius
1341 4763 1550 4837 interpretatus
1574 4771 1631 4836 est,
1651 4767 1773 4826 dicens:

62 4853 171 4927 (Gelai.
187 4871 232 4925 ιιι,
246 4853 285 4924 3).
312 4851 419 4909 Aliter:
447 4849 488 4907 Ne
516 4849 597 4907 dices
627 4849 895 4924 melioratempora
952 4855 1087 4924 Quomodo
1099 4855 1218 4927 protepit
1233 4853 1378 4926 sapientia,
1394 4855 1524 4912 similiter
1548 4859 1669 4929 protegit
1695 4874 1780 4929 pecu-

101 5053 110 5086 ¹
134 5049 415 5175 Quamm‘icipium
430 5049 456 5104 et
480 5048 633 5118 potientem
653 5059 720 5100 cece.
742 5047 810 5100 liss.
827 5049 897 5103 Cor·
952 5063 1019 5106 cum
1038 5048 1108 5105 olim
1134 5046 1229 5118 editis,
1255 5049 1376 5104 Facilius
1404 5049 1526 5107 sedatam
1544 5053 1632 5123 pessit
1657 5054 1780 5125 autore,

65 5120 205 5179 helmet:
318 5123 422 5177 mem
448 5133 516 5183 ³⁸³³,
541 5133 624 5190 quam
652 5117 824 5189 insipientie
850 5119 897 5189 su·
951 5121 1084 5178 Vatioeu.
1100 5119 1328 5191 sedatiorpoesit,
1344 5123 1399 5176 etc.

65 5207 130 5249 rore
151 5193 271 5264 raptori.
312 5195 322 5247 t
365 5195 410 5246 ost
430 5204 539 5262 pauca:
565 5187 898 5270 Nullam'inlromiuitue
987 5191 1116 5256 ‘Vatie.‚
1148 5193 1276 5263 Tempore
1305 5192 1381 5259 otim,
1415 5208 1497 5262 qaum
1540 5209 1634 5262 nonc;
1678 5199 1778 5269 Moysi,

63 5279 125 5320 esse
137 5263 319 5335 patientiam.
335 5206 417 5327 guod
433 5265 593 5332 utrumque
616 5263 817 5342 certissimum
841 5264 896 5326 est,
950 5280 1033 5336 quom
1049 5263 1163 5332 Christi,
1179 5267 1234 5318 etc.
1259 5260 1363 5328 Pelet,
1389 5262 1462 5319 Olim
1488 5264 1538 5319 suli
1565 5265 1663 5338 Moyse,
1684 5283 1778 5340 quum,

63 5333 338 5416 uullaeetsnime
360 5331 896 5403 udhominesnequepatreutrn,ne·
952 5340 1008 5392 etc.
1097 5403 1102 5415 ¹
1327 5403 1333 5415 ,
1486 5406 1492 5417 ·

63 5409 845 5558 ’1ῃόἰξοειξὶιζιξιᾏιίἓιιιιιΑιῖἶιιιέιῗίιαιὶειιιξαεειειθιιίίεηιίιιυι.1
986 5403 1579 5557 [agitatffidaeeeiplmZaerggopgrapptaissfflii
1598 5481 1777 5552 colliguntur.

100 5548 188 5603 ³ltuo
204 5547 289 5604 codd.
308 5545 430 5603 Palatio.
451 5551 480 5603 et
507 5546 612 5610 Vatia,
643 5543 752 5601 l'idetur
774 5547 844 5601 mite
872 5549 899 5603 ci
952 5548 1048 5604 ldinus
1059 5548 1132 5603 bene
1148 5546 1274 5628 legimus
1290 5563 1319 5602 ru
1331 5551 1418 5603 antea
1433 5549 1519 5606 editis
1536 5551 1631 5620 libris,
1650 5555 1681 5608 la
1694 5570 1778 5626 pere-

62 5619 119 5694 pui
128 5633 213 5686 nanc,
230 5623 285 5674 ete.
955 5619 1023 5676 totis
1038 5619 1180 5690 Sucnpclu
1191 5617 1328 5690 legeretur.
1351 5619 1491 5678 Msarrau.

99 5689 194 5748 *Duo
209 5705 297 5762 msa,
322 5689 404 5764 Quod
431 5705 494 5748 cam
518 5689 626 5761 [aerim
655 5702 723 5744 mox
750 5685 898 5746 Palatinus
