4056 6156
201 255 261 323 fili
828 254 861 318 S.
883 250 1041 320 sustitit
1057 249 1296 320 mortim.
1838 247 1904 314 'til

203 387 255 462 qai
268 387 355 444 tirum
369 385 542 454 tonitruum,
558 389 587 442 et
607 385 700 444 condo
715 386 862 459 spiritum.
874 387 925 460 qui
947 386 1068 455 dile-A
1083 387 1195 444 dictum
1210 390 1282 456 est«
1299 385 1350 458 qui
1364 399 1458 456 oreo,»
1475 379 1544 456 quia
1560 397 1619 442 non
1633 379 1727 442 mmol
1740 381 1818 458 uenti
1832 381 1904 442 iacti

202 477 303 534 culum
313 479 342 533 et
351 473 489 534 nebulam
499 475 535 532 sd
546 475 691 547 quasdam
701 474 844 534 utilitates
850 475 923 534 iasio
933 475 1026 532 horni-
1079 479 1160 544 sunt,
1175 476 1227 532 sed
1240 475 1270 532 ia
1282 490 1316 531 eo
1328 474 1403 548 quod
1419 472 1597 538 subsistunt,
1610 470 1742 545 quotidie
1755 470 1905 529 bunth-

204 578 275 621 nurn
289 576 480 639 ;pruporsne,
492 566 525 620 ut
538 562 665 636 invoces,
682 580 699 620 o
715 563 803 621 lsrael
814 583 822 635 ;
835 567 944 620 uicum
955 567 1026 636 pr'e-
1078 576 1136 637 que
1150 562 1229 620 enim
1248 563 1358 620 frustra
1373 561 1436 620 sine
1450 560 1585 629 articulo,
1602 559 1695 633 quiin
1718 559 1817 618 Gracc
1842 576 1903 617 ser·

203 657 322 727 perstas
338 652 428 710 tueris
444 653 480 710 sd
494 651 699 720 invocandum,
715 655 743 709 et
758 669 803 710 me
819 651 956 721 oraveris,
972 651 1024 725 qui
1080 668 1165 710 mone
1181 651 1396 725 singularitatis
1411 650 1594 724 significator
1608 652 1663 714 est,
1680 664 1761 706 nuno
1780 649 1904 723 spiritus

202 743 370 816 supradicte
384 740 542 806 constituo,
558 739 693 799 felicitate
713 746 892 814 temporum,
907 745 936 798 et
950 739 1024 798 alio·
1077 745 1192 798 orestus
1207 739 1465 814 dicitur,quonism
1480 745 1540 796 doit
1559 741 1813 808 estssnctus,ourn
1828 753 1903 812 pene

201 835 266 890 ium
282 831 426 888 bonoruni
441 829 648 904 largitionibus
662 830 831 902 perfruaris,
849 845 896 886 ms
910 829 1024 904 tibiper
1077 842 1193 904 semper
1207 829 1335 903 Spiritus
1348 832 1468 886 sanctus
1483 843 1552 885 cum
1567 826 1691 886 briicblo
1720 825 1902 894 nominetur,

200 919 332 994 singulos
345 935 438 976 sonos
451 918 644 990 omnieju'xts
660 922 771 974 nature
787 918 920 976 ordinem
935 916 1022 973 mini·
1077 917 1153 975 utin
1170 917 1219 974 illo
1234 917 1500 988 atmeuvcepaid
1517 921 1590 974 est«
1606 915 1670 989 ipse
1698 914 1836 989 Spiritus,
1854 918 1898 973 te-

201 1011 323 1077 strsdte,
340 1013 373 1064 ut
388 1007 511 1064 iocunde
524 1023 622 1063 annus
637 1005 718 1075 llust,
735 1009 768 1062 at
778 1006 841 1063 suis
851 1005 955 1080 spatiis
969 1004 1022 1063 bo·
1076 1007 1249 1064 stimonium
1259 1005 1393 1079 perbibet
1406 1005 1525 1078 spiritui
1548 1009 1649 1062 nostro
1673 1004 1695 1040 ⁶⁸
1711 1023 1719 1074 ;
1737 1026 1751 1054 a
1775 1009 1804 1061 st
1818 1003 1899 1074 slibi,

200 1114 300 1155 rsrum
310 1095 635 1166 momentadeourrsnt‚
648 1100 680 1151 ut
690 1111 744 1152 suo
753 1095 1023 1170 temporotonitru'a
1076 1103 1152 1164 Αὐτός
1166 1103 1231 1154 ἐστιν
1243 1104 1272 1152 ro
1286 1103 1427 1163 ζωοποιοῦν,
1443 1094 1511 1167 (sl),
1524 1092 1554 1151 id
1570 1097 1646 1161 est«
1657 1093 1720 1166 ipss
1734 1092 1845 1166 estqui
1859 1093 1900 1150 vi·

199 1186 344 1260 mamert,
361 1189 394 1242 ut
407 1182 552 1241 salutaris
563 1187 635 1240 suia
649 1183 823 1258 opportunis
844 1182 961 1241 llstibus
977 1183 1021 1239 in·
1074 1183 1172 1242 videet
1184 1185 1234 1240 ⁸⁹.»
1251 1185 1286 1241 Et
1300 1196 1438 1240 rursum:
1455 1204 1470 1232 «
1486 1182 1534 1240 Sic
1548 1186 1579 1239 st
1592 1189 1657 1254 qus
1672 1181 1900 1250 Deisunt,nsmo

200 1275 301 1350 spiret.
316 1273 346 1331 Si
361 1289 429 1330 voro
444 1271 690 1346 perallegoriam,
715 1271 878 1330 tonitruum
893 1276 923 1330 et
945 1271 1021 1328 dilu·
1075 1273 1210 1347 cognovit
1224 1272 1281 1330 nisi
1295 1282 1323 1330 οο
1336 1280 1446 1344 sinopa,
1464 1293 1478 1322 ο
1494 1269 1578 1328 idest
1590 1291 1603 1322 ο
1614 1270 1743 1343 Spiritus
1754 1268 1824 1346 θείς
1838 1289 1852 1320 ο
1871 1279 1900 1328 το

201 1362 313 1430 culum,
329 1365 359 1418 et
372 1361 490 1428 nebula,
505 1365 536 1419 et
549 1361 657 1418 ornatio
671 1361 793 1434 spiritns
808 1361 1020 1435 intelligentur,
1075 1373 1122 1436 γορ
1137 1372 1248 1434 scrupe,
1263 1363 1341 1420 m
1355 1361 1409 1418 boc
1425 1363 1479 1429 eet,
1493 1382 1507 1411 ο
1519 1359 1644 1432 Spiritus
1657 1359 1736 1416 enim
1752 1363 1901 1438 scrutatur

200 1469 259 1508 non
274 1450 469 1510 substantiam
483 1450 536 1520 rei,
550 1450 602 1506 sed
627 1450 782 1523 figuratum
806 1450 1020 1524 interpretatio·
1075 1450 1185 1522 omnia,
1199 1451 1289 1508 etism
1303 1450 1363 1506 alte
1377 1449 1426 1506 nei
1441 1450 1473 1504 ⁷⁰.
1491 1469 1505 1499 ο
1521 1449 1555 1506 lli
1569 1445 1664 1504 multe
1683 1463 1747 1520 qus
1762 1448 1799 1506 de
1822 1447 1899 1504 Scri·

134 1599 140 1606 ,
200 1547 266 1600 nem
278 1539 494 1612 significabunt.
1074 1539 1171 1612 pturis
1183 1539 1275 1596 ssoris
1290 1553 1443 1612 excerpere
1457 1535 1598 1611 possibile
1619 1539 1674 1594 est
1699 1535 1781 1600 Quod
1805 1535 1899 1592 sicubi

235 1631 279 1686 15.
294 1628 376 1693 Quod
401 1627 457 1685 sie
479 1627 593 1685 divorso
615 1628 785 1702 opposuerit
807 1628 962 1686 manifeste
985 1629 1021 1685 ds
1075 1635 1140 1685 raro
1172 1628 1236 1685 sine
1264 1626 1387 1684 articulo
1417 1625 1588 1684 nominatur
1615 1623 1741 1697 Spiritus
1765 1629 1899 1692 senatus,

198 1718 307 1792 Spiritu
323 1720 424 1776 sancto
438 1717 499 1773 buc
514 1715 584 1786 dici,
604 1716 653 1791 qui
679 1717 821 1774 inferatur
836 1718 872 1774 ad
896 1717 1059 1824 creatio·B
1075 1716 1640 1774 sciendumsstcumadditsniento'eum
1653 1713 1799 1781 nominari
1810 1712 1900 1786 signi·

198 1809 267 1864 cern
283 1806 420 1880 Spiritus,
432 1805 505 1862 illud
517 1806 596 1879 quod
608 1805 759 1879 sequitur:
773 1827 787 1858 α
798 1807 833 1862 llt
842 1806 1021 1864 annuntians
1077 1806 1182 1863 ilcante
1198 1805 1448 1880 magnificentium
1465 1804 1541 1876 ejus.
1557 1801 1709 1876 Siquidem
1725 1801 1833 1858 dicitur
1847 1800 1899 1860 eli·

201 1896 277 1954 m
292 1897 322 1953 in
335 1897 438 1952 omne's
451 1893 507 1967 (33)
523 1893 658 1951 homines
676 1894 824 1951 christum
839 1911 926 1952 suum
938 1915 946 1962 ;
957 1917 971 1948 »
991 1894 1022 1952 in
1077 1894 1196 1966 quando
1209 1899 1237 1952 st
1251 1894 1315 1951 sine
1329 1893 1463 1963 articulo,
1480 1908 1547 1949 cum
1562 1907 1622 1948 oon
1635 1891 1698 1964 ipse
1712 1906 1764 1963 per
1787 1903 1829 1958 se,
1845 1891 1899 1947 sed

202 1985 323 2042 llebreo
336 1984 487 2052 hebetum
502 1981 697 2040 annuntiatin
711 1981 860 2040 bominem
876 1983 1021 2058 loquelam
1076 1982 1261 2057 participatio
1276 1983 1341 2055 sjus
1355 1982 1547 2040 osdenditur:
1561 1984 1594 2038 ut
1604 1984 1686 2053 pute,
1698 2001 1713 2032 κ
1725 1985 1754 2036 et
1763 1987 1901 2052 quecun·

199 2075 285 2130 suari:
297 2090 305 2142 ς
322 2095 337 2124 ο
351 2072 430 2144 quod
441 2070 553 2130 scilicet
564 2070 615 2143 qui
625 2074 739 2128 creetur
749 2076 795 2129 est
804 2073 947 2143 omnium,
958 2073 1022 2146 ips's
1076 2087 1134 2145 qus
1147 2071 1195 2129 bis
1208 2071 1319 2129 similis
1331 2074 1409 2128 sunt.
1857 2060 1863 2071 '

199 2161 289 2220 etism
306 2161 457 2235 prophetis
481 2160 530 2232 [ot.
556 2159 724 2233 prophetes]
744 2160 876 2235 inspiret,
893 2166 922 2218 et
936 2179 1021 2220 susm

200 2253 254 2324 per
266 2265 316 2306 eos
331 2248 501 2306 bominibus
521 2247 631 2305 indicet
649 2247 841 2305 voluntatem.
858 2252 891 2306 st
905 2249 941 2306 ad
966 2248 1022 2306 boo
1113 2251 1157 2306 to.
1172 2249 1314 2314 Ouonlsm'
1329 2249 1421 2324 igitur
1434 2248 1532 2316 erbis,
1548 2264 1614 2322 qne
1625 2247 1791 2322 memoravi,
1812 2251 1843 2304 'et
1865 2253 1900 2305 'ex

200 2336 710 2412 respondendumest,quiaquidem
724 2335 851 2393 heretici
867 2337 958 2394 aliurn
973 2354 1022 2394 ex·
1076 2337 1179 2396 multis
1194 2337 1271 2406 eliis,
1294 2354 1353 2394 non
1377 2343 1442 2394 ss'se'
1468 2341 1633 2394 creaturam
1664 2336 1805 2410 Spiritum
1833 2353 1901 2393 ssu-

198 2434 245 2485 tra
260 2431 420 2484 croatorum
442 2424 598 2482 Dominum
621 2425 736 2482 Patrem
761 2424 920 2484 Salvetcris
940 2443 1021 2484 men·
1077 2432 1156 2484 ntum
1174 2427 1409 2484 demonstratum
1425 2431 1484 2500 est,
1508 2436 1658 2498 nusquam
1681 2424 1899 2484 conditionibus

199 2519 324 2587 liuntur,
335 2515 389 2572 boc
403 2513 580 2588 impiissime
594 2514 786 2587 predicantes
795 2531 805 2583 ¹:
826 2531 885 2573 non
900 2515 1023 2575 soolbrs·
1076 2517 1305 2572 connumeratus
1314 2519 1368 2583 est,
1384 2515 1435 2571 ssd
1451 2529 1568 2586 semper
1580 2525 1647 2570 cum
1669 2512 1754 2569 Patre
1781 2518 1810 2570 et
1823 2513 1899 2571 Filio

200 2611 261 2664 tam
275 2609 375 2662 sorum
390 2602 588 2676 suspicionem
601 2603 786 2676 providentes
797 2620 814 2660 s
824 2603 883 2661 Deo
898 2606 1021 2678 percuti,
1078 2605 1209 2678 positus:
1226 2613 1304 2661 nuno
1314 2604 1466 2661 videamus
1474 2619 1563 2676 quern
1574 2607 1642 2660 cuin
1653 2605 1777 2675 utroque
1792 2602 1899 2660 hubent

199 2695 331 2766 dicente:
345 2693 404 2766 ligo
420 2691 551 2748 formans
566 2692 663 2763 [Vetto.
688 2691 820 2763 firmans]
846 2693 1020 2764 tonitruum,
1076 2693 1303 2751 indifferentium
1319 2693 1368 2764 (ot.
1384 2689 1605 2764 differendum).
1621 2691 1654 2746 ln
1679 2690 1737 2746 line
1761 2690 1898 2764 lipistolts

199 2787 229 2839 et
242 2797 346 2839 creans
360 2779 497 2852 spiritum
512 2783 541 2836 et
555 2778 628 2836 alias
640 2780 743 2836 mundi
755 2783 853 2853 portes
871 2781 980 2840 iaciens
994 2787 1024 2841 et
1076 2782 1222 2848 secundo,
1237 2795 1327 2852 quam
1342 2781 1379 2837 ad
1395 2778 1561 2836 Corinthios
1577 2779 1681 2836 scribit
1694 2777 1815 2847 Paulus,
1832 2780 1894 2836 uit:

200 2869 391 2945 girbermans,
406 2868 549 2924 annuntio
561 2867 591 2923 in
602 2868 737 2925 homines
751 2867 900 2926 Gbristum
910 2875 1020 2928 meum.
1076 2893 1090 2923 ο
1106 2871 1206 2928 (tretis
1219 2869 1336 2926 Domini
1349 2868 1441 2925 nostri
1464 2866 1535 2926 Jesu
1564 2867 1683 2934 Gbristi,
1712 2872 1741 2924 et
1768 2867 1898 2925 charitas

200 2963 234 3016 lit
248 2957 394 3016 booenim
410 2955 598 3029 providentis
622 2972 692 3012 mes
712 2971 786 3029 opus
809 2973 899 3031 super
922 2959 1022 3018 omnia
1076 2959 1137 3028 liei,
1153 2963 1182 3016 et
1196 2956 1526 3014 communicetiossnoti
1548 2955 1686 3030 Spiritus,
1711 2955 1753 3013 sit
1781 2965 1899 3029 semper

199 3060 287 3122 opera
301 3052 368 3104 mea
381 3048 435 3116 est,
449 3048 481 3101 ut
493 3053 551 3104 non
562 3042 658 3102 solum
669 3060 770 3102 eorum
784 3062 848 3118 que
858 3047 929 3104 ioris
940 3053 1020 3118 sunt,
1075 3063 1143 3106 oum
1160 3046 1297 3104 omnibus
1311 3044 1394 3104 vobis
1407 3045 1438 3100 ⁷³.
1451 3067 1466 3094 ο
1482 3043 1654 3102 Ostenditur
1668 3043 1776 3118 quippe
1791 3053 1826 3102 ox
1839 3059 1900 3102 ser·

198 3136 249 3194 sed
266 3139 295 3190 et
309 3151 373 3207 qua
388 3133 424 3190 ad
440 3132 672 3190 emolumentum
687 3134 792 3190 enims
807 3141 835 3192 et
850 3137 956 3192 mentis
966 3137 1021 3194 uti·
1036 3130 1058 3197 G
1078 3153 1163 3194 mone
1177 3133 1314 3208 presenti
1327 3143 1387 3190 una
1402 3132 1555 3192 Trinitatis
1577 3131 1759 3206 assumptio:
1774 3149 1842 3190 oum
1870 3134 1899 3190 is

200 3222 311 3280 litatem
326 3223 379 3294 lul.
395 3220 605 3294 bumilitatem]
630 3223 787 3296 pertinent,
812 3239 899 3281 sauss
922 3227 1021 3282 subsi·
1076 3225 1126 3299 qui
1141 3224 1266 3298 gratiam
1282 3222 1390 3280 Christi
1404 3221 1526 3296 soospit,
1542 3221 1725 3280 babeatsatn
1748 3225 1809 3278 ism
1843 3239 1897 3295 per

199 3316 287 3369 stam.
305 3311 366 3385 Ego
384 3309 439 3367 boc
461 3309 540 3382 quad
557 3309 674 3377 dicitnr,
697 3333 711 3362 ο
735 3311 806 3368 creo
831 3313 979 3385 spiritum,
1004 3337 1019 3368 ο
1074 3311 1359 3372 administrationem
1370 3310 1566 3383 Priusquam
1578 3325 1630 3382 per
1639 3308 1823 3380 largitionem
1834 3310 1899 3383 Spi-

197 3412 281 3473 sque
293 3398 419 3456 arbitror
431 3398 571 3472 positum,
587 3407 621 3454 sc
635 3399 660 3455 si
683 3399 802 3468 dicitur,
827 3417 930 3460 oresns
950 3421 1020 3462 ven·
1074 3403 1149 3460 ritus
1169 3400 1275 3458 suncti.
1296 3399 1387 3456 Datur
1401 3398 1479 3456 enim
1499 3397 1589 3456 slleo
1604 3398 1688 3456 Putre
1702 3403 1731 3455 et
1744 3398 1794 3472 (al.
1811 3397 1901 3455 sDo·

197 3493 271 3548 tum.
289 3486 366 3544 Dens
381 3486 490 3560 quippe
504 3487 592 3544 llatus
607 3487 672 3555 bos,
688 3489 738 3560 qui
754 3491 892 3562 perceris
907 3498 1020 3551 motum
1075 3491 1165 3560 mino)
1179 3489 1250 3546 lesu
1266 3487 1478 3559 Christop’uxts
1490 3486 1580 3544 illud:
1597 3487 1894 3555 stiretisvubisoum,

198 3575 376 3645 efficiuntur,
394 3575 586 3648 dispositione
600 3593 655 3632 sue
666 3576 757 3644 ducit,
773 3580 936 3638 eorundum
948 3581 1018 3638 illud
1074 3585 1103 3638 et
1124 3595 1179 3652 pax
1193 3595 1210 3634 s
1224 3578 1283 3634 Deo
1299 3580 1395 3642 Putre,
1410 3581 1439 3634 et
1452 3575 1575 3633 Domino
1592 3576 1665 3634 lesu
1692 3575 1805 3633 (ibristo
1832 3577 1867 3646 ¹⁴,
1882 3597 1900 3628 ο

199 3667 278 3740 quod
293 3663 363 3723 slibi
378 3663 524 3738 legimus:
542 3685 557 3716 ι(
570 3665 624 3729 Oui
640 3667 776 3738 producit
790 3673 892 3725 ventos
906 3671 942 3726 de
956 3670 1018 3727 the·
1073 3684 1131 3726 non
1146 3667 1235 3725 sliam
1249 3665 1338 3722 dante
1348 3663 1472 3738 gratiam
1488 3668 1574 3722 Patre
1588 3668 1616 3721 et
1627 3663 1716 3722 ellam
1729 3663 1889 3722 salvatore.

198 3756 296 3814 scuris
310 3755 434 3814 suisll.»
453 3754 528 3812 Bene
542 3758 642 3810 autem
658 3756 735 3827 quod
751 3755 781 3812 in
796 3757 862 3829 ipso
876 3759 1020 3816 sententis
1074 3756 1226 3831 Siquidem
1236 3758 1265 3810 et
1279 3771 1296 3810 a
1311 3757 1395 3810 Patre
1410 3757 1439 3810 et
1452 3752 1576 3810 Domino
1590 3752 1661 3810 lesu
1687 3752 1801 3810 cbristo
1830 3769 1898 3810 eam

199 3851 256 3902 non
272 3844 323 3911 ait,
340 3843 390 3916 qui
406 3842 520 3900 oresvi:
536 3843 587 3899 sed
605 3861 616 3891 ι
633 3841 685 3915 qui
699 3860 764 3900 oreo
788 3844 936 3918 spirltum.
959 3869 973 3898 ο
988 3847 1019 3904 Si
1073 3847 1137 3904 dari
1153 3842 1293 3902 describit
1305 3844 1406 3914 (Votis.
1424 3841 1547 3915 scribit),
1563 3841 1690 3914 Spiritus
1702 3841 1796 3899 suncti
1815 3857 1899 3900 oom-

196 3933 273 3990 enim
286 3929 577 3988 deaubstsntinlitatc
583 3930 710 4003 Spiritus
720 3931 813 3988 suncti
824 3947 920 3992 sermo
931 3941 1018 4006 esset,
1074 3931 1272 3992 manicatione
1286 3929 1548 4003 completum.Nsm
1558 3929 1898 4004 etipsespiritusuirtus

198 4019 321 4078 dixisset
339 4017 450 4092 utiquo,
477 4019 528 4091 qui
551 4019 655 4076 creavi.
678 4019 778 4093 Neque
802 4021 881 4078 enim
904 4036 1021 4097 semper
1073 4027 1119 4081 est
1132 4021 1235 4096 grstia,
1247 4019 1409 4077 secundum
1423 4017 1516 4076 illud:
1535 4019 1595 4076 «et
1607 4018 1899 4092 spirltusgrstirsin·

198 4107 336 4166 eumdem
351 4110 439 4164 creet
455 4105 535 4164 Nunc
553 4111 651 4164 summ
676 4113 867 4180 conseqenter
887 4111 923 4168 de
949 4112 1020 4168 datu
1070 4111 1182 4183 jurium
1197 4107 1316 4175 iaciens,
1332 4107 1363 4164 in
1378 4120 1436 4178 qao
1448 4105 1649 4164 sunctiliostus
1663 4110 1709 4164 est
1721 4107 1754 4162 ⁷⁸.
1770 4127 1784 4158 ο
1801 4105 1831 4162 in
1845 4106 1901 4162 Ze·

232 4215 254 4252 ⁸⁷
270 4205 346 4270 Psal.
363 4225 474 4270 cmxiv.
490 4217 517 4270 7.
550 4213 573 4250 ⁸⁸
600 4213 674 4272 liom
702 4228 764 4284 vm,
781 4217 824 4272 le.
853 4216 964 4274 “loen
979 4230 1018 4283 vr,
1033 4218 1078 4273 dl.
1121 4211 1357 4282 widerato.
1399 4215 1420 4250 ¹¹
1436 4213 1474 4268 lv
1490 4213 1561 4287 lieg.
1590 4213 1681 4283 11,15.
1712 4207 1901 4280 '’delatr,

197 4287 241 4344 lb.
272 4285 489 4356 ⁷⁸llCor.xrrr,
509 4286 553 4344 ts.
583 4286 1199 4358 'tauma73100r.1,3;cotoss.1,3.
1240 4285 1263 4321 ⁷⁸
1277 4284 1363 4341 liobr.
1380 4299 1408 4354 x,
1424 4285 1470 4341 29.

230 4391 288 4464 <oet
300 4391 407 4449 Vocem
423 4411 438 4443 ο
452 4405 555 4450 omnes
570 4414 584 4442 »
600 4405 694 4464 neque
708 4407 779 4448 mss.
791 4393 896 4460 nostri,
920 4397 1150 4467 usqusnauam
1177 4393 1255 4466 qaod
1293 4390 1434 4448 Hebraioe
1472 4391 1582 4449 dicitur
1619 4383 1729 4458 nasu,
1759 4383 1901 4447 scribitui

194 4462 295 4520 Amosi
306 4467 402 4546 textus
418 4462 615 4531 habenarum
637 4463 910 4520 uessnemalimer
933 4465 1013 4539 uugi.
1071 4478 1123 4540 per
1150 4465 1204 4522 bas
1231 4463 1361 4522 litteras:
1377 4479 1452 4532 usu,
1479 4479 1537 4530 siu,
1562 4479 1625 4531 sou,
1658 4477 1742 4530 sris,
1771 4465 1800 4521 st
1827 4474 1900 4532 vsu,

197 4538 422 4617 Anpotatronem
463 4550 528 4617 orro
555 4551 594 4616 err¹
630 4535 722 4590 ebreo
752 4551 810 4615 non
837 4551 872 4592 ex
925 4537 952 4592 id
975 4537 1015 4594 mi
1071 4538 1149 4612 quod
1162 4534 1231 4594 trix
1244 4531 1432 4620 putaverunt.
1449 4535 1500 4612 Sip
1520 4540 1619 4592 autem
1646 4539 1680 4590 ut
1706 4533 1735 4589 iu
1765 4532 1899 4614 Hebreo,

194 4551 1015 4736 {tittlitliiittillidtlttttlitii·
1070 4613 1096 4736 {²
1110 4605 1315 4735 “lilld‘llffl
1331 4607 1490 4734 Ἔξὲρὲἲῗ
1504 4610 1571 4733 ..οἷ’
1585 4604 1648 4732 cli
1662 4600 1899 4732 bilbili&

194 4737 259 4806 deo.
275 4693 349 4810 Nglm
364 4748 393 4804 S.
405 4693 708 4831 quoqueqtmbfcsius
723 4717 839 4820 qui'lib.
857 4767 877 4805 11
891 4695 1016 4824 Berslpai·
1071 4697 1146 4836 qaid.
1176 4693 1435 4816 Deinde'srtimon,
1458 4721 1555 4814 stru:
1573 4748 1650 4830 quod
1680 4691 1896 4821 legibus'ul,

193 4823 252 4879 rite
266 4828 359 4876 sancto
374 4817 442 4902 burc
457 4821 597 4875 exAmosr
610 4818 671 4901 loco
682 4819 837 4891 objectioni
848 4824 1016 4895 respondet,
1071 4824 1100 4881 1d
1117 4824 1162 4879 est
1176 4822 1327 4895 eloquium.
1345 4819 1367 4878 Ο
1382 4821 1474 4904 igitur
1487 4819 1566 4893 quud
1581 4818 1720 4878 scribitur
1734 4833 1787 4892 per
1799 4815 1899 4876 solutu

194 4893 270 4948 bano
284 4890 529 4974 spudnbrdymurnn
539 4890 714 4973 solutionem
727 4891 890 4973 erlinebreo
902 4908 932 4949 se
944 4894 1019 4950 indi·
1070 4893 1198 4968 litterum
1214 4909 1279 4962 rso,
1295 4901 1382 4962 αὐτοῦ,
1398 4893 1488 4966 idest
1514 4893 1573 4976 ejus
1601 4891 1625 4948 si
1649 4890 1758 4968 cilicet,
1786 4887 1899 4970 simule

195 4955 1019 5038 outnonlegissccumrllemomnrnodrssrmulet.Argus·
1072 4963 1440 5040 queccmmistumlegiiu
1460 4979 1559 5019 moero.
1591 4983 1606 5012 ο
1660 4958 1717 5018 nde
1745 4951 1899 5017 concludit

193 5035 377 5090 buntanteni
392 5031 520 5090 heretici
535 5047 570 5090 er
590 5050 624 5090 eo
652 5028 724 5101 luco,
754 5035 845 5090 creeri
874 5035 1017 5107 Spiritum
1071 5038 1162 5093 Deum
1181 5051 1234 5108 per
1259 5034 1420 5120 prophetes
1444 5033 1575 5091 indicare
1589 5030 1768 5100 ioluatatenr
1797 5037 1898 5112 snam,

195 5107 341 5170 sanctum,
356 5105 1018 5173 uthominibusannuntiaretssbristum.Qui*
1071 5117 1180 5182 eosque
1195 5111 1321 5180 turpiter
1339 5113 1445 5174 errore,
1471 5105 1522 5179 qui
1551 5104 1642 5162 ellum
1670 5108 1751 5161 extre
1777 5102 1898 5160 (irreto-

194 5177 252 5232 bus
266 5178 299 5231 ut
309 5182 431 5256 reponet
442 5176 545 5233 llieron
568 5193 707 5248 mus,non
718 5175 798 5232 itoin
810 5176 928 5235 Hebreo
939 5178 1018 5235 toute
1071 5197 1143 5238 rem.
1160 5183 1276 5234 Patrem
1292 5177 1399 5233 Christi
1414 5177 1672 5242 inducebant,oum
1687 5178 1777 5232 Amos
1790 5173 1897 5231 nonde

194 5245 251 5330 legi
267 5249 383 5328 asserit,
399 5262 432 5301 sc
448 5248 525 5319 apud
541 5194 621 5316 ΚΧΧ,
637 5248 688 5305 sed
703 5247 818 5304 beborll
830 5271 844 5330 ς(
862 5250 1018 5332 annuntiat
1071 5249 1180 5325 Spiritu
1196 5247 1246 5332 sed
1262 5246 1399 5316 devenio,
1415 5245 1509 5322 neque
1524 5249 1560 5305 ds
1574 5245 1698 5316 Gbris'io,
1714 5245 1766 5304 sed
1781 5243 1816 5303 ds
1844 5242 1898 5302 bu

195 5317 389 5398 inhominem
405 5315 551 5388 loquelam
567 5335 694 5402 suam.)
712 5320 806 5403 Atque
830 5324 870 5376 tta
896 5321 1015 5392 quidem
1072 5322 1262 5379 meditatione
1277 5319 1305 5376 lo
1327 5323 1426 5376 untur.

194 5389 1017 5537 itt-⁶tl‘l‘ttttttlttttitttt‘dtlttltmtttr
1071 5335 1371 5521 .ὲὲθὲξέἓέἐέῗέ
1387 5390 1457 5547 illi*
1473 5388 1899 5535 tzittltttiitttt

194 5534 285 5596 notet.
304 5551 316 5588 ο
333 5527 366 5592 Si
380 5529 469 5606 euim,
489 5553 499 5585 ι
530 5531 638 5608 inquit,
668 5555 682 5592 ο
698 5531 844 5612 legamus,
873 5533 1018 5598 christum
1072 5543 1164 5600 tedet
1178 5541 1320 5608 tumaces,
1339 5534 1493 5614 «Spiritus
1507 5531 1778 5611 sst,.qutrivitlost.
1794 5555 1809 5587 ο
