4056 6170
231 251 323 353 let

350 387 541 462 interpretatio
563 389 670 448 totino.

245 495 337 552 Gades
352 494 554 554 sanctificatio.

244 567 354 636 (ladon,
375 567 499 623 sanctes.¹

244 637 337 711 sigor,
353 638 515 695 humilitas.

244 709 629 782 Sion,specula,vcldomus
644 710 776 783 spiritus.

833 494 934 568 Κάδης,
953 497 1095 574 ἁγιασμὸς.

833 566 938 638 Κάδων,
955 567 1044 644 ἁγίας.

834 640 938 728 Σίγωρ,
950 640 1112 703 ταπείνωσις

868 781 1031 856 πνεύματος.

243 856 353 923 Aaron,
369 869 455 910 mons
469 853 659 910 fortitudinis.
972 849 977 871 ‘

243 995 418 1062 Jerusalem,
432 995 504 1053 visio
519 995 609 1068 pacis.

244 1067 383 1150 babylon,
402 1067 544 1150 conlpsio.
576 1137 580 1149 ¹

245 1139 347 1206 Besae,
373 1155 544 1211 ignominia,
570 1137 598 1192 ed
617 1141 656 1191 est
672 1139 775 1210 pudor.

243 1277 266 1336 0

241 1351 265 1406 Α

242 1491 344 1563 David,
361 1491 440 1550 lilius
461 1491 596 1550 dilectus.

832 1140 929 1206 Βατὰν,
946 1139 1074 1216 αισχύνη.

1011 1301 1028 1390 l

289 1319 296 1346 ,
311 1279 597 1352 intersepimentum.
942 1325 949 1348 ,
965 1279 1009 1336 toi

267 1295 432 1422 ionibezcc,
450 1349 564 1407 Domini
579 1350 730 1407 auxilium.
843 1283 905 1372 nl(

1031 1281 1114 1355 ραξις.

909 1301 925 1337 ιι

831 1281 1002 1423 Ἂωὲὼ

242 1635 390 1703 Salomon,
408 1635 585 1702 misericors,
601 1635 644 1692 vel
656 1635 739 1692 lortis

278 1723 378 1772 manu,
394 1705 439 1762 vel
455 1707 605 1780 pacificus.

241 1776 360 1864 Rachel,
376 1777 463 1834 italus
478 1795 603 1851 superno
620 1778 713 1834 tertis.

241 1917 381 1998 Rebecca,
398 1919 485 1976 llatns
501 1936 637 1994 superae.

241 2060 772 2135 Chananaei,adorantesiniquitatem.

241 2201 371 2272 Chenai,
416 2203 680 2276 obstupefacientes
718 2204 774 2260 ini·
868 2135 941 2210 plns.

240 2290 414 2428 agilitani,
429 2347 634 2402 amaricantes.
829 2348 1001 2426 Ἀμορῥαῑοι,
1016 2347 1110 2424 πικραί

241 2487 394 2556 Pberaezsi,
407 2487 541 2561 dissipati
558 2493 635 2544 sunt.
830 2495 997 2568 Φεραιζαῐω,
1014 2490 1110 2566 σκορπί

240 2628 326 2712 hirei,
343 2630 464 2686 tortuosi
490 2631 526 2686 ad
551 2629 646 2687 instar
659 2648 775 2705 serpen·

240 2704 394 2845 Getiiieniai
410 2772 592 2829 domicilium
610 2789 728 2828 vanum.

830 2632 923 2688 Εΰαῑσι
940 2635 987 2706 (b),
1004 2631 1110 2688 σκολιοὶ

830 2781 996 2851 Γεργεσαϊω,
1014 2774 1109 2830 narnia

240 2913 374 2984 tebusaei,
389 2913 547 2989 pudelacti.

242 3055 377 3128 Pheison,
393 3073 426 3113 eo
446 3057 524 3128 quod
548 3057 623 3114 Deus
648 3075 682 3140 pc

278 3127 412 3184 humane
429 3131 538 3184 nature
551 3130 721 3186 conditioni.
863 3137 915 3200 τῆς
930 3132 1108 3205 &adportetur

239 3272 286 3325 cat
294 3270 412 3343 justum,
433 3269 462 3324 id
477 3274 532 3334 est,
547 3269 690 3340 mucidum,
707 3274 873 3329 strictorem
883 3273 975 3338 Unde,
987 3286 1062 3336 nain

239 3339 312 3396 licite
337 3339 409 3412 psal.
436 3358 468 3408 1.,
491 3340 673 3412 intelligitur,
693 3343 812 3399 mundns
827 3347 875 3405 sia,
892 3351 942 3400 aut
957 3348 1059 3402 uinces.

274 3411 282 3446 ¹
299 3411 364 3467 Sion
382 3414 468 3483 juxta
490 3413 695 3484 proprietatem
720 3413 826 3488 lingum
843 3416 986 3471 Hebraico
1003 3434 1059 3472 nou

199 3490 204 3496 '
236 3497 396 3562 possumus
420 3484 604 3567 interpretari
629 3485 737 3541 eternum
752 3488 878 3556 spiritus.
895 3489 1060 3560 symbolice

237 3552 325 3626 igitur
342 3553 401 3610 haec
416 3555 585 3626 accipiendo
599 3562 678 3621 sunt,
704 3558 774 3682 guin
793 3575 876 3614 rnons
892 3560 959 3614 Sion
973 3563 1059 3631 typus

235 3628 280 3680 est
293 3625 426 3682 Ecclesia
446 3625 563 3693 (thristi,
590 3645 654 3699 quos
678 3628 706 3682 in
731 3628 890 3685 abitanteur
907 3647 940 3686 ao
957 3631 1059 3702 praesi-

234 3696 300 3751 dem
317 3696 404 3752 habet
417 3696 558 3778 Spiritum
575 3705 719 3754 sanctum.

269 3767 404 3824 ’Nomen
436 3769 513 3824 istud
530 3769 760 3841 interpretantur
781 3769 871 3826 Graeci
888 3787 920 3826 ac
942 3772 965 3826 si
980 3771 1057 3844 lege-

233 3841 314 3899 retur
342 3839 498 3906 Adenieaer,
529 3841 606 3911 quod
636 3842 739 3896 merito
771 3849 923 3898 verterent.
947 3843 1057 3897 Domini

232 3909 372 3964 ancilium
386 3927 420 3965 en
434 3919 499 3970 'tyn
514 3911 586 3967 trion
600 3916 629 3966 ct
644 3923 694 3976 nu
709 3928 782 3968 caer.
806 3915 841 3967 llt
865 3913 901 3968 de
916 3914 1056 3969 vocabulo

233 3979 411 4045 Adontlrenrc,
441 3982 561 4038 consuls
590 4000 679 4055 supra
713 3983 975 4040 annotatiunculae
1005 4001 1056 4040 no-

234 4054 312 4106 stras
327 4052 355 4105 in
374 4050 438 4106 libri
462 4052 600 4108 iudicum
617 4054 745 4108 nomina.

268 4122 279 4156 ³
293 4122 373 4186 Ouod
400 4123 549 4195 proprium
572 4128 617 4180 cst
634 4125 742 4189 llavidi,
758 4125 848 4181 Grmci
864 4124 1056 4197 exscriptores

232 4190 292 4249 lilio
306 4195 369 4262 ejus
381 4193 520 4251 Salomon
537 4195 708 4252 adscribunt
731 4196 883 4268 imperite;
902 4213 959 4250 nou
977 4197 1054 4252 enim

232 4262 369 4329 Salomon,
395 4267 445 4322 sed
470 4267 556 4322 Daoi-l
581 4267 788 4338 iuterpretatur
811 4266 902 4326 laevi:
921 4265 1004 4340 χειρί,
1025 4267 1052 4322 id

232 4339 285 4402 est,
301 4338 380 4406 sortia
402 4355 497 4404 anona,
521 4356 555 4392 cx
577 4347 616 4398 tv.
641 4339 698 4402 dui,
723 4339 1055 4400 sustentamentum

230 4406 364 4464 Salomon
380 4408 459 4478 fitius
474 4408 586 4464 villenas
602 4411 704 4480 potiori
722 4411 783 4478 iure
799 4409 954 4472 dicoretur,
966 4425 1055 4480 quam

230 4475 340 4546 David;
368 4496 434 4535 nam
460 4478 516 4534 clio
542 4480 659 4536 nominc
681 4479 817 4536 Salomon
834 4479 997 4551 appellatus
1011 4489 1056 4538 est

228 4543 318 4608 littura
341 4550 417 4618 quod
441 4550 571 4606 dilectum
596 4551 706 4606 Domini
731 4555 824 4606 sonat.
845 4550 1054 4608 Verumtamen

227 4635 280 4675 nec
298 4620 395 4685 David,
412 4637 462 4677 nec
482 4620 630 4687 Salomon,
657 4623 686 4676 id
714 4621 840 4677 nominis
865 4622 971 4678 habere
986 4641 1054 4696 pos·

227 4694 297 4747 sunt
319 4692 406 4762 justa
454 4691 640 4764 roprietatem
670 4693 814 4748 sermonis
851 4694 972 4762 Hebraei,
1004 4701 1054 4752 aut

219 4759 305 4834 juin
321 4763 406 4820 fidem
422 4709 652 4830 elementorum,
669 4764 719 4820 sed
736 4770 882 4835 quatenns
898 4771 968 4821 sunt
983 4767 1054 4822 ima-

258 4915 297 4988 (n)
312 4914 422 4972 Vitiosa
438 4916 627 4973 Martianreus
653 4931 757 4972 nomen
771 4921 818 4968 ’Ὠν
836 4917 875 4973 On
892 4916 1051 4973 substitue·

223 4991 270 5042 rat
284 5002 334 5057 pro
360 4992 411 5061 ''tty
434 4993 463 5044 et
487 4988 515 5043 in
541 4987 768 5059 Hieronymiano
782 5003 899 5060 quoque
915 4988 1052 5044 laterculo

224 5054 276 5122 Oa,
300 5058 386 5125 lator,
410 5059 455 5116 vel
478 5058 567 5116 dolor.
594 5058 706 5115 Nedum
736 5075 802 5115 vero
824 5058 956 5114 Vaticani
984 5059 1051 5116 libri

222 5128 389 5197 auctoritas,
406 5129 470 5201 ipsa
484 5130 571 5186 eliam
589 5129 679 5202 hujus
703 5129 831 5186 nominis
845 5129 1049 5200 interpretatio

223 5191 373 5280 διᾲφραξις,
398 5201 514 5268 evincit,
542 5201 618 5276 regis
643 5201 686 5274 Og
711 5217 817 5258 nornen
841 5201 889 5256 hio
914 5201 1050 5273 designa·

223 5283 267 5322 rr:
298 5283 344 5322 cur
366 5270 452 5335 ,facile
477 5289 511 5328 ex
534 5277 699 5330 Graecorum
724 5289 812 5330 scnsu
837 5275 984 5342 intercepti
1008 5273 1050 5328 vel

222 5339 427 5396 interclusionis
453 5344 578 5414 quadrat
610 5343 804 5425 etymologia:
842 5341 963 5398 minime
985 5361 1050 5400 vero

219 5407 350 5466 omnium
366 5411 427 5466 voci
444 5414 493 5482 Dn,
510 5431 543 5469 ex
556 5432 614 5486 qua
638 5413 711 5470 nihil
727 5415 821 5470 simile
836 5413 934 5470 valcas
950 5419 1047 5471 extor-

220 5491 318 5564 quere.
344 5481 482 5544 Origenes
504 5485 607 5540 llomil.
638 5489 667 5540 13
692 5485 719 5540 in
738 5486 856 5552 Numer,
876 5487 922 5556 Op,
939 5485 1048 5558 inquit.

224 5557 431 5652 iuterpretatur
447 5557 617 5610 interclusio.

254 5659 293 5730 (t)
309 5657 419 5726 Insigni
430 5657 637 5727 depravatione
650 5660 749 5712 deerat
759 5659 860 5714 isthaec
871 5663 942 5716 Dveei
957 5670 1049 5718 nomi-

220 5729 266 5786 nis
282 5728 434 5800 expositio,
464 5722 571 5780 σκολιοὶ
600 5747 612 5786 ς
643 5726 697 5777 dsi-
726 5727 826 5800 tipus,
854 5734 973 5803 maligni
992 5736 1048 5791 airu

230 5802 346 5870 annosi,
361 5800 443 5872 quasi
456 5800 614 5868 serpentes:
636 5811 709 5849 nam
734 5811 786 5865 pro
802 5811 846 5864 ea,
864 5815 929 5870 qum
945 5804 1048 5862 subse·

991 251 1201 338 tresuulx.

968 391 1058 448 coner
1077 394 1228 464 Vclrruuus.

834 717 904 766 Σιων
924 719 942 778 ¹,
957 715 1120 789 σκοπεοτήρι

831 854 946 928 Ἀαρὼν,
963 853 1026 929 ispo<
1043 853 1147 930 ἰσχύος.

831 995 1020 1088 ‘lepoucnllipa3
1042 995 1136 1073 ὅρασις
1153 997 1274 1072 εἰρήνης.

832 1062 972 1160 Babuluhvz
990 1087 1132 1144 σνγχοσις.

1030 1351 1286 1427 ,Κυρίονβιήθεια
1335 1401 1345 1414 ,

831 1491 925 1566 satit,
941 1495 1000 1558 υἱὸς
1017 1493 1168 1570 ἀγαπητός.

831 1637 976 1711 Σολομῶν,
1007 1635 1154 1710 ἐλεήμων,
1183 1638 1204 1706 ³,
1230 1633 1248 1708 ἥ
1274 1637 1364 1699 ἱκανὸς

864 1709 949 1786 χειρὶ,
965 1707 982 1778 ἤ
1003 1708 1148 1784 εἰρηνικός.
1359 1708 1363 1716 ’

828 1783 945 1856 Papiri,
959 1782 1028 1850 πνοὴ
1050 1779 1149 1836 ἄνωθεν
1166 1778 1273 1855 ἰσχυρά.

827 1919 962 1994 Pedium,
977 1923 1047 1991 πνοὴ
1066 1917 1175 1976 ἄνωθεν.

830 2070 1000 2138 Χαναναῖοι,
1037 2067 1248 2139 προσκυνοῦντες
1287 2061 1333 2116 ἀνο
1350 2093 1362 2103 -

829 2213 955 2262 Χετταῖον
970 2209 990 2276 *,
1007 2205 1162 2276 ὲξιστῶντις
1177 2203 1296 2278 ἀνόμων.

829 2912 998 2987 Ἰεὸονσαῖοι,
1014 2916 1268 2993 καταισχυνόμενοι.

1846 255 1911 324 tlte

1584 388 1770 466 Dinoaynnu.

1414 497 1518 564 Gades,
1533 501 1644 566 sancta,
1659 497 1703 554 vel
1714 503 1824 556 munta.

1412 569 1514 638 Gades,
1532 574 1726 639 commutans,
1740 571 1912 628 sivesanctus.

1412 641 1510 713 Segor,
1527 657 1624 712 parva,
1640 640 1682 696 vel
1705 640 1860 698 meridiana.

1411 713 1488 782 Sion,
1499 711 1626 784 specula,
1636 712 1678 768 vel
1690 712 1860 780 mandalum,
1869 712 1914 770 sive

1447 783 1574 854 irritum,
1591 783 1634 838 vel
1652 783 1796 856 scopulus.

1411 855 1516 937 Aaron,
1542 870 1626 910 mons
1650 855 1744 923 tortis,
1777 854 1831 912 sive
1849 872 1914 912 mons

1447 925 1636 982 fortitudinis.

1410 997 1584 1064 Jerusalem,
1601 997 1673 1053 visio
1693 996 1782 1069 pacis.

1411 1067 1550 1140 babylon,
1567 1068 1710 1124 conlusio.

1411 1139 1515 1208 Rasan,
1540 1140 1682 1208 conlusio,
1709 1139 1768 1196 sive
1785 1138 1915 1212 pinguedo,

1445 1208 1490 1266 vel
1505 1210 1631 1266 siccitas.

1411 1281 1432 1337 0
1455 1327 1462 1352 ‚
1478 1297 1668 1354 congregans.

1409 1297 1599 1414 Aionibezcc,
1630 1351 1772 1408 Dominus
1806 1350 1916 1422 fulguris,

1445 1423 1488 1479 vel
1504 1425 1645 1480 Dominus
1665 1425 1845 1492 contemptus
1857 1423 1915 1477 aaut.

1413 1495 1610 1621 [ιονιξ-,ἰαθῆτε
1634 1511 1737 1560 manu,
1754 1494 1811 1550 sive
1827 1494 1916 1550 deside·

1445 1583 1478 1622 rs
1501 1583 1558 1623 trs.

1410 1636 1559 1707 Salomon,
1574 1636 1727 1710 pacificus,
1751 1635 1809 1692 sive
1823 1639 1917 1707 pacatus

1445 1708 1510 1764 crit.

1412 1779 1526 1861 hachel,
1552 1777 1623 1848 ovis,
1648 1777 1693 1834 vel
1720 1776 1917 1848 vidensprinct·

1410 1867 1917 1992 ueilleilmunapatientissumu-

1446 1998 1510 2048 tum
1527 1992 1647 2064 accepit.

1409 2063 1575 2130 chananei,
1594 2063 1802 2135 negotiatores.

1122 732 1162 784 ov,
1187 709 1205 781 ἤ
1231 713 1306 774 οἶκος
1318 716 1366 767 τοῦ

1407 2205 1540 2278 Hetthrci,
1552 2203 1808 2275 lormidantes,vel
1824 2207 1916 2274 stupen-

1409 2281 1580 2414 arietinam,
1614 2345 1721 2414 amari,
1754 2347 1797 2402 vel
1825 2345 1918 2417 loquen-

1408 2423 1919 2560 Phiirsezmi,separantespivcdissemi

1444 2559 1575 2627 colivet
1598 2561 1820 2616 fructificantes.

1408 2634 1493 2702 livet,
1510 2633 1572 2699 leri,
1590 2631 1649 2688 sive
1669 2631 1802 2704 pessimi.

1362 2789 1363 2794 ’
1409 2769 1917 2900 Gergesmusmolonumejiciens.sivc
1973 2775 1974 2814 1

1445 2865 1462 2901 a
1485 2862 1585 2901 venam
1603 2847 1887 2928 appropinquantem.
1973 2871 1974 2880 ν

1409 2917 1544 2985 lcbosaei,
1556 2916 1668 2983 calcati,
1679 2933 1740 2972 sive
1759 2929 1876 2988 presepe
1887 2927 1918 2966 co
1973 2971 1974 3004 ,

1445 3005 1521 3043 rum.

1112 2367 1213 2408 νοντας.

1115 2494 1213 2560 ζονται.

1126 2632 1164 2694 ὡς
1180 2629 1223 2686 ἐπὶ
1240 2626 1323 2710 ὅστις.

1110 2795 1172 2844 ησις
1190 2774 1297 2846 ματαία.

686 3061 775 3140 percit
829 3061 934 3115 Φεισὼν
951 3062 971 3128 ⁵,
987 3057 1030 3114 διὰ
1044 3060 1074 3150 τὸ
1086 3059 1225 3137 φείσασθαι
1240 3059 1285 3113 τὸν
1298 3058 1362 3113 Θεὸν
1410 3059 1528 3132 Phison,
1544 3075 1577 3115 os
1592 3057 1724 3131 pupille,
1740 3056 1918 3115 siveorismu·

1110 3150 1149 3192 ος.
1446 3131 1527 3186 tullo.

1116 3271 1199 3346 gines
1214 3277 1242 3328 et
1257 3273 1389 3345 symbola
1403 3273 1461 3327 veri
1488 3271 1615 3336 Davidis,
1631 3287 1665 3327 ac
1682 3269 1795 3343 pacifici
1809 3267 1918 3325 Salomo-

1116 3343 1173 3411 nis,
1191 3343 1218 3398 id
1235 3351 1280 3400 est
1293 3344 1399 3400 Christi
1418 3343 1542 3411 Domini,
1568 3344 1617 3416 qui
1637 3343 1730 3398 aDeo
1745 3345 1827 3397 Patre
1840 3339 1916 3418 dictos

1115 3421 1161 3471 est
1175 3417 1250 3486 filiu-v
1264 3416 1474 3472 dilectissimus.
1493 3415 1570 3469 ldem
1587 3420 1648 3470 esto
1660 3414 1807 3484 J'udioium
1821 3411 1853 3466 dc
1866 3406 1917 3463 relt-

1115 3487 1182 3557 quis
1208 3485 1356 3542 vocabulis
1380 3486 1638 3556 subsequentibus,
1664 3502 1731 3556 quae
1756 3483 1849 3539 omnia
1874 3481 1917 3532 lcrc

1115 3558 1276 3613 secundum
1300 3557 1413 3628 typicas
1434 3565 1462 3612 ct
1477 3556 1652 3628 symbolicas
1669 3554 1868 3626 explicationes
1880 3564 1916 3620 pc·

1115 3628 1178 3754 sliltepJ
1188 3627 1333 3711 leguntur,
1351 3645 1408 3684 non
1429 3628 1591 3684 secundum
1607 3627 1813 3700 etymologiam
1831 3623 1915 3694 lingue

1145 3716 1159 3754 c
1184 3716 1274 3754 raram.

1146 3769 1358 3842 ‘Hieronymus
1369 3769 1483 3840 passivo
1501 3769 1632 3841 sumpsit
1644 3784 1751 3824 nomen
1763 3777 1838 3828 :ltnn
1847 3759 1918 3818 thill-

1111 3843 1180 3898 ttrirn
1194 3841 1253 3897 sivo
1278 3841 1423 3904 Chettlrim,
1446 3857 1462 3896 a
1478 3841 1573 3895 radice
1588 3852 1655 3900 nnn
1672 3837 1915 3912 sternunturque

1110 3929 1229 3968 sensum
1246 3911 1333 3968 habet
1361 3912 1507 3984 passivum
1522 3912 1552 3966 in
1569 3911 1632 3975 llnl,
1648 3915 1677 3965 et
1693 3909 1835 3982 siguificat
1847 3911 1915 3960 tern-

1111 3989 1155 4040 tus
1183 3988 1208 4038 et
1230 3992 1415 4040 consternatus
1442 3984 1515 4054 suit:
1548 3983 1576 4036 iu
1606 3982 1810 4054 conjugatione
1833 3981 1914 4051 autem

1111 4054 1219 4127 Hiphil,
1237 4053 1358 4110 activam
1377 4053 1463 4109 hahet
1475 4053 1734 4124 significationem,
1746 4067 1830 4124 quum
1845 4053 1914 4102 Grau

1111 4130 1285 4197 sequuntur,
1311 4125 1452 4182 addentes
1476 4124 1597 4196 insuper
1622 4125 1743 4180 verbum
1770 4120 1868 4193 e'rvdpov
1888 4113 1914 4169 al

1110 4195 1319 4304 etymologiam
1336 4197 1465 4252 nominis
1481 4195 1608 4251 Clretlim.
1896 4255 1901 4267 ι

1172 4269 1256 4324 lliror
1271 4269 1438 4325 Graecorum
1460 4267 1653 4322 subtilitatem
1681 4265 1711 4322 io
1737 4257 1913 4340 confingendo

1110 4339 1262 4395 coruinum
1287 4338 1494 4406 Hebraicorum
1519 4337 1723 4410 etymologiis:
1749 4337 1912 4399 cumulique

1109 4409 1213 4466 Phison
1231 4415 1259 4465 et
1274 4410 1351 4466 Gcon
1381 4414 1529 4482 utcunque
1552 4407 1706 4479 accipiant,
1725 4424 1779 4462 non
1794 4409 1910 4484 (ἕτοιμοι.

1108 4483 1156 4537 sed
1175 4483 1324 4536 Hebraeum
1344 4481 1470 4536 debeant
1494 4481 1600 4536 habere
1616 4479 1768 4546 rationem,
1784 4491 1849 4601 gula
1862 4483 1911 4551 lpse

1109 4553 1227 4608 nomina
1244 4552 1383 4608 hebraica
1399 4555 1478 4606 sunt.
1505 4551 1594 4606 Nemo
1610 4555 1706 4606 autem
1723 4549 1752 4605 in
1773 4551 1857 4626 alera
1870 4539 1912 4618 llll·

1107 4640 1165 4694 gua
1180 4623 1332 4696 quidpiam
1348 4639 1467 4689 vocans,
1484 4621 1690 4695 etymologiam
1703 4615 1830 4676 vocabuli
1841 4613 1912 4694 sumti

1106 4711 1140 4750 ex
1156 4695 1257 4750 alteru.
1275 4697 1310 4749 At
1334 4693 1502 4750 Graecorum
1524 4692 1650 4750 libertati
1668 4705 1827 4764 parcamus,
1841 4695 1908 4756 qula

1110 4764 1230 4822 Philone
1245 4765 1441 4822 disertissimo
1455 4765 1625 4821 iudeorum
1643 4764 1783 4836 scriptore
1796 4752 1910 4831 clymolo

1106 4917 1215 4988 quitur,
1233 4914 1389 5006 [appennini
1404 4934 1482 4984 voce,
1509 4915 1635 4987 pessime
1661 4914 1845 4972 substitutum
1859 4903 1907 4959 erat

1105 4984 1202 5041 Editor
1221 5007 1390 5058 κατοικησις,
1416 4992 1482 5055 etc,
1499 4992 1528 5043 ct
1543 4989 1621 5062 quod
1637 4973 1907 5063 congesserimus

1106 5064 1235 5132 etymon,
1252 5060 1342 5116 Dvaeis
1357 5060 1550 5115 tribuebatur.
1568 5061 1630 5125 Qua
1650 5059 1687 5115 de
1703 5075 1731 5112 re
1745 5055 1905 5124 Martianeul

1106 5130 1240 5186 lacunam
1258 5133 1287 5186 in
1311 5131 1409 5186 codice
1435 5130 1524 5203 Regio
1548 5147 1605 5186 non
1631 5128 1860 5204 animadvertens,
1874 5119 1903 5168 tlt

1105 5202 1278 5259 hariolando
1302 5202 1483 5260 disserebat:
1510 5202 1595 5264 livet,
1620 5209 1687 5265 nun
1703 5191 1903 5270 Eoimdrcuntut

1103 5275 1217 5344 pessimi
1230 5278 1256 5329 et
1266 5276 1321 5345 seri
1334 5276 1370 5328 ab
1380 5283 1435 5337 illu
1447 5289 1509 5340 cun,
1522 5272 1575 5328 boo
1585 5277 1629 5330 est
1638 5273 1731 5344 inique
1740 5269 1798 5347 cyil:
1809 5265 1903 5342 Dentu-

1104 5345 1173 5400 tium
1189 5349 1285 5400 aulem
1303 5362 1404 5400 conum
1421 5344 1606 5415 interpretari
1631 5345 1762 5414 possunt,
1777 5353 1799 5393 οι
1813 5329 1901 5388 vrolcu·

1104 5420 1147 5470 ter
1175 5433 1280 5471 nonicn
1306 5417 1435 5472 deducas
1464 5425 1558 5502 caym
1585 5415 1731 5480 seruando
1752 5419 1815 5496 pun
1826 5413 1898 5457 naon,
1973 5437 1974 5494 y

1105 5504 1132 5559 ld
1161 5509 1204 5559 est
1233 5504 1367 5560 tentilatio
1394 5507 1420 5559 et
1449 5503 1648 5568 habitaculum,
1678 5505 1705 5558 et
1727 5493 1898 5572 clinnrxylt
1973 5495 1974 5516 ³

1102 5610 1170 5648 even
1187 5611 1252 5648 curn
1270 5592 1354 5665 aleph
1371 5594 1407 5648 ab
1421 5592 1513 5656 initio.
1526 5593 1603 5664 quod
1615 5583 1895 5664 signilleatnulnen·
1973 5609 1974 5628 ι

1103 5669 1160 5748 Nos
1175 5682 1209 5747 ex
1226 5665 1318 5745 Velie.
1336 5665 1491 5790 archetype
1507 5663 1604 5719 locum
1620 5659 1806 5746 supplevimus
1820 5656 1895 5770 &olii
1973 5725 1974 5742 ,

1102 5741 1265 5792 statuimus.
1281 5737 1349 5792 llrde
1365 5735 1441 5792 idem
1478 5752 1512 5791 oc
1525 5751 1630 5792 nomen
1647 5753 1674 5790 m
1697 5749 1723 5788 ιν
1737 5729 1856 5798 vragmen
