4054 6168
102 317 182 392 'Ml
600 320 912 392 COMMENTARIUS
933 325 974 388 tlt
995 319 1296 390 secessissem.
1727 323 1805 394 iffi!

99 461 209 535 lupum
223 456 449 534 sanguinarium
465 459 475 495 ¹
498 459 601 532 lupum
626 477 760 516 voracem
785 477 872 532 super
887 461 926 516 st·
940 464 966 528 Α
982 462 1093 517 sionem
1114 477 1203 532 super
1217 457 1427 528 sacerdotibus,
1453 457 1503 532 qui
1530 461 1689 520 servientes
1705 460 1800 532 altari,

98 549 175 606 iaris
197 548 440 621 interpretatione
463 553 661 622 possuisset
682 549 842 620 spoliorum
859 548 928 604 disi·
982 549 1083 604 vivunt
1098 550 1133 604 de
1149 548 1243 604 altari.

138 721 146 752 ¹
164 718 259 774 Verba
274 719 367 790 tapam
381 719 595 789 scepeieeriem
609 717 639 772 in
656 717 771 773 duobus
787 734 802 772 e
817 716 926 774 nostris
941 733 1012 774 mss.
1039 733 1097 773 non
1130 721 1209 772 sunt.
1230 733 1298 772 mox
1325 734 1376 788 pro
1392 717 1555 774 divisionem
1586 718 1683 776 verius
1697 718 1802 793 legisse

101 805 223 864 videtur
234 804 378 862 Alcuinus
397 807 554 862 divisorem.

454 1092 515 1191 S.
559 1091 898 1192 musnet!
949 1088 1457 1190 utnnomttmt

673 1287 955 1349 S'llilBONBNSlS
976 1285 1233 1348 PRBSBY'CEBI.

201 1463 869 1590 COMMENTARIUS
920 1465 1009 1586 IN
1056 1451 1706 1588 BCCLBSIASTBN¹

322 1703 437 1826 HD
482 1703 838 1830 PHULHM
881 1705 984 1826 ΕΤ
1027 1701 1591 1827 BUSTOCHIUM.

776 2037 1143 2129 PRAEFl'tIO.

914 2219 1013 2234 —

142 2349 317 2410 ost-asa
342 2348 464 2406 Memini
492 2365 538 2406 me
562 2353 630 2406 aute
655 2349 709 2406 hoo
734 2349 824 2405 ferme
850 2349 936 2420 quin·
952 2364 976 2428 Β
991 2346 1058 2403 licet
1085 2347 1210 2416 civitate,
1240 2352 1269 2404 et
1292 2347 1369 2404 idius
1396 2347 1543 2405 memoria
1566 2353 1596 2406 et
1617 2350 1699 2408 vobis
1723 2351 1813 2408 reddo

111 2439 293 2512 quennium,
308 2453 375 2494 curn
395 2437 491 2494 adhue
517 2438 614 2494 Rome
627 2435 777 2507 essem,'et
800 2436 939 2494 Boclcsia·
996 2437 1074 2508 quod
1089 2436 1198 2492 debeo:
1215 2435 1270 2492 hoo
1284 2435 1409 2493 breviter
1423 2437 1594 2505 admoneus,
1611 2439 1689 2512 quod
1703 2439 1815 2500 nullius

108 2531 180 2584 sten
196 2531 303 2583 sancte
319 2523 444 2582 Blesillae
457 2525 595 2598 legerem,
615 2530 648 2582 ut
671 2541 734 2582 eam
758 2527 794 2582 ad
810 2530 940 2582 oontem-
995 2523 1198 2581 auctoritatem
1214 2529 1332 2582 secutus
1348 2541 1414 2581 sum
1429 2525 1458 2594 ⁸;
1473 2525 1522 2582 sed
1538 2526 1573 2584 de
1588 2527 1707 2586 Hebraeo
1721 2533 1816 2588 trane·

107 2619 198 2688 ptum
213 2613 300 2670 istius
315 2612 414 2670 saeculi
430 2629 629 2687 provocarem,
653 2617 683 2670 et
706 2629 791 2670 omne
815 2615 893 2686 quod
910 2613 939 2670 iu
995 2613 1100 2681 tereus,
1117 2613 1213 2684 magis
1226 2629 1272 2669 me
1287 2612 1473 2686 septuaginta
1487 2613 1678 2687 interpretum
1693 2633 1815 2676 cousus·

105 2703 227 2762 mundo
243 2707 385 2771 cerneret,
401 2707 516 2776 putaret
530 2719 595 2760 esse
609 2719 661 2775 pro
677 2703 787 2773 nihilo;
805 2708 939 2776 rogatum
994 2701 1089 2757 tudini
1105 2701 1256 2774 coaptavi:
1273 2701 1304 2756 in
1319 2701 1366 2758 his
1382 2703 1533 2772 duntaxat,
1544 2719 1609 2774 qum
1620 2721 1678 2762 nou
1688 2706 1816 2765 multum

109 2791 411 2861 abea,utlnmorem
428 2791 940 2865 Commentarioliobscuraqumque
995 2793 1031 2847 ab
1054 2789 1203 2846 Hebraicis
1235 2790 1441 2862 discrepabant
1469 2792 1490 2847 ⁴.
1525 2790 1675 2849 Interdum
1703 2795 1815 2868 Aquilae

109 2880 303 2947 dissererem,
320 2885 354 2936 ut
382 2883 492 2952 absque
508 2897 555 2937 me
579 2885 678 2953 posset
690 2880 851 2954 intelligere
875 2897 939 2952 qum
994 2896 1110 2952 quoque
1124 2880 1146 2950 ⁸,
1159 2885 1188 2935 et
1200 2879 1377 2952 Symmachi,
1390 2879 1634 2938 etTheodotionis
1645 2883 1816 2942 recordatus

107 2968 242 3042 legebat.
260 2969 361 3041 ltaque
376 2969 515 3042 quoniam
531 2970 560 3024 in
571 2969 722 3041 procinctu
738 2969 828 3026 nostri
844 2969 940 3043 operis
994 2985 1072 3034 sum,
1089 2972 1121 3025 ut
1135 2983 1188 3024 nec
1204 2968 1329 3024 novitate
1343 2968 1436 3024 nimia
1447 2966 1563 3027 lectoris
1579 2970 1710 3028 studium
1724 2972 1819 3030 deter-

107 3057 215 3115 subita
227 3061 322 3114 morte
345 3057 494 3114 subtracta
514 3062 569 3128 est,
593 3062 621 3114 et
643 3073 702 3114 non
727 3057 900 3127 meruimus,
923 3075 939 3114 o
994 3073 1099 3124 rerem,
1125 3072 1178 3112 uec
1202 3072 1321 3112 rursum
1346 3060 1446 3112 contra
1474 3057 1683 3116 conscientiam
1709 3076 1816 3130 meam,

109 3145 250 3204 Paulaet
274 3145 477 3217 Eustochium,
502 3145 591 3202 talem
614 3146 679 3202 vitae
704 3151 809 3204 nostrae
833 3146 940 3204 habere
995 3149 1074 3202 tonte
1087 3143 1219 3202 veritatis
1235 3144 1356 3212 omisso,
1383 3143 1555 3217 opinionum
1584 3145 1691 3204 rivulos
1715 3165 1818 3208 conse·

109 3238 296 3303 consortem,
311 3237 451 3307 tantoque
464 3233 584 3292 vulnere
594 3239 665 3292 tuno
676 3235 828 3308 perculsus
841 3235 942 3294 obmu·
996 3237 1133 3290 ctaretur.

110 3323 180 3380 tui:
198 3321 323 3378 nuncin
339 3322 507 3380 Bethlehem
523 3321 646 3396 positus,
663 3324 825 3397 augustiori
840 3326 850 3360 ¹
864 3325 942 3382 vide·

152 3501 160 3534 ¹
180 3501 212 3554 In
228 3498 355 3556 editione
381 3500 515 3557 Martian.
540 3500 728 3558 inscribitur:
752 3504 852 3574 Incipit
867 3511 943 3563 Prae-
997 3504 1027 3558 in
1043 3501 1151 3556 librum
1168 3499 1281 3571 Didymi
1297 3500 1332 3554 da
1350 3500 1460 3573 Spiritu
1485 3506 1598 3570 sancto,
1614 3519 1702 3575 quem
1718 3503 1819 3562 Hiero·

113 3571 188 3642 tatic
197 3569 225 3626 8
235 3572 399 3643 ttiermpmt
406 3573 437 3626 in
460 3573 721 3634 Ecclesiasten,·tali
732 3639 733 3643 Ἰ
745 3589 780 3628 ue
799 3574 944 3652 tituloap-
998 3589 1104 3646 nymus
1120 3572 1221 3627 Latine
1237 3571 1381 3652 reddidit:
1400 3593 1413 3620 ιι
1429 3571 1593 3654 Canticum,
1615 3575 1723 3646 inquit,
1739 3576 1817 3657 quod

114 3641 308 3712 pendrthano
322 3647 443 3700 notam:
457 3644 580 3700 «Codex
598 3659 654 3698 ms.
674 3589 744 3699 imi
758 3645 942 3703 Bibliotheca
998 3649 1115 3700 cantare
1131 3657 1189 3698 non
1205 3647 1285 3712 potui
1300 3659 1328 3696 ru
1354 3647 1432 3698 terra
1456 3641 1561 3709 alvena,
1588 3643 1636 3700 hie
1660 3645 1773 3702 avobrs
1787 3647 1818 3704 iu

116 3710 291 3794 colbertina
306 3713 381 3770 hanc
407 3714 493 3770 habet
518 3714 741 3786 inscriptionem
765 3715 870 3773 litteris
885 3718 939 3774 mi·
955 3719 976 3785 (¹,
992 3714 1093 3771 tuden
1109 3717 1281 3794 provocatus
1298 3713 1503 3793 immurmuro,
1524 3716 1711 3795 depositorem
1724 3714 1818 3772 multo

119 3785 232 3837 nratts:
255 3785 354 3856 Incipit
386 3785 520 3854 Protopes
543 3787 571 3842 S.
600 3788 764 3857 tleeronpmi
786 3791 941 3860 presbyteri
995 3786 1092 3842 locum
1107 3789 1267 3851 estimans,
1284 3800 1334 3864 qm
1349 3782 1527 3840 Salvatorem
1539 3785 1653 3853 muudi,
1666 3801 1754 3857 quam
1766 3788 1818 3859 qui

113 3867 204 3924 seper
228 3853 417 3922 Ecclesiasten,
432 3855 467 3911 ed
481 3857 599 3912 Paulam
623 3861 650 3913 et
670 3858 861 3930 Eustochium,
876 3862 939 3930 teli·
996 3856 1095 3912 fratris
1110 3854 1211 3938 genuit
1226 3853 1412 3925 parricidam.
1430 3853 1572 3924 Mssruuv.

110 3927 298 3998 citertpeem
330 3929 433 3982 mmem
452 3929 547 3986 limnas
567 3929 677 4000 incepit,
703 3933 761 3984 tem
783 3931 938 3988 Bethlehem
1030 3958 1064 3968 -
1079 3926 1153 3982 ttlrm
1178 3923 1251 3980 lalso
1276 3929 1337 3981 erat
1357 3927 1521 3995 oepestiori.
1550 3925 1819 3986 contradicentiBus

107 3999 209 4069 postea
221 3943 373 4076 comparit.
391 4019 405 4047 rr
421 3998 498 4054 Borr.
996 3998 1105 4056 nostris
1121 3996 1194 4069 ipsis
1209 4013 1301 4065 mss.;
1318 3995 1510 4068 Hieronymus
1520 4011 1598 4062 vero,
1614 3999 1730 4069 qoodet
1745 3999 1820 4056 htar·

148 4095 187 4109 -
203 4065 461 4140 ergrmustotum
475 4068 553 4126 huno
563 4068 671 4126 librum
684 4071 718 4126 ad
731 4075 856 4142 quatuor
866 4089 928 4130 mss
994 4069 1078 4126 tianae
1099 4073 1232 4124 notatum
1251 4073 1313 4124 est:
1330 4069 1513 4139 depositorem
1533 4069 1618 4124 mette
1639 4069 1729 4126 locem
1742 4074 1819 4128 eeti-

111 4135 243 4194 oodices.
268 4137 342 4196 duos
358 4139 503 4196 Palatinos
519 4141 651 4196 numeris
665 4141 700 4196 79
719 4147 748 4197 et
761 4142 813 4198 t75
829 4160 940 4215 prauo·
993 4141 1095 4210 emeat,
1110 4140 1159 4210 pei
1173 4139 1342 4194 Sotuotomm
1357 4138 1463 4220 mendi²
1488 4155 1572 4211 peom
1591 4142 1640 4211 pei
1653 4142 1755 4211 [ratris
1769 4158 1818 4212 pc·

110 4212 314 4273 tatcs,unurn
338 4211 512 4268 Vaticanum
532 4211 588 4267 sub
611 4229 693 4268 num.
718 4213 792 4282 3t8;
814 4215 940 4287 denique
993 4213 1057 4268 neit
1089 4210 1248 4266 arrioidam.
1265 4209 1378 4266 Prffifal·
1396 4227 1424 4265 tn
1444 4209 1495 4265 lib·
1512 4209 1637 4282 Didymi·

109 4279 939 4354 privatumnostrurn‚quemdomiasservamus,etbonm
1029 4283 1040 4318 ⁸
1080 4298 1136 4338 nus
1179 4282 1270 4336 Vatio.
1313 4281 1420 4338 meltius
1463 4283 1662 4354 auctoritatem,
1701 4282 1748 4340 sed
1773 4299 1819 4340 ee-

109 4365 183 4408 oum
200 4351 305 4422 primis
320 4357 393 4410 notu
405 4369 470 4410 esse
481 4354 544 4424 jum
569 4353 707 4411 dirimas.
728 4355 857 4412 Rursum
872 4373 938 4414 oum
994 4355 1105 4410 ritatem
1118 4361 1226 4409 seretes
1244 4368 1316 4408 sem.

107 4423 173 4478 iere
193 4422 231 4504 ad
252 4423 372 4480 verbum
397 4424 474 4480 huno
498 4425 664 4551 Hieronpmi
691 4429 939 4486 commentarium
1029 4425 1121 4480 ‘Duo
1142 4422 1266 4481 Palatini
1291 4439 1362 4480 mss.
1387 4423 1561 4497 discrcpam,·
1586 4429 1615 4480 et
1638 4422 1817 4498 paulopost,

106 4493 314 4566 descripserit,
329 4495 359 4550 in
371 4511 483 4568 suaque
492 4499 606 4551 transtu
620 4497 675 4552 erit
686 4495 809 4554 Albinus
819 4498 939 4558 Flaccus
996 4496 1088 4552 stedia
1101 4496 1273 4552 deterrerem·

108 4563 268 4633 alcuinus,
285 4571 319 4622 ut
337 4567 440 4623 scribit
454 4567 663 4636 Quercetsnus,
679 4568 728 4649 qui
745 4569 938 4640 siastiques,
1029 4567 1193 4624 llateralem
1207 4567 1312 4648 Aquites
1326 4581 1443 4648 quoquc,
1468 4571 1522 4622 etc.
1546 4570 1585 4622 lix
1606 4565 1661 4623 hoo
1684 4566 1747 4623 loco
1762 4583 1819 4626 nu·

108 4637 140 4692 id
159 4639 218 4718 est,
233 4637 329 4692 octavi
344 4637 443 4720 saeculi
457 4643 558 4720 structor¹
572 4642 627 4704 est,
642 4645 671 4694 et
689 4656 719 4694 rn
735 4641 939 4725 antiq'uurunuac
994 4654 1081 4710 perus
1096 4639 1220 4720 scriptor
1236 4641 1368 4709 imperite
1384 4637 1473 4694 nimis
1488 4655 1523 4693 ur
1543 4641 1572 4694 et
1592 4637 1686 4720 iutilia
1701 4654 1756 4694 sua
1770 4656 1816 4696 ar·

107 4709 940 4862 ,thethidislimittitiittilttttttlh
993 4708 1817 4862 titelheimititlttttttittll‘mittitis

109 4849 256 4906 lectiones
267 4867 378 4922 passim
395 4851 438 4906 tlh
453 4855 586 4924 acceptas
602 4852 765 4908 scierimus.
994 4868 1060 4906 rum
1075 4849 1246 4914 Brblrorum,
1274 4855 1407 4906 secutum
1430 4852 1521 4908 luisse
1544 4868 1650 4922 sapius
1665 4849 1814 4924 Aquilam,

151 4917 254 4974 ’Nereo
279 4923 309 4976 irs
348 4923 503 4979 Bethlehem
540 4925 838 4994 positeaaepmtiori„
883 4928 937 4979 etc.
994 4921 1203 4994 Symmachum
1232 4927 1261 4976 et
1288 4921 1526 4978 Theodotionem.
1563 4923 1644 4988 Quod
1674 4923 1753 4978 enim
1781 4922 1817 4980 de

107 4989 312 5072 Quamplures
328 4997 445 5050 maaet
458 5010 560 5051 ornnes
575 4993 644 5049 editi
662 4993 746 5050 libris
761 4995 804 5050 sio
815 4995 916 5066 legunt
930 5012 937 5061 ;
993 4993 1208 5049 Commentario
1224 4992 1253 5046 in
1277 4991 1471 5049 Ecclesiasten
1488 4993 1663 5118 praemonuit
1677 4992 1816 5050 lectorem

108 5062 192 5116 lt'enc
208 5078 238 5116 m
254 5063 408 5120 Bethlehem
429 5067 543 5136 positas,
567 5066 709 5135 aspecturi
732 5065 856 5122 uidelicet
870 5067 937 5120 siui—
954 5087 976 5150 D
994 5064 1199 5136 Hieronymus,
1223 5063 1251 5117 id
1277 5065 1313 5119 ad
1336 5064 1469 5118 omnium
1506 5063 1636 5120 ibrorum
1660 5065 1815 5136 Scriptura

108 5135 177 5194 rete.
195 5131 424 5218 Sed-enpesh'ori
435 5136 563 5208 positum
579 5140 623 5218 est
643 5135 791 5218 imperitia
806 5141 937 5218 veterum
993 5137 1156 5191 versionem
1175 5135 1303 5216 Latinam
1327 5132 1443 5190 trahere
1468 5133 1571 5190 nititur
1595 5135 1815 5220 imperitusillo

108 5205 938 5346 iitttlit‘ltttltiiittrittittttttttlttt
993 5206 1814 5359 ittttttttttttlHstiftmrsttlttsti‘tm

109 5345 286 5428 Bethlehem
301 5365 318 5404 a
332 5353 433 5406 saneto
446 5350 564 5406 doctoro
579 5351 733 5431 vocitatam
745 5349 938 5432 fuisseaugu·
993 5355 1098 5431 sertum
1115 5353 1160 5404 est
1175 5348 1253 5420 apud
1266 5363 1368 5403 omnes
1388 5348 1528 5429 eruditos.
1550 5347 1759 5422 Hieronymum
1776 5349 1815 5406 vi·

109 5421 234 5474 minoem
260 5418 352 5478 Home
371 5421 527 5479 civitatem.
555 5421 654 5494 lgvtur,
672 5425 705 5476 ut
724 5421 939 5478 derostrtutaa
992 5419 1096 5478 delicet
1110 5418 1203 5476 multo
1215 5422 1345 5490 tempore
1360 5423 1426 5490 post
1437 5419 1547 5476 editum
1565 5419 1813 5480 Commentarium

107 5487 199 5544 nobis
214 5487 340 5548 lectione
353 5492 389 5548 ad
408 5493 495 5548 Cdem
512 5491 757 5575 exemplariorum
773 5493 937 5550 vetustissi-
992 5491 1022 5546 in
1036 5489 1242 5556 Ecclesiasten‚
1273 5505 1375 5547 novam
1401 5490 1535 5547 Ecclesiae
1559 5491 1665 5548 Christi
1689 5491 1813 5550 transla-

106 5573 229 5615 morum
246 5561 360 5618 nullum
375 5579 528 5636 superesse
542 5563 664 5619 dubium
677 5563 779 5635 possit,
797 5563 936 5620 momine·
991 5563 1100 5618 tionem
1123 5561 1282 5620 Bibliorum
1311 5562 1346 5619 de
1375 5562 1493 5620 Hebraeo
1523 5563 1601 5622 toute
1629 5577 1811 5638 procurasse.

108 5626 177 5694 sint
189 5631 314 5694 etudimi
328 5632 450 5700 tectores
465 5636 506 5695 ita
520 5634 665 5714 scriptum
685 5633 743 5710 tegi
767 5635 937 5696 Prasstione
992 5633 1136 5696 bisaeus.
