4068 6170
666 353 718 417 aa
738 349 1093 418 assumptionibus
1114 351 1249 418 lacos.
1731 355 1809 422 lb‘lb

267 642 350 738 DE
384 640 958 740 BENEDICTIONIBUS
992 639 1189 739 ιῘΑΟΟΒ
1223 643 1653 744 PATRIARCHAE.

908 855 1007 874 *—

141 981 216 1050 Ouid
232 981 455 1058 intelligendum
470 988 515 1042 est
529 985 564 1042 de
587 985 851 1059 benedictionibus,
864 985 929 1058 qui·
945 988 973 1052 Α
987 986 1137 1044 cervicibus
1166 989 1340 1046 inimieorum
1369 992 1500 1054 lucram:
1526 991 1679 1049 adorabant
1705 995 1733 1050 te
1758 993 1812 1065 filii

103 1071 265 1130 hustaeob
282 1074 448 1146 patriarcha
472 1074 619 1132 benedixit
640 1075 869 1132 liliossuos:aa
887 1073 930 1131 hi·
986 1078 1075 1150 patris
1101 1080 1151 1135 lai.
1181 1077 1293 1135 Catulus
1320 1080 1406 1137 lecara
1433 1079 1512 1154 ludo,
1546 1081 1581 1138 ad
1608 1082 1740 1155 praelum,
1770 1083 1813 1155 fili

106 1162 215 1218 storias
229 1162 272 1217 vel
289 1161 444 1236 allegorice
467 1162 660 1237 intelligenda
680 1166 749 1235 sint,
764 1166 834 1222 dum
852 1164 930 1232 dicit,
989 1167 1039 1233 mi,
1068 1168 1223 1238 ascendisti,
1263 1171 1432 1241 requiescens
1470 1171 1624 1228 accubuisti
1649 1179 1679 1227 at
1707 1173 1757 1239 lec,
1787 1181 1814 1228 et

106 1249 330 1322 Conprepomiai,
353 1252 409 1323 filii
437 1253 528 1318 Jacob,
557 1259 587 1310 at
607 1255 857 1311 consentiemoobis
872 1271 932 1326 pase
989 1258 1069 1328 quasi
1083 1257 1206 1314 lemnam.
1224 1259 1521 1326 Qar'ssascitabiteum
1536 1259 1612 1332 (Gen.
1629 1261 1744 1330 sturmii,
1760 1261 1813 1334 ill?

105 1344 301 1396 amarescat
318 1342 348 1396 in
369 1342 528 1398 novissimis
542 1343 635 1398 diebrrs
660 1343 736 1412 (Gen.
752 1362 828 1408 xarx.
842 1345 888 1416 2);
906 1349 934 1400 et
990 1346 1063 1412 Quia
1076 1347 1153 1403 luda
1175 1349 1306 1416 confessio
1332 1348 1393 1404 sive
1421 1349 1479 1404 laus
1501 1349 1721 1422 interpretatur,
1737 1353 1814 1406 recle

106 1428 132 1485 si
152 1423 266 1486 videtur
279 1446 314 1486 es
339 1429 385 1484 his
409 1431 505 1486 verbis
529 1433 622 1501 magis
645 1432 814 1504 allegoriam
830 1450 935 1490 sorraro
989 1435 1129 1491 scribitur
1143 1437 1178 1492 de
1192 1437 1279 1504 luda,
1292 1437 1560 1508 Confitehaatartibi
1568 1441 1680 1510 fratres,
1697 1439 1741 1496 rel
1755 1439 1814 1496 lou·

106 1533 199 1591 quam
214 1517 393 1596 historiam?
415 1518 579 1592 Utrumque
601 1538 677 1592 vera,
698 1526 727 1578 et
742 1522 894 1579 historiam
907 1527 936 1579 et
989 1523 1094 1580 deburat
1109 1534 1141 1580 tc.
1169 1526 1205 1581 st
1232 1525 1298 1582 licet
1324 1526 1359 1584 ds
1374 1526 1488 1582 Christo
1516 1527 1627 1600 grande
1641 1528 1812 1600 mysterium

107 1605 299 1680 allegoriam
326 1605 478 1663 historiam
506 1609 541 1664 de
567 1607 709 1666 divisione
734 1615 817 1666 terra
837 1627 933 1683 repro·
990 1611 1039 1680 sit,
1054 1617 1153 1669 tamea
1167 1616 1330 1670 seeundum
1345 1614 1473 1672 litterum
1497 1615 1653 1689 signifieat,
1670 1617 1747 1688 quod
1762 1632 1815 1689 per

109 1694 272 1765 missionis,
284 1711 348 1768 quse
360 1696 502 1753 divisione
512 1696 674 1754 dividenda
685 1704 769 1755 crant
780 1699 935 1771 nepotibus
990 1701 1079 1758 David
1096 1702 1218 1775 stirpem
1233 1709 1443 1776 generarentur
1457 1720 1551 1778 reges,
1575 1709 1603 1760 et
1617 1705 1695 1778 quod
1708 1705 1812 1762 adora·

107 1800 230 1842 eorum:
247 1787 277 1840 et
290 1783 460 1858 allegoriam
477 1785 512 1842 ds
528 1785 643 1843 Christo
658 1791 687 1843 et
714 1788 749 1842 de
765 1786 935 1844 Ecclesiam
991 1795 1055 1846 rent
1069 1808 1135 1846 cum
1152 1808 1254 1848 ornnes
1265 1792 1371 1849 trihus.
1398 1792 1460 1848 Non
1480 1793 1626 1859 enimait,
1644 1791 1695 1848 lilii
1712 1791 1814 1849 matris

105 1871 279 1930 novissimis
294 1874 477 1946 temporibus
503 1875 611 1931 lotura.
637 1876 692 1932 Sed
709 1875 792 1949 prius
808 1875 936 1931 historia
989 1883 1057 1944 tum,
1087 1881 1149 1952 sed,
1177 1881 1234 1952 filii
1258 1883 1346 1953 patris
1375 1882 1427 1937 tari.
1457 1882 1491 1937 at
1517 1881 1593 1954 quad
1615 1881 1817 1955 sequitur,rld
1874 1868 1877 1876 ’

106 1961 302 2017 fundamenta
318 1963 453 2040 ponerrda
468 1969 548 2032 sunt,
566 1969 598 2019 ut
612 1965 710 2038 aptius
721 1963 864 2036 allegoriae
875 1962 936 2020 eul-
988 1968 1124 2041 praedam,
1139 1969 1187 2042 fili
1199 1972 1250 2036 rai,
1275 1970 1434 2042 ascendisti,
1455 1971 1583 2028 ostendit
1602 1986 1669 2028 eum
1686 1971 1816 2044 captivos

105 2066 177 2109 men
193 2050 283 2123 priori
299 2055 451 2106 structura
467 2058 691 2124 superponatur.
991 2057 1115 2130 populos
1140 2076 1204 2116 esse
1232 2060 1401 2124 ducturum,
1431 2065 1461 2116 et
1485 2062 1572 2132 juxta
1592 2059 1815 2133 intelligentiam

145 2139 238 2195 natea
252 2141 451 2210 priraopeaitas
463 2158 549 2212 mens,
567 2143 596 2196 tu
618 2141 750 2209 tortitudo
773 2159 845 2214 naeu,
860 2143 937 2215 prin·
991 2147 1180 2203 sacratiorem
1211 2149 1379 2204 ascendisse
1415 2149 1446 2204 in
1481 2148 1585 2215 altum,
1616 2153 1645 2204 et
1672 2149 1815 2221 captivam

106 2229 215 2300 cipiunt
229 2227 330 2284 doloris
343 2230 399 2285 mei
409 2246 415 2286 :
432 2231 510 2300 prior
531 2232 561 2285 ia
585 2229 673 2298 donis,
697 2231 787 2302 rnojor
810 2231 934 2302 imperio.
992 2234 1110 2292 duxisse
1124 2237 1322 2309 captivitatem
1339 2239 1526 2311 (Psal.nxv11‚
1542 2237 1595 2306 l93
1612 2237 1708 2310 Ephes.
1722 2255 1759 2294 rr.
1776 2240 1814 2308 8).

107 2317 355 2388 Effmusestsicnt
379 2333 467 2389 aqna:
496 2333 551 2374 aaa
575 2334 689 2384 cresens,
714 2320 780 2390 qaia
792 2319 937 2376 ascendisti
990 2322 1064 2392 Sive,
1095 2325 1172 2396 quod
1204 2325 1311 2382 melius
1337 2331 1417 2398 puto,
1457 2325 1611 2399 captivitas
1638 2325 1815 2397 passionem,

108 2405 202 2462 esibile
227 2407 315 2477 patris
342 2407 394 2475 lai,
424 2416 449 2462 et
475 2407 622 2464 maculasti
649 2411 768 2463 stratam
786 2409 845 2480 ejus
861 2408 937 2474 (Gen.
994 2429 1133 2470 aseensus
1163 2414 1403 2471 resurrectionem
1440 2412 1597 2488 significat.
1630 2414 1755 2486 Allipons
1781 2415 1817 2472 ad

107 2511 189 2564 κων,
205 2495 232 2566 3,
249 2493 286 2567 l).
304 2497 355 2550 Est
370 2498 469 2550 aulem
481 2512 587 2552 sensus
600 2495 645 2551 hie
656 2496 664 2530 ¹
676 2513 682 2551 z
696 2497 739 2552 Tu
752 2513 783 2552 es
794 2496 938 2570 primoge-
991 2503 1104 2557 cineam
1129 2503 1239 2576 pallum
1263 2520 1355 2569 suam,
1382 2510 1407 2560 ct
1434 2504 1469 2560 erl
1495 2505 1579 2560 uitem
1604 2505 1712 2560 asinam
1725 2521 1815 2561 suom.

107 2583 192 2639 nitus
210 2599 303 2647 meos,
320 2583 415 2654 major
429 2583 459 2638 in
475 2583 587 2652 liberis,
605 2589 634 2640 ct
649 2584 785 2656 debebas,
802 2585 939 2655 juxtaor.

107 2671 212 2732 ¹dinem
227 2671 388 2728 nativitatis
405 2676 472 2738 tua,
488 2671 699 2739 hereditatem,
715 2689 779 2744 quse
794 2674 938 2747 primoge-

106 2760 182 2818 nitis
195 2761 261 2831 iure
286 2761 456 2834 debehatur,
483 2761 681 2818 sacerdotium
708 2762 838 2831 accipere
852 2767 881 2819 et
895 2779 938 2819 re·

106 2866 214 2924 gnum.
230 2853 290 2906 Hoc
305 2849 413 2922 quippe
427 2850 456 2905 in
472 2850 614 2923 portando
636 2850 744 2906 honore
758 2851 827 2922 [lepe
841 2853 939 2923 onere]

108 2943 139 2996 et
164 2936 318 3012 prevalido
353 2939 455 2994 robore
485 2940 714 2996 demonstrator,
738 2939 845 2996 Verum
870 2940 940 3014 quia

108 3027 249 3102 peccasti,
267 3031 295 3084 et
310 3027 393 3100 quasi
407 3043 484 3100 equa
506 3045 568 3100 quae
594 3027 723 3100 quolibet
748 3028 864 3086 vasculo
880 3047 938 3086 aon

109 3120 239 3188 tenmur,
277 3115 434 3190 voluptatis
470 3115 582 3174 effusus
619 3134 650 3173 es
679 3117 801 3190 impetu,
831 3119 938 3175 ideireo

108 3204 249 3284 praecipio
265 3205 329 3272 tibi,
356 3209 388 3261 at
412 3204 488 3262 ultra
513 3222 571 3262 noa
595 3223 706 3278 pecces,
722 3206 821 3280 sisque
835 3207 865 3264 in
881 3209 937 3264 lra-

107 3299 191 3352 lrum
207 3310 340 3362 numero,
357 3311 456 3368 paenas
480 3296 590 3367 peceati
613 3293 709 3362 luens,
731 3295 807 3368 quad
825 3297 937 3370 primn-

106 3383 202 3458 gsniti
217 3384 348 3440 ordinem
372 3383 536 3456 perdidisti.
564 3383 754 3456 [Principium
776 3389 873 3441 autern
886 3387 936 3442 do·

104 3473 180 3531 loris
195 3477 240 3530 ast
255 3472 352 3529 omnis
366 3472 590 3546 primogenitus,
607 3473 677 3546 quis
691 3489 742 3545 pro
757 3489 790 3528 eo
807 3490 937 3530 eommo-

104 3564 216 3620 ventur
223 3561 339 3618 uiscera
353 3566 508 3634 parentum
522 3563 555 3634 'd
572 3561 683 3618 Simeon
703 3565 730 3617 et
744 3563 808 3618 teci
823 3565 935 3634 fratres,

991 2590 1073 2657 ‚Quod
1105 2590 1237 2648 videlicet
1263 2590 1376 2664 pullum
1405 2591 1494 2648 asinas
1523 2591 1611 2664 (loun.
1631 2610 1681 2662 xrr,
1698 2591 1817 2660 titoni

993 2680 1817 2755 supersedit-lesos,hoeestgentiliumpopulum,vines

993 2769 1206 2841 apostolorum,
1233 2770 1283 2841 qui
1303 2788 1335 2828 ex
1355 2770 1465 2828 Judais
1481 2775 1560 2842 errat,
1574 2770 1772 2844 copulaverit:
1789 2775 1819 2828 et

993 2858 1029 2914 ad
1045 2856 1144 2922 vitam.
1168 2858 1239 2920 sive.
1266 2861 1297 2914 ut
1321 2859 1350 2914 in
1370 2860 1488 2916 Hehrao
1503 2859 1638 2932 hahetur,
1654 2859 1771 2927 Sorech,
1787 2859 1815 2916 id

992 2949 1047 3016 est,
1062 2947 1175 3003 electam
1198 2950 1291 3014 vitan,
1315 2947 1476 3022 alligaverit
1499 2950 1625 3016 asinam,
1650 2947 1696 3005 eui
1711 2965 1816 3022 soper-

993 3036 1069 3092 sedit
1085 3035 1208 3094 molosia
1226 3053 1261 3092 ex
1273 3036 1442 3096 nationibus
1462 3041 1648 3112 congregata.
1667 3037 1749 3102 Quod
1765 3055 1816 3095 au·

991 3127 1051 3182 lem
1067 3125 1147 3194 dicit,
1163 3127 1220 3181 aila·
1242 3127 1291 3194 mi,
1314 3127 1534 3186 conversionem
1557 3129 1592 3183 sd
1617 3125 1766 3190 Christum
1781 3126 1818 3184 de

992 3213 1055 3286 ipso
1082 3213 1159 3272 Juda
1187 3215 1290 3286 iaeitl,
1320 3233 1353 3274 eo
1380 3219 1455 3288 quod
1472 3215 1604 3274 Christus
1627 3216 1666 3274 sit
1681 3217 1818 3276 univorsa

991 3301 1133 3360 lactarus.
1165 3303 1255 3372 [Quod
1293 3309 1390 3364 aulem
1428 3305 1546 3374 dicitur,
1584 3307 1641 3363 Non
1677 3307 1821 3377 caperetur

990 3395 1125 3464 sceptrum
1139 3393 1174 3449 dc
1187 3393 1272 3463 iada,
1287 3401 1313 3450 et
1327 3395 1385 3450 darc
1412 3395 1447 3451 de
1474 3395 1623 3462 semoribus
1648 3394 1717 3466 ejus,
1737 3393 1820 3452 aaa

991 3482 1086 3535 veniat
1100 3481 1149 3536 ille
1163 3484 1212 3554 qai
1225 3483 1372 3540 mittendas
1397 3491 1455 3552 est;
1487 3493 1512 3542 et
1541 3486 1599 3555 ipse
1622 3483 1676 3540 erit
1689 3486 1818 3555 expecta·

992 3568 1168 3637 liopenliam
1195 3574 1273 3636 (dea.
1299 3589 1373 3640 κιαι,
1403 3573 1458 3642 10),
1489 3572 1636 3644 significat
1663 3571 1743 3643 quod
1759 3587 1818 3628 non

106 3666 177 3708 aoso
195 3651 351 3723 iniquitatis
375 3649 530 3708 'bellonam
555 3652 585 3706 ia
605 3652 752 3707 concilium
773 3667 867 3708 eoram
881 3669 937 3709 noa
990 3655 1149 3712 deficerent
1159 3658 1307 3730 principes
1318 3659 1353 3714 ds
1364 3659 1529 3716 tributuda
1540 3657 1817 3732 usqueadtempus,

33 3757 38 3772 ⁸
107 3742 203 3797 omiot
214 3741 311 3797 anima
323 3757 394 3811 raca,
408 3745 436 3796 et
459 3740 573 3796 inccta
588 3741 702 3796 illorum
727 3756 781 3796 non
796 3741 832 3796 sit
846 3742 935 3814 pluria
950 3729 973 3797 C
992 3760 1050 3816 quo
1062 3749 1150 3800 natus
1161 3746 1359 3815 michaelus,
1371 3747 1544 3820 quimissus
1554 3765 1571 3804 a
1581 3751 1819 3817 Patreexspeata·

107 3844 194 3886 mea:
224 3831 290 3904 puio
317 3829 347 3884 ia
373 3830 468 3901 surore
492 3846 543 3886 suo
570 3827 725 3886 occiderant
750 3831 851 3898 airum,
867 3834 893 3886 et
906 3832 938 3886 in
992 3831 1033 3888 tio
1047 3836 1093 3887 est
1107 3832 1240 3904 gentium
1256 3835 1289 3905 ‘·l
1299 3835 1422 3892 Zabulon
1433 3837 1464 3892 ia
1475 3836 1663 3894 littoremaris
1672 3834 1817 3903 dubitabit,

108 3920 251 3978 voluntate
265 3935 316 3975 sao
343 3917 516 3992 suffoderant
542 3935 662 3974 maram.
687 3919 845 3975 Maledictus
858 3922 938 3991 saror
991 3925 1018 3976 et
1033 3923 1061 3976 ia
1077 3923 1191 3978 statione
1206 3923 1329 3990 naniam,
1352 3925 1512 3996 pertinaces
1527 3941 1616 3999 -uspae
1630 3924 1665 3980 ad
1678 3923 1818 3981 serlonem.

107 4024 217 4080 eorum,
248 4009 314 4078 qaia
339 4009 489 4079 pertinax:
518 4015 543 4063 et
569 4007 726 4077 indicantia
749 4023 851 4076 eamr-m,
872 4011 937 4081 qaia
992 4009 1103 4065 isachar
1117 4011 1213 4066 asinas
1231 4012 1320 4084 sortis,
1347 4012 1481 4068 necabam
1505 4015 1579 4070 inter
1593 4015 1732 4081 terminos,
1747 4012 1818 4070 vidit

104 4097 327 4166 durmllr'aidam
353 4111 397 4152 eos
428 4098 458 4152 ia
484 4096 575 4164 Jacob,
599 4099 626 4151 et
653 4095 809 4168 dispeream
829 4097 892 4154 illos
906 4099 936 4152 in
993 4100 1116 4171 requiem
1143 4099 1213 4171 quod
1241 4109 1307 4156 esset
1335 4102 1415 4172 bono,
1444 4109 1469 4160 et
1489 4111 1592 4159 terram
1611 4102 1682 4174 quod
1696 4103 1818 4175 optimo:

103 4183 284 4256 lsraellllea.
315 4201 392 4253 sarx,
420 4185 459 4256 5).
493 4184 644 4258 signifieat
672 4191 771 4240 autam
802 4202 860 4241 non
889 4186 936 4242 sui
990 4189 1331 4260 ctsnpposaitbamerum
1355 4207 1435 4246 saum
1461 4192 1497 4248 od
1524 4191 1817 4263 portandumsnctas-
1914 4230 1916 4234 -

103 4273 226 4332 consilii
254 4273 355 4343 luisse,
385 4274 462 4346 quod
492 4273 607 4329 sichem
636 4273 936 4332 etllmorl'oedsratos
990 4292 1041 4348 pue
1069 4279 1107 4332 est
1136 4277 1251 4334 tributis
1277 4281 1396 4335 sentiens
1424 4279 1500 4346 (Gerr.
1521 4297 1597 4346 xnrx,
1626 4279 1729 4350 1345).
1746 4279 1819 4346 Quia

101 4364 187 4421 viros
202 4362 420 4430 interfecerunt,
437 4365 466 4418 et
481 4367 583 4418 contra
607 4361 650 4418 lus
674 4363 704 4418 in
725 4363 805 4434 pacis
818 4369 847 4419 et
862 4365 935 4419 ami·
989 4382 1080 4438 supra
1096 4365 1223 4422 Zabulon
1246 4366 1368 4436 dixerat,
1388 4369 1466 4440 quod
1491 4369 1582 4426 maris
1607 4368 1705 4441 llagni
1718 4367 1818 4424 littora

101 4451 246 4512 citiarum
259 4451 575 4525 temporesanguinem
586 4450 931 4522 luderuntinnocentem‚
990 4458 1066 4510 esset
1095 4472 1297 4528 possessurus,
1325 4457 1462 4514 sidonem
1491 4474 1608 4531 quoque
1643 4457 1816 4530 etreliquss

102 4539 237 4614 etquasi
263 4541 395 4614 ¹quodam
426 4541 532 4608 lurore,
564 4539 605 4595 sie
635 4539 805 4596 erudelitate
816 4543 933 4614 raptati,
988 4542 1452 4618 Phoenicesurbescoatingerct,
1478 4563 1557 4604 nune
1581 4546 1617 4603 ad
1645 4545 1816 4603 mediterra-

103 4628 347 4702 muroshospitm
378 4629 459 4684 urbis
489 4631 656 4684 everterunt
684 4628 760 4700 (Gen.
788 4633 934 4698 xxxiv,23
988 4647 1057 4688 nam
1087 4633 1266 4704 provinciam
1308 4634 1393 4700 redit,
1431 4638 1460 4690 et
1490 4634 1616 4704 lsachar‚
1659 4633 1709 4708 qui
1735 4635 1820 4706 juxta

99 4717 191 4792 sepa).
210 4717 290 4774 Unde
318 4717 408 4774 dicit:
439 4717 597 4773 Maledictus
624 4718 704 4788 saror
731 4735 836 4790 eorum,
866 4722 934 4792 quio
987 4719 1175 4792 Nephlhnlim
1204 4721 1430 4794 pulcherrimam
1461 4723 1491 4778 in
1519 4722 1639 4780 Galilaea
1668 4722 1818 4796 regionem

95 4791 293 4884 pertineam
322 4805 444 4878 reliqua.
475 4811 508 4862 lat
534 4805 690 4878 disperpom
718 4809 932 4866 illosialsrael.
988 4810 1816 4882 possessarusest‚benedictionesunbahilatoremlacit.

101 4895 176 4953 Iasi
191 4894 268 4952 enim
286 4894 484 4952 hereditatem
501 4895 648 4967 propriam
671 4912 727 4950 non
743 4896 865 4969 aceepit,
882 4897 932 4953 sed
986 4898 1112 4954 Asinum
1127 4903 1224 4954 autom
1242 4915 1358 4956 osseum
1375 4900 1418 4956 vel
1435 4903 1538 4958 fortem
1554 4905 1646 4972 vocat,
1671 4903 1700 4956 et
1715 4900 1817 4956 hume·

98 4985 136 5042 in
152 4984 292 5041 omnibus
307 4985 432 5056 sceptris
444 5000 551 5056 paucas
563 4985 649 5040 urbes
661 4983 696 5038 ad
708 4983 932 5043 inhabitandum
988 5003 1053 5043 rum
1070 4986 1140 5042 dicit
1155 4990 1348 5059 supposuisse
1364 4991 1400 5045 ad
1425 4989 1622 5062 portandum
1643 4987 1714 5061 quis
1727 4987 1757 5044 ia
1771 4987 1815 5044 la·

98 5071 223 5132 habuit.
239 5077 277 5129 De
292 5072 428 5130 Sirneons
443 5089 509 5129 uero
524 5070 554 5128 ia
570 5071 723 5128 libralesu
735 5073 877 5146 scriptura
889 5079 935 5132 est
951 5099 972 5163 ὓ
987 5075 1057 5132 hora
1079 5081 1160 5132 terrra
1182 5081 1211 5132 et
1235 5077 1375 5134 vehendis
1399 5079 1434 5133 ad
1458 5095 1549 5146 mare,
1571 5094 1634 5150 ques
1661 5077 1690 5136 in
1705 5075 1816 5134 linibus

100 5163 270 5236 (Joaaexrx,
290 5160 934 5234 l‚2)‚quodetipsepropriunrtuniculam
990 5165 1053 5222 suis
1081 5165 1286 5234 nascebantur,
1318 5165 1479 5238 plurimum
1514 5166 1670 5234 laboraret,
1697 5158 1816 5239 regibus

103 5268 167 5308 non
181 5251 334 5325 acceperit,
352 5252 402 5307 sed
418 5251 453 5307 do
471 5250 548 5312 trihu
562 5250 639 5305 tuda
659 5249 801 5322 quiddam
816 5269 934 5326 accepe-
990 5269 1107 5326 quoque
1136 5254 1246 5309 tribula
1278 5259 1475 5328 comportans.
1511 5255 1600 5310 Aiurrt
1626 5253 1737 5310 Hebraei
1765 5268 1817 5326 per

101 5339 262 5409 ritzraca,
293 5349 318 5396 te
347 5339 500 5396 laudabant
527 5339 630 5408 [ratres
654 5341 935 5409 trecasinensem
990 5343 1191 5416 metaphoram
1221 5341 1390 5416 significari,
1416 5344 1493 5417 qrrod
1518 5345 1815 5418 Scripturassanetas

144 5535 211 5591 ’Ἐκ
225 5534 410 5620 Hieronymo,
426 5535 475 5591 lih.
498 5537 602 5604 Quaast.
619 5536 649 5589 ia
665 5533 756 5618 Gener.
831 5611 836 5622 .

141 5609 155 5645 ¹
172 5607 235 5663 Haeo
249 5607 364 5666 uncinis
379 5608 493 5666 inclusa
509 5623 568 5664 non
585 5610 654 5662 suat
670 5605 848 5682 Hieronymi.

141 5677 287 5739 ⁸Hieron.
316 5684 345 5739 et
372 5696 427 5740 ms.
458 5679 573 5740 Cerbei.
599 5679 781 5754 apostrophen
794 5681 828 5740 od
841 5685 934 5758 ipsum

988 5537 1086 5596 traam
1100 5539 1177 5609 facit.

1024 5611 1035 5644 ⁴
1050 5613 1112 5666 Noa
1129 5613 1200 5666 sunt
1213 5607 1273 5666 hac
1287 5609 1464 5683 Hieronymi.
