<?xml version="1.0" encoding="UTF-8"?>
<!DOCTYPE html PUBLIC "-//W3C//DTD XHTML 1.0 Transitional//EN"
    "http://www.w3.org/TR/xhtml1/DTD/xhtml1-transitional.dtd">
<html xmlns="http://www.w3.org/1999/xhtml" xml:lang="en" lang="en">
 <head>
  <title>
</title>
<meta http-equiv="Content-Type" content="text/html;charset=utf-8" />
  <meta name='ocr-system' content='tesseract 3.04.00' />
  <meta name='ocr-capabilities' content='ocr_page ocr_carea ocr_par ocr_line ocrx_word'/>
</head>
<body>
  <div class='ocr_page' id='page_1' title='image "./patrologiaecurs01goog/patrologiaecurs01goog_0033.png"; bbox 0 0 4056 6156; ppageno 0'>
   <div class='ocr_carea' id='block_1_1' title="bbox 123 233 1886 338">
    <p class='ocr_par' dir='ltr' id='par_1_1' title="bbox 123 233 1886 338">
     <span class='ocr_line' id='line_1_1' title="bbox 123 233 1886 338; baseline 0.001 -33"><span class='ocrx_word' id='word_1_1' title='bbox 123 329 128 338; x_wconf 13' lang='grc' dir='ltr'>ὁ</span> <span class='ocrx_word' id='word_1_2' title='bbox 187 233 226 306; x_wconf 86' lang='grc' dir='ltr'><strong>ιι</strong></span> <span class='ocrx_word' id='word_1_3' title='bbox 815 245 849 312; x_wconf 89' lang='lat' dir='ltr'><strong>s.</strong></span> <span class='ocrx_word' id='word_1_4' title='bbox 871 241 1027 313; x_wconf 87' lang='lat' dir='ltr'><strong>ucsnen</strong></span> <span class='ocrx_word' id='word_1_5' title='bbox 1048 239 1271 312; x_wconf 79' lang='lat' dir='ltr'><strong>eunomus</strong></span> <span class='ocrx_word' id='word_1_6' title='bbox 1849 233 1886 306; x_wconf 83' lang='lat' dir='ltr'><strong>os</strong></span> 
     </span>
    </p>
   </div>
   <div class='ocr_carea' id='block_1_2' title="bbox 154 374 1900 4272">
    <p class='ocr_par' dir='ltr' id='par_1_2' title="bbox 154 374 1900 4272">
     <span class='ocr_line' id='line_1_2' title="bbox 226 374 1885 455; baseline 0.001 -21"><span class='ocrx_word' id='word_1_7' title='bbox 226 377 270 436; x_wconf 81' lang='lat' dir='ltr'><strong>le.</strong></span> <span class='ocrx_word' id='word_1_8' title='bbox 292 379 437 452; x_wconf 79' lang='lat' dir='ltr'><strong>liemarum</strong></span> <span class='ocrx_word' id='word_1_9' title='bbox 455 379 580 438; x_wconf 85' lang='lat' dir='ltr'><strong>terminis</strong></span> <span class='ocrx_word' id='word_1_10' title='bbox 603 396 680 438; x_wconf 85' lang='lat' dir='ltr'><strong>mere</strong></span> <span class='ocrx_word' id='word_1_11' title='bbox 700 383 855 455; x_wconf 76' lang='lat' dir='ltr'><em>compescit.</em></span> <span class='ocrx_word' id='word_1_12' title='bbox 882 381 922 439; x_wconf 85' lang='lat' dir='ltr'><strong>lta</strong></span> <span class='ocrx_word' id='word_1_13' title='bbox 935 385 1009 438; x_wconf 91' lang='lat' dir='ltr'><strong>tem-</strong></span> <span class='ocrx_word' id='word_1_14' title='bbox 1025 381 1154 448; x_wconf 74' lang='lat' dir='ltr'><strong>Abatur</strong></span> <span class='ocrx_word' id='word_1_15' title='bbox 1167 380 1225 450; x_wconf 88' lang='lat' dir='ltr'><strong>his,</strong></span> <span class='ocrx_word' id='word_1_16' title='bbox 1241 381 1270 438; x_wconf 88' lang='lat' dir='ltr'><strong>et</strong></span> <span class='ocrx_word' id='word_1_17' title='bbox 1284 377 1478 440; x_wconf 88' lang='lat' dir='ltr'><strong>nihilominus</strong></span> <span class='ocrx_word' id='word_1_18' title='bbox 1493 376 1703 455; x_wconf 74' lang='lat' dir='ltr'><strong>spumantibus</strong></span> <span class='ocrx_word' id='word_1_19' title='bbox 1716 374 1821 436; x_wconf 87' lang='lat' dir='ltr'><strong>rostris</strong></span> <span class='ocrx_word' id='word_1_20' title='bbox 1835 375 1885 435; x_wconf 91' lang='lat' dir='ltr'><strong>he·</strong></span> 
     </span>
     <span class='ocr_line' id='line_1_3' title="bbox 192 468 1885 544; baseline -0.002 -18"><span class='ocrx_word' id='word_1_21' title='bbox 192 469 334 541; x_wconf 62' lang='lat' dir='ltr'><strong>pesistat</strong></span> <span class='ocrx_word' id='word_1_22' title='bbox 349 473 432 526; x_wconf 78' lang='lat' dir='ltr'><strong>terrm</strong></span> <span class='ocrx_word' id='word_1_23' title='bbox 448 473 529 526; x_wconf 93' lang='lat' dir='ltr'><strong>motu</strong></span> <span class='ocrx_word' id='word_1_24' title='bbox 544 470 635 527; x_wconf 90' lang='lat' dir='ltr'><strong>totius</strong></span> <span class='ocrx_word' id='word_1_25' title='bbox 647 471 737 538; x_wconf 90' lang='lat' dir='ltr'><strong>orbis,</strong></span> <span class='ocrx_word' id='word_1_26' title='bbox 753 471 804 544; x_wconf 91' lang='lat' dir='ltr'><strong>qui</strong></span> <span class='ocrx_word' id='word_1_27' title='bbox 823 475 890 544; x_wconf 89' lang='lat' dir='ltr'><strong>post</strong></span> <span class='ocrx_word' id='word_1_28' title='bbox 903 469 1014 528; x_wconf 79' lang='lat' dir='ltr'><strong>iuliani</strong></span> <span class='ocrx_word' id='word_1_29' title='bbox 1068 469 1150 526; x_wconf 88' lang='lat' dir='ltr'><strong>stiles</strong></span> <span class='ocrx_word' id='word_1_30' title='bbox 1160 470 1265 527; x_wconf 85' lang='lat' dir='ltr'><strong>carinas</strong></span> <span class='ocrx_word' id='word_1_31' title='bbox 1277 471 1330 542; x_wconf 80' lang='lat' dir='ltr'><strong>[et.</strong></span> <span class='ocrx_word' id='word_1_32' title='bbox 1341 471 1444 543; x_wconf 79' lang='lat' dir='ltr'><strong>turbas]</strong></span> <span class='ocrx_word' id='word_1_33' title='bbox 1459 468 1665 539; x_wconf 89' lang='lat' dir='ltr'><strong>imminebant,</strong></span> <span class='ocrx_word' id='word_1_34' title='bbox 1671 468 1756 540; x_wconf 84' lang='lat' dir='ltr'><strong>jactu</strong></span> <span class='ocrx_word' id='word_1_35' title='bbox 1770 469 1885 524; x_wconf 88' lang='lat' dir='ltr'><strong>tautum</strong></span> 
     </span>
     <span class='ocr_line' id='line_1_4' title="bbox 191 556 1885 634; baseline 0.001 -22"><span class='ocrx_word' id='word_1_36' title='bbox 191 560 314 613; x_wconf 89' lang='lat' dir='ltr'><strong>mertem</strong></span> <span class='ocrx_word' id='word_1_37' title='bbox 326 557 441 625; x_wconf 90' lang='lat' dir='ltr'><strong>accidit,</strong></span> <span class='ocrx_word' id='word_1_38' title='bbox 459 558 552 616; x_wconf 88' lang='lat' dir='ltr'><strong>maria</strong></span> <span class='ocrx_word' id='word_1_39' title='bbox 565 565 761 634; x_wconf 85' lang='lat' dir='ltr'><strong>egressasunt</strong></span> <span class='ocrx_word' id='word_1_40' title='bbox 775 561 917 617; x_wconf 88' lang='lat' dir='ltr'><strong>terminos</strong></span> <span class='ocrx_word' id='word_1_41' title='bbox 932 577 1012 628; x_wconf 90' lang='lat' dir='ltr'><strong>suos,</strong></span> <span class='ocrx_word' id='word_1_42' title='bbox 1069 557 1175 632; x_wconf 87' lang='lat' dir='ltr'><strong>lapidis</strong></span> <span class='ocrx_word' id='word_1_43' title='bbox 1189 559 1294 615; x_wconf 87' lang='lat' dir='ltr'><strong>medio.</strong></span> <span class='ocrx_word' id='word_1_44' title='bbox 1310 560 1398 626; x_wconf 81' lang='lat' dir='ltr'><strong>Stetit</strong></span> <span class='ocrx_word' id='word_1_45' title='bbox 1411 577 1479 634; x_wconf 88' lang='lat' dir='ltr'><strong>ergo</strong></span> <span class='ocrx_word' id='word_1_46' title='bbox 1494 559 1524 616; x_wconf 91' lang='lat' dir='ltr'><strong>in</strong></span> <span class='ocrx_word' id='word_1_47' title='bbox 1539 574 1626 632; x_wconf 89' lang='lat' dir='ltr'><strong>prora</strong></span> <span class='ocrx_word' id='word_1_48' title='bbox 1645 557 1699 631; x_wconf 78' lang='lat' dir='ltr'><strong>[et.</strong></span> <span class='ocrx_word' id='word_1_49' title='bbox 1716 556 1778 628; x_wconf 76' lang='lat' dir='ltr'><strong>ora]</strong></span> <span class='ocrx_word' id='word_1_50' title='bbox 1794 556 1885 626; x_wconf 89' lang='lat' dir='ltr'><strong>navis,</strong></span> 
     </span>
     <span class='ocr_line' id='line_1_5' title="bbox 192 646 1884 720; baseline 0.001 -19"><span class='ocrx_word' id='word_1_51' title='bbox 192 647 313 716; x_wconf 88' lang='lat' dir='ltr'><strong>etquusi</strong></span> <span class='ocrx_word' id='word_1_52' title='bbox 330 664 447 703; x_wconf 89' lang='lat' dir='ltr'><strong>rursum</strong></span> <span class='ocrx_word' id='word_1_53' title='bbox 462 648 540 705; x_wconf 87' lang='lat' dir='ltr'><strong>Deus</strong></span> <span class='ocrx_word' id='word_1_54' title='bbox 560 649 703 706; x_wconf 89' lang='lat' dir='ltr'><strong>diluvium</strong></span> <span class='ocrx_word' id='word_1_55' title='bbox 728 650 900 718; x_wconf 90' lang='lat' dir='ltr'><strong>minaretur,</strong></span> <span class='ocrx_word' id='word_1_56' title='bbox 924 649 1013 705; x_wconf 90' lang='lat' dir='ltr'><strong>velin</strong></span> <span class='ocrx_word' id='word_1_57' title='bbox 1069 652 1098 705; x_wconf 91' lang='lat' dir='ltr'><strong>st</strong></span> <span class='ocrx_word' id='word_1_58' title='bbox 1125 651 1259 720; x_wconf 87' lang='lat' dir='ltr'><strong>porrecta</strong></span> <span class='ocrx_word' id='word_1_59' title='bbox 1283 649 1554 705; x_wconf 87' lang='lat' dir='ltr'><strong>contravenientes</strong></span> <span class='ocrx_word' id='word_1_60' title='bbox 1580 662 1692 704; x_wconf 90' lang='lat' dir='ltr'><strong>manu:</strong></span> <span class='ocrx_word' id='word_1_61' title='bbox 1722 646 1884 718; x_wconf 88' lang='lat' dir='ltr'><strong>hucusque,</strong></span> 
     </span>
     <span class='ocr_line' id='line_1_6' title="bbox 170 733 1887 812; baseline 0 -22"><span class='ocrx_word' id='word_1_62' title='bbox 170 765 176 772; x_wconf 95' lang='lat'>-</span> <span class='ocrx_word' id='word_1_63' title='bbox 191 734 345 807; x_wconf 90' lang='lat' dir='ltr'><strong>antiquum</strong></span> <span class='ocrx_word' id='word_1_64' title='bbox 361 736 449 792; x_wconf 87' lang='lat' dir='ltr'><strong>chaos</strong></span> <span class='ocrx_word' id='word_1_65' title='bbox 461 738 589 794; x_wconf 88' lang='lat' dir='ltr'><strong>redirent</strong></span> <span class='ocrx_word' id='word_1_66' title='bbox 598 739 708 806; x_wconf 89' lang='lat' dir='ltr'><strong>omnia,</strong></span> <span class='ocrx_word' id='word_1_67' title='bbox 720 755 807 795; x_wconf 88' lang='lat' dir='ltr'><strong>naves</strong></span> <span class='ocrx_word' id='word_1_68' title='bbox 818 739 854 795; x_wconf 92' lang='lat' dir='ltr'><strong>ad</strong></span> <span class='ocrx_word' id='word_1_69' title='bbox 868 740 1015 812; x_wconf 83' lang='lat' dir='ltr'><strong>praerupta</strong></span> <span class='ocrx_word' id='word_1_70' title='bbox 1069 737 1119 806; x_wconf 91' lang='lat' dir='ltr'><strong>ait,</strong></span> <span class='ocrx_word' id='word_1_71' title='bbox 1136 737 1251 794; x_wconf 88' lang='lat' dir='ltr'><strong>venisse</strong></span> <span class='ocrx_word' id='word_1_72' title='bbox 1274 737 1411 795; x_wconf 79' lang='lat' dir='ltr'><strong>sufficiat.</strong></span> <span class='ocrx_word' id='word_1_73' title='bbox 1435 739 1456 795; x_wconf 92' lang='lat'>0</span> <span class='ocrx_word' id='word_1_74' title='bbox 1475 737 1551 793; x_wconf 89' lang='lat' dir='ltr'><strong>mira</strong></span> <span class='ocrx_word' id='word_1_75' title='bbox 1565 752 1663 792; x_wconf 88' lang='lat' dir='ltr'><strong>rerum</strong></span> <span class='ocrx_word' id='word_1_76' title='bbox 1679 733 1772 790; x_wconf 88' lang='lat' dir='ltr'><strong>fidcsl</strong></span> <span class='ocrx_word' id='word_1_77' title='bbox 1789 733 1887 790; x_wconf 88' lang='lat' dir='ltr'><strong>statim</strong></span> 
     </span>
     <span class='ocr_line' id='line_1_7' title="bbox 190 821 1884 900; baseline -0.001 -20"><span class='ocrx_word' id='word_1_78' title='bbox 190 823 291 880; x_wconf 82' lang='lat' dir='ltr'><strong>delata</strong></span> <span class='ocrx_word' id='word_1_79' title='bbox 308 825 475 880; x_wconf 83' lang='lat' dir='ltr'><strong>montium²</strong></span> <span class='ocrx_word' id='word_1_80' title='bbox 501 828 711 900; x_wconf 88' lang='lat' dir='ltr'><strong>pependerunt.</strong></span> <span class='ocrx_word' id='word_1_81' title='bbox 736 829 816 894; x_wconf 83' lang='lat' dir='ltr'><strong>Quod</strong></span> <span class='ocrx_word' id='word_1_82' title='bbox 841 844 907 884; x_wconf 92' lang='lat' dir='ltr'><strong>cum</strong></span> <span class='ocrx_word' id='word_1_83' title='bbox 933 827 1015 888; x_wconf 84' lang='lat' dir='ltr'><strong>vide·</strong></span> <span class='ocrx_word' id='word_1_84' title='bbox 1068 825 1208 883; x_wconf 77' lang='lat' dir='ltr'><strong>resiluere</strong></span> <span class='ocrx_word' id='word_1_85' title='bbox 1224 824 1371 894; x_wconf 80' lang='lat' dir='ltr'><strong>navicula,</strong></span> <span class='ocrx_word' id='word_1_86' title='bbox 1387 830 1417 884; x_wconf 88' lang='lat' dir='ltr'><strong>et</strong></span> <span class='ocrx_word' id='word_1_87' title='bbox 1436 824 1773 899; x_wconf 89' lang='lat' dir='ltr'><strong>impellentibusceutra</strong></span> <span class='ocrx_word' id='word_1_88' title='bbox 1788 821 1884 890; x_wconf 89' lang='lat' dir='ltr'><strong>remis,</strong></span> 
     </span>
     <span class='ocr_line' id='line_1_8' title="bbox 190 911 1884 986; baseline -0.001 -18"><span class='ocrx_word' id='word_1_89' title='bbox 190 916 256 968; x_wconf 90' lang='lat' dir='ltr'><strong>rent</strong></span> <span class='ocrx_word' id='word_1_90' title='bbox 271 913 481 986; x_wconf 68' lang='lat' dir='ltr'><strong>epidauritani,</strong></span> <span class='ocrx_word' id='word_1_91' title='bbox 497 916 655 972; x_wconf 80' lang='lat' dir='ltr'><strong>frementes</strong></span> <span class='ocrx_word' id='word_1_92' title='bbox 670 915 781 973; x_wconf 88' lang='lat' dir='ltr'><strong>scilicet</strong></span> <span class='ocrx_word' id='word_1_93' title='bbox 796 915 903 972; x_wconf 83' lang='lat' dir='ltr'><strong>lluctus</strong></span> <span class='ocrx_word' id='word_1_94' title='bbox 918 925 943 972; x_wconf 86' lang='lat' dir='ltr'><strong>et</strong></span> <span class='ocrx_word' id='word_1_95' title='bbox 961 933 1014 972; x_wconf 95' lang='lat' dir='ltr'><strong>un·</strong></span> <span class='ocrx_word' id='word_1_96' title='bbox 1069 914 1104 970; x_wconf 92' lang='lat' dir='ltr'><strong>ad</strong></span> <span class='ocrx_word' id='word_1_97' title='bbox 1125 913 1248 986; x_wconf 86' lang='lat' dir='ltr'>puppim</span> <span class='ocrx_word' id='word_1_98' title='bbox 1267 915 1394 986; x_wconf 89' lang='lat' dir='ltr'><strong>impetus</strong></span> <span class='ocrx_word' id='word_1_99' title='bbox 1410 915 1494 970; x_wconf 91' lang='lat' dir='ltr'><strong>redit.</strong></span> <span class='ocrx_word' id='word_1_100' title='bbox 1517 911 1809 984; x_wconf 78' lang='lat' dir='ltr'><strong>Mirabanturpiratae</strong></span> <span class='ocrx_word' id='word_1_101' title='bbox 1821 915 1884 983; x_wconf 88' lang='lat' dir='ltr'><strong>post</strong></span> 
     </span>
     <span class='ocr_line' id='line_1_9' title="bbox 191 999 1885 1078; baseline -0.001 -22"><span class='ocrx_word' id='word_1_102' title='bbox 191 1001 295 1057; x_wconf 90' lang='lat' dir='ltr'><strong>darum</strong></span> <span class='ocrx_word' id='word_1_103' title='bbox 307 1001 409 1070; x_wconf 86' lang='lat' dir='ltr'><strong>moles,</strong></span> <span class='ocrx_word' id='word_1_104' title='bbox 421 1007 450 1060; x_wconf 86' lang='lat' dir='ltr'><strong>ct</strong></span> <span class='ocrx_word' id='word_1_105' title='bbox 461 1008 575 1060; x_wconf 89' lang='lat' dir='ltr'><strong>montes</strong></span> <span class='ocrx_word' id='word_1_106' title='bbox 585 1005 733 1078; x_wconf 77' lang='lat' dir='ltr'><strong>gurgitum</strong></span> <span class='ocrx_word' id='word_1_107' title='bbox 743 1004 890 1061; x_wconf 75' lang='lat' dir='ltr'><strong>littoribus</strong></span> <span class='ocrx_word' id='word_1_108' title='bbox 902 1003 1013 1072; x_wconf 89' lang='lat' dir='ltr'><strong>inlerrl,</strong></span> <span class='ocrx_word' id='word_1_109' title='bbox 1068 1005 1183 1077; x_wconf 85' lang='lat' dir='ltr'><strong>tergum</strong></span> <span class='ocrx_word' id='word_1_110' title='bbox 1198 1020 1230 1060; x_wconf 86' lang='lat' dir='ltr'><strong>se</strong></span> <span class='ocrx_word' id='word_1_111' title='bbox 1244 1003 1338 1061; x_wconf 87' lang='lat' dir='ltr'><strong>redire</strong></span> <span class='ocrx_word' id='word_1_112' title='bbox 1360 1002 1511 1060; x_wconf 85' lang='lat' dir='ltr'><strong>nolentes:</strong></span> <span class='ocrx_word' id='word_1_113' title='bbox 1531 1007 1650 1074; x_wconf 89' lang='lat' dir='ltr'><strong>totoque</strong></span> <span class='ocrx_word' id='word_1_114' title='bbox 1665 999 1794 1073; x_wconf 89' lang='lat' dir='ltr'><strong>corporis</strong></span> <span class='ocrx_word' id='word_1_115' title='bbox 1809 999 1885 1066; x_wconf 90' lang='lat' dir='ltr'><strong>uisu,</strong></span> 
     </span>
     <span class='ocr_line' id='line_1_10' title="bbox 190 1082 1884 1166; baseline -0.001 -19"><span class='ocrx_word' id='word_1_116' title='bbox 190 1097 332 1159; x_wconf 78' lang='lat' dir='ltr'><strong>verentes,</strong></span> <span class='ocrx_word' id='word_1_117' title='bbox 348 1093 426 1164; x_wconf 90' lang='lat' dir='ltr'><strong>quod</strong></span> <span class='ocrx_word' id='word_1_118' title='bbox 440 1094 504 1164; x_wconf 89' lang='lat' dir='ltr'><strong>jam</strong></span> <span class='ocrx_word' id='word_1_119' title='bbox 521 1093 652 1150; x_wconf 88' lang='lat' dir='ltr'><strong>evenisse</strong></span> <span class='ocrx_word' id='word_1_120' title='bbox 677 1094 844 1162; x_wconf 79' lang='lat' dir='ltr'><strong>cernebant,</strong></span> <span class='ocrx_word' id='word_1_121' title='bbox 870 1111 906 1150; x_wconf 91' lang='lat' dir='ltr'><strong>ne</strong></span> <span class='ocrx_word' id='word_1_122' title='bbox 931 1093 1014 1166; x_wconf 93' lang='lat' dir='ltr'><strong>oppi-</strong></span> <span class='ocrx_word' id='word_1_123' title='bbox 1069 1082 1102 1147; x_wconf 87' lang='lat' dir='ltr'><strong>ut</strong></span> <span class='ocrx_word' id='word_1_124' title='bbox 1116 1091 1153 1147; x_wconf 90' lang='lat' dir='ltr'><strong>ad</strong></span> <span class='ocrx_word' id='word_1_125' title='bbox 1173 1091 1323 1166; x_wconf 82' lang='lat' dir='ltr'><strong>navigium</strong></span> <span class='ocrx_word' id='word_1_126' title='bbox 1349 1092 1542 1165; x_wconf 89' lang='lat' dir='ltr'><strong>pervenirent,</strong></span> <span class='ocrx_word' id='word_1_127' title='bbox 1567 1089 1743 1158; x_wconf 75' lang='lat' dir='ltr'><strong>laborantes,</strong></span> <span class='ocrx_word' id='word_1_128' title='bbox 1759 1087 1884 1145; x_wconf 88' lang='lat' dir='ltr'><strong>velocius</strong></span> 
     </span>
     <span class='ocr_line' id='line_1_11' title="bbox 192 1179 1774 1255; baseline -0.002 -20"><span class='ocrx_word' id='word_1_129' title='bbox 192 1179 264 1235; x_wconf 89' lang='lat' dir='ltr'><strong>dum</strong></span> <span class='ocrx_word' id='word_1_130' title='bbox 275 1180 407 1236; x_wconf 86' lang='lat' dir='ltr'><strong>funditus</strong></span> <span class='ocrx_word' id='word_1_131' title='bbox 423 1181 643 1237; x_wconf 85' lang='lat' dir='ltr'><strong>subverteretur</strong></span> <span class='ocrx_word' id='word_1_132' title='bbox 666 1181 792 1255; x_wconf 83' lang='lat' dir='ltr'><strong>ingressi</strong></span> <span class='ocrx_word' id='word_1_133' title='bbox 807 1183 897 1238; x_wconf 71' lang='grc' dir='ltr'><strong>ιιιιιι8</strong></span> <span class='ocrx_word' id='word_1_134' title='bbox 916 1182 951 1238; x_wconf 88' lang='lat' dir='ltr'><strong>ad</strong></span> <span class='ocrx_word' id='word_1_135' title='bbox 969 1198 1014 1238; x_wconf 88' lang='lat' dir='ltr'><strong>se·</strong></span> <span class='ocrx_word' id='word_1_136' title='bbox 1070 1180 1162 1236; x_wconf 90' lang='lat' dir='ltr'><strong>multo</strong></span> <span class='ocrx_word' id='word_1_137' title='bbox 1178 1196 1266 1253; x_wconf 92' lang='lat' dir='ltr'><strong>quam</strong></span> <span class='ocrx_word' id='word_1_138' title='bbox 1283 1185 1431 1248; x_wconf 89' lang='lat' dir='ltr'><strong>venerant,</strong></span> <span class='ocrx_word' id='word_1_139' title='bbox 1448 1181 1484 1237; x_wconf 92' lang='lat' dir='ltr'><strong>ad</strong></span> <span class='ocrx_word' id='word_1_140' title='bbox 1499 1179 1582 1236; x_wconf 91' lang='lat' dir='ltr'><strong>littus</strong></span> <span class='ocrx_word' id='word_1_141' title='bbox 1596 1179 1774 1236; x_wconf 81' lang='lat' dir='ltr'><strong>serebantur.</strong></span> 
     </span>
     <span class='ocr_line' id='line_1_12' title="bbox 193 1265 1888 1344; baseline -0.001 -21"><span class='ocrx_word' id='word_1_142' title='bbox 193 1285 279 1324; x_wconf 78' lang='lat' dir='ltr'><strong>nean:</strong></span> <span class='ocrx_word' id='word_1_143' title='bbox 295 1271 324 1324; x_wconf 89' lang='lat' dir='ltr'><strong>et</strong></span> <span class='ocrx_word' id='word_1_144' title='bbox 338 1267 421 1340; x_wconf 89' lang='lat' dir='ltr'><strong>quasi</strong></span> <span class='ocrx_word' id='word_1_145' title='bbox 444 1269 480 1324; x_wconf 91' lang='lat' dir='ltr'><strong>ad</strong></span> <span class='ocrx_word' id='word_1_146' title='bbox 505 1269 639 1342; x_wconf 78' lang='lat' dir='ltr'><strong>praelium</strong></span> <span class='ocrx_word' id='word_1_147' title='bbox 664 1271 893 1343; x_wconf 83' lang='lat' dir='ltr'><strong>proficiscentes,</strong></span> <span class='ocrx_word' id='word_1_148' title='bbox 910 1287 1014 1344; x_wconf 89' lang='lat' dir='ltr'><strong>posue·</strong></span> <span class='ocrx_word' id='word_1_149' title='bbox 1104 1269 1148 1323; x_wconf 79' lang='lat'><strong>42.</strong></span> <span class='ocrx_word' id='word_1_150' title='bbox 1164 1269 1260 1326; x_wconf 81' lang='lat' dir='ltr'><strong>licitos</strong></span> <span class='ocrx_word' id='word_1_151' title='bbox 1273 1269 1306 1325; x_wconf 84' lang='lat' dir='ltr'><strong>ob</strong></span> <span class='ocrx_word' id='word_1_152' title='bbox 1321 1269 1473 1325; x_wconf 81' lang='lat' dir='ltr'><strong>immundis</strong></span> <span class='ocrx_word' id='word_1_153' title='bbox 1495 1269 1640 1342; x_wconf 79' lang='lat' dir='ltr'><strong>spiritibus</strong></span> <span class='ocrx_word' id='word_1_154' title='bbox 1653 1270 1743 1323; x_wconf 86' lang='lat' dir='ltr'><strong>cerat.</strong></span> <span class='ocrx_word' id='word_1_155' title='bbox 1760 1297 1794 1306; x_wconf 89' lang='lat'><em>—</em></span> <span class='ocrx_word' id='word_1_156' title='bbox 1813 1265 1888 1322; x_wconf 81' lang='lat' dir='ltr'><strong>Pra-</strong></span> 
     </span>
     <span class='ocr_line' id='line_1_13' title="bbox 192 1354 1886 1432; baseline 0 -20"><span class='ocrx_word' id='word_1_157' title='bbox 192 1361 261 1412; x_wconf 91' lang='lat' dir='ltr'><strong>runt</strong></span> <span class='ocrx_word' id='word_1_158' title='bbox 281 1373 348 1412; x_wconf 88' lang='lat' dir='ltr'><strong>cum</strong></span> <span class='ocrx_word' id='word_1_159' title='bbox 368 1356 397 1411; x_wconf 95' lang='lat' dir='ltr'><strong>in</strong></span> <span class='ocrx_word' id='word_1_160' title='bbox 426 1354 533 1414; x_wconf 86' lang='lat' dir='ltr'><strong>littere.</strong></span> <span class='ocrx_word' id='word_1_161' title='bbox 562 1359 616 1425; x_wconf 83' lang='lat' dir='ltr'><strong>Oui</strong></span> <span class='ocrx_word' id='word_1_162' title='bbox 645 1377 713 1416; x_wconf 89' lang='lat' dir='ltr'><strong>cum</strong></span> <span class='ocrx_word' id='word_1_163' title='bbox 737 1359 903 1416; x_wconf 89' lang='lat' dir='ltr'><strong>triacruois</strong></span> <span class='ocrx_word' id='word_1_164' title='bbox 930 1361 1014 1432; x_wconf 87' lang='lat' dir='ltr'><strong>signa</strong></span> <span class='ocrx_word' id='word_1_165' title='bbox 1069 1356 1198 1414; x_wconf 88' lang='lat' dir='ltr'><strong>termitto</strong></span> <span class='ocrx_word' id='word_1_166' title='bbox 1212 1361 1325 1424; x_wconf 79' lang='lat' dir='ltr'><strong>caetera,</strong></span> <span class='ocrx_word' id='word_1_167' title='bbox 1341 1375 1378 1414; x_wconf 89' lang='lat' dir='ltr'><strong>na</strong></span> <span class='ocrx_word' id='word_1_168' title='bbox 1391 1358 1490 1416; x_wconf 84' lang='lat' dir='ltr'><strong>videar</strong></span> <span class='ocrx_word' id='word_1_169' title='bbox 1513 1357 1543 1414; x_wconf 89' lang='lat' dir='ltr'><strong>in</strong></span> <span class='ocrx_word' id='word_1_170' title='bbox 1555 1356 1722 1413; x_wconf 88' lang='lat' dir='ltr'><strong>narratione</strong></span> <span class='ocrx_word' id='word_1_171' title='bbox 1737 1355 1886 1428; x_wconf 78' lang='lat' dir='ltr'><strong>signorum</strong></span> 
     </span>
     <span class='ocr_line' id='line_1_14' title="bbox 191 1444 1889 1521; baseline -0.001 -21"><span class='ocrx_word' id='word_1_172' title='bbox 191 1445 335 1516; x_wconf 81' lang='lat' dir='ltr'><strong>pinxisset</strong></span> <span class='ocrx_word' id='word_1_173' title='bbox 363 1445 393 1501; x_wconf 93' lang='lat' dir='ltr'><strong>in</strong></span> <span class='ocrx_word' id='word_1_174' title='bbox 415 1446 529 1513; x_wconf 86' lang='lat' dir='ltr'><strong>sabulo,</strong></span> <span class='ocrx_word' id='word_1_175' title='bbox 559 1465 722 1521; x_wconf 88' lang='lat' dir='ltr'><strong>manusque</strong></span> <span class='ocrx_word' id='word_1_176' title='bbox 747 1454 850 1506; x_wconf 88' lang='lat' dir='ltr'><strong>contra</strong></span> <span class='ocrx_word' id='word_1_177' title='bbox 871 1449 1013 1515; x_wconf 87' lang='lat' dir='ltr'><strong>tenderet,</strong></span> <span class='ocrx_word' id='word_1_178' title='bbox 1068 1445 1203 1503; x_wconf 88' lang='lat' dir='ltr'><strong>volumen</strong></span> <span class='ocrx_word' id='word_1_179' title='bbox 1217 1445 1380 1504; x_wconf 86' lang='lat' dir='ltr'><strong>extendere.</strong></span> <span class='ocrx_word' id='word_1_180' title='bbox 1406 1447 1465 1503; x_wconf 88' lang='lat' dir='ltr'><strong>Hoc</strong></span> <span class='ocrx_word' id='word_1_181' title='bbox 1488 1444 1584 1502; x_wconf 88' lang='lat' dir='ltr'><strong>solum</strong></span> <span class='ocrx_word' id='word_1_182' title='bbox 1607 1445 1714 1511; x_wconf 91' lang='lat' dir='ltr'><strong>dicam,</strong></span> <span class='ocrx_word' id='word_1_183' title='bbox 1730 1444 1807 1516; x_wconf 89' lang='lat' dir='ltr'><strong>quod</strong></span> <span class='ocrx_word' id='word_1_184' title='bbox 1823 1459 1889 1516; x_wconf 90' lang='lat' dir='ltr'><strong>pro·</strong></span> 
     </span>
     <span class='ocr_line' id='line_1_15' title="bbox 190 1531 1888 1609; baseline -0.001 -21"><span class='ocrx_word' id='word_1_185' title='bbox 190 1532 361 1590; x_wconf 81' lang='lat' dir='ltr'><strong>incredibile</strong></span> <span class='ocrx_word' id='word_1_186' title='bbox 376 1534 456 1591; x_wconf 91' lang='lat' dir='ltr'><strong>dictu</strong></span> <span class='ocrx_word' id='word_1_187' title='bbox 471 1540 516 1592; x_wconf 85' lang='lat' dir='ltr'><strong>est</strong></span> <span class='ocrx_word' id='word_1_188' title='bbox 531 1534 559 1592; x_wconf 94' lang='lat' dir='ltr'><strong>in</strong></span> <span class='ocrx_word' id='word_1_189' title='bbox 575 1541 718 1609; x_wconf 89' lang='lat' dir='ltr'><strong>quautam</strong></span> <span class='ocrx_word' id='word_1_190' title='bbox 738 1538 923 1594; x_wconf 82' lang='lat' dir='ltr'><strong>altitudinem</strong></span> <span class='ocrx_word' id='word_1_191' title='bbox 935 1537 1014 1594; x_wconf 93' lang='lat' dir='ltr'><strong>intu·</strong></span> <span class='ocrx_word' id='word_1_192' title='bbox 1069 1550 1154 1606; x_wconf 89' lang='lat' dir='ltr'><strong>spere</strong></span> <span class='ocrx_word' id='word_1_193' title='bbox 1182 1550 1270 1591; x_wconf 90' lang='lat' dir='ltr'><strong>cursu</strong></span> <span class='ocrx_word' id='word_1_194' title='bbox 1296 1534 1372 1590; x_wconf 88' lang='lat' dir='ltr'><strong>iuter</strong></span> <span class='ocrx_word' id='word_1_195' title='bbox 1395 1534 1533 1608; x_wconf 81' lang='lat' dir='ltr'><strong>Cycladas</strong></span> <span class='ocrx_word' id='word_1_196' title='bbox 1557 1533 1710 1606; x_wconf 81' lang='lat' dir='ltr'><strong>navigans,</strong></span> <span class='ocrx_word' id='word_1_197' title='bbox 1726 1531 1796 1590; x_wconf 92' lang='lat' dir='ltr'><strong>hino</strong></span> <span class='ocrx_word' id='word_1_198' title='bbox 1823 1531 1888 1588; x_wconf 89' lang='lat' dir='ltr'><strong>inda</strong></span> 
     </span>
     <span class='ocr_line' id='line_1_16' title="bbox 191 1619 1889 1695; baseline -0.002 -16"><span class='ocrx_word' id='word_1_199' title='bbox 191 1639 325 1680; x_wconf 88' lang='lat' dir='ltr'><strong>mescens</strong></span> <span class='ocrx_word' id='word_1_200' title='bbox 340 1639 420 1679; x_wconf 89' lang='lat' dir='ltr'><strong>mare</strong></span> <span class='ocrx_word' id='word_1_201' title='bbox 438 1628 504 1680; x_wconf 88' lang='lat' dir='ltr'><strong>ante</strong></span> <span class='ocrx_word' id='word_1_202' title='bbox 520 1639 588 1681; x_wconf 88' lang='lat' dir='ltr'><strong>eum</strong></span> <span class='ocrx_word' id='word_1_203' title='bbox 604 1627 734 1684; x_wconf 88' lang='lat' dir='ltr'><strong>steterit:</strong></span> <span class='ocrx_word' id='word_1_204' title='bbox 760 1643 793 1682; x_wconf 90' lang='lat' dir='ltr'><strong>ac</strong></span> <span class='ocrx_word' id='word_1_205' title='bbox 809 1625 859 1684; x_wconf 91' lang='lat' dir='ltr'><strong>diu</strong></span> <span class='ocrx_word' id='word_1_206' title='bbox 876 1627 1013 1695; x_wconf 80' lang='lat' dir='ltr'><strong>fremens,</strong></span> <span class='ocrx_word' id='word_1_207' title='bbox 1069 1622 1261 1680; x_wconf 89' lang='lat' dir='ltr'><strong>clamantium</strong></span> <span class='ocrx_word' id='word_1_208' title='bbox 1275 1624 1311 1680; x_wconf 90' lang='lat' dir='ltr'><strong>de</strong></span> <span class='ocrx_word' id='word_1_209' title='bbox 1326 1623 1449 1679; x_wconf 83' lang='lat' dir='ltr'><strong>urbibus</strong></span> <span class='ocrx_word' id='word_1_210' title='bbox 1463 1627 1493 1680; x_wconf 87' lang='lat' dir='ltr'><strong>et</strong></span> <span class='ocrx_word' id='word_1_211' title='bbox 1506 1621 1588 1688; x_wconf 89' lang='lat' dir='ltr'><strong>vicis,</strong></span> <span class='ocrx_word' id='word_1_212' title='bbox 1605 1627 1633 1678; x_wconf 89' lang='lat' dir='ltr'><strong>et</strong></span> <span class='ocrx_word' id='word_1_213' title='bbox 1648 1621 1684 1677; x_wconf 90' lang='lat' dir='ltr'><strong>ad</strong></span> <span class='ocrx_word' id='word_1_214' title='bbox 1707 1619 1806 1677; x_wconf 90' lang='lat' dir='ltr'><strong>littora</strong></span> <span class='ocrx_word' id='word_1_215' title='bbox 1821 1636 1889 1677; x_wconf 89' lang='lat' dir='ltr'><strong>con·</strong></span> 
     </span>
     <span class='ocr_line' id='line_1_17' title="bbox 192 1709 1890 1788; baseline 0 -21"><span class='ocrx_word' id='word_1_216' title='bbox 192 1714 222 1768; x_wconf 87' lang='lat' dir='ltr'><strong>et</strong></span> <span class='ocrx_word' id='word_1_217' title='bbox 236 1710 320 1783; x_wconf 91' lang='lat' dir='ltr'><strong>quasi</strong></span> <span class='ocrx_word' id='word_1_218' title='bbox 345 1711 381 1766; x_wconf 90' lang='lat' dir='ltr'><strong>ad</strong></span> <span class='ocrx_word' id='word_1_219' title='bbox 395 1711 508 1769; x_wconf 89' lang='lat' dir='ltr'><strong>obicem</strong></span> <span class='ocrx_word' id='word_1_220' title='bbox 522 1712 692 1787; x_wconf 88' lang='lat' dir='ltr'><strong>indignans,</strong></span> <span class='ocrx_word' id='word_1_221' title='bbox 709 1715 852 1788; x_wconf 90' lang='lat' dir='ltr'><strong>paulatim</strong></span> <span class='ocrx_word' id='word_1_222' title='bbox 865 1714 895 1771; x_wconf 92' lang='lat' dir='ltr'><strong>in</strong></span> <span class='ocrx_word' id='word_1_223' title='bbox 911 1719 1014 1772; x_wconf 87' lang='lat' dir='ltr'><strong>semet·</strong></span> <span class='ocrx_word' id='word_1_224' title='bbox 1070 1713 1261 1782; x_wconf 89' lang='lat' dir='ltr'><strong>currentium,</strong></span> <span class='ocrx_word' id='word_1_225' title='bbox 1273 1713 1495 1769; x_wconf 89' lang='lat' dir='ltr'><strong>immundorum</strong></span> <span class='ocrx_word' id='word_1_226' title='bbox 1516 1710 1675 1784; x_wconf 87' lang='lat' dir='ltr'><strong>spirituum</strong></span> <span class='ocrx_word' id='word_1_227' title='bbox 1689 1725 1775 1766; x_wconf 84' lang='lat' dir='ltr'><strong>voees</strong></span> <span class='ocrx_word' id='word_1_228' title='bbox 1791 1709 1890 1767; x_wconf 89' lang='lat' dir='ltr'><strong>audie·</strong></span> 
     </span>
     <span class='ocr_line' id='line_1_18' title="bbox 191 1798 1888 1876; baseline -0.001 -22"><span class='ocrx_word' id='word_1_229' title='bbox 191 1799 290 1872; x_wconf 90' lang='lat' dir='ltr'><strong>ipsum</strong></span> <span class='ocrx_word' id='word_1_230' title='bbox 306 1798 454 1872; x_wconf 89' lang='lat' dir='ltr'><strong>relapsum</strong></span> <span class='ocrx_word' id='word_1_231' title='bbox 478 1805 532 1858; x_wconf 89' lang='lat' dir='ltr'><strong>est.</strong></span> <span class='ocrx_word' id='word_1_232' title='bbox 549 1802 608 1859; x_wconf 88' lang='lat' dir='ltr'><strong>llcc</strong></span> <span class='ocrx_word' id='word_1_233' title='bbox 623 1803 787 1876; x_wconf 75' lang='lat' dir='ltr'><strong>Epidaurus</strong></span> <span class='ocrx_word' id='word_1_234' title='bbox 804 1808 832 1861; x_wconf 92' lang='lat' dir='ltr'><strong>et</strong></span> <span class='ocrx_word' id='word_1_235' title='bbox 855 1805 952 1861; x_wconf 87' lang='lat' dir='ltr'><strong>omnis</strong></span> <span class='ocrx_word' id='word_1_236' title='bbox 965 1804 1016 1860; x_wconf 93' lang='lat' dir='ltr'><strong>illa</strong></span> <span class='ocrx_word' id='word_1_237' title='bbox 1068 1801 1148 1858; x_wconf 70' lang='lat' dir='ltr'><strong>batl.</strong></span> <span class='ocrx_word' id='word_1_238' title='bbox 1166 1803 1319 1874; x_wconf 84' lang='lat' dir='ltr'><strong>Ingressus</strong></span> <span class='ocrx_word' id='word_1_239' title='bbox 1333 1818 1401 1876; x_wconf 87' lang='lat' dir='ltr'><strong>ergo</strong></span> <span class='ocrx_word' id='word_1_240' title='bbox 1416 1800 1561 1875; x_wconf 89' lang='lat' dir='ltr'><strong>Paphum,</strong></span> <span class='ocrx_word' id='word_1_241' title='bbox 1577 1800 1680 1858; x_wconf 89' lang='lat' dir='ltr'><strong>urbem</strong></span> <span class='ocrx_word' id='word_1_242' title='bbox 1704 1799 1789 1871; x_wconf 79' lang='lat' dir='ltr'><strong>Cypri</strong></span> <span class='ocrx_word' id='word_1_243' title='bbox 1808 1798 1888 1856; x_wconf 91' lang='lat' dir='ltr'><strong>uobi-</strong></span> 
     </span>
     <span class='ocr_line' id='line_1_19' title="bbox 192 1887 1890 1966; baseline -0.001 -22"><span class='ocrx_word' id='word_1_244' title='bbox 192 1888 271 1961; x_wconf 82' lang='lat' dir='ltr'><strong>rcgio</strong></span> <span class='ocrx_word' id='word_1_245' title='bbox 299 1905 393 1961; x_wconf 88' lang='lat' dir='ltr'><strong>usque</strong></span> <span class='ocrx_word' id='word_1_246' title='bbox 421 1888 507 1947; x_wconf 90' lang='lat' dir='ltr'><strong>hodie</strong></span> <span class='ocrx_word' id='word_1_247' title='bbox 536 1892 685 1964; x_wconf 78' lang='lat' dir='ltr'><strong>predicat,</strong></span> <span class='ocrx_word' id='word_1_248' title='bbox 716 1898 883 1966; x_wconf 88' lang='lat' dir='ltr'><strong>matresque</strong></span> <span class='ocrx_word' id='word_1_249' title='bbox 911 1895 1016 1950; x_wconf 88' lang='lat' dir='ltr'><strong>docent</strong></span> <span class='ocrx_word' id='word_1_250' title='bbox 1069 1887 1128 1946; x_wconf 89' lang='lat' dir='ltr'><strong>lem</strong></span> <span class='ocrx_word' id='word_1_251' title='bbox 1156 1889 1337 1946; x_wconf 80' lang='lat' dir='ltr'><strong>carminibus</strong></span> <span class='ocrx_word' id='word_1_252' title='bbox 1365 1893 1528 1964; x_wconf 89' lang='lat' dir='ltr'><strong>poetarum,</strong></span> <span class='ocrx_word' id='word_1_253' title='bbox 1558 1906 1621 1962; x_wconf 78' lang='lat' dir='ltr'><strong>quae</strong></span> <span class='ocrx_word' id='word_1_254' title='bbox 1647 1888 1816 1961; x_wconf 77' lang='lat' dir='ltr'><strong>frequenter</strong></span> <span class='ocrx_word' id='word_1_255' title='bbox 1838 1887 1890 1960; x_wconf 86' lang='lat' dir='ltr'><strong>[oct</strong></span> 
     </span>
     <span class='ocr_line' id='line_1_20' title="bbox 191 1975 1889 2054; baseline 0.007 -22"><span class='ocrx_word' id='word_1_256' title='bbox 191 1976 300 2033; x_wconf 89' lang='lat' dir='ltr'><strong>liberos</strong></span> <span class='ocrx_word' id='word_1_257' title='bbox 315 1993 385 2033; x_wconf 89' lang='lat' dir='ltr'><strong>suos</strong></span> <span class='ocrx_word' id='word_1_258' title='bbox 396 1978 612 2036; x_wconf 80' lang='lat' dir='ltr'><strong>admemoriam</strong></span> <span class='ocrx_word' id='word_1_259' title='bbox 625 1981 654 2037; x_wconf 92' lang='lat' dir='ltr'><strong>iu</strong></span> <span class='ocrx_word' id='word_1_260' title='bbox 671 1983 1015 2054; x_wconf 85' lang='lat' dir='ltr'><strong>posterostransmittsu·</strong></span> <span class='ocrx_word' id='word_1_261' title='bbox 1070 1977 1225 2052; x_wconf 71' lang='lat' dir='ltr'><strong>frequenti]</strong></span> <span class='ocrx_word' id='word_1_262' title='bbox 1239 1983 1323 2035; x_wconf 70' lang='lat' dir='ltr'><strong>lerrae</strong></span> <span class='ocrx_word' id='word_1_263' title='bbox 1339 1983 1419 2036; x_wconf 72' lang='lat' dir='ltr'><strong>motu</strong></span> <span class='ocrx_word' id='word_1_264' title='bbox 1443 1977 1538 2052; x_wconf 62' lang='lat' dir='ltr'><strong>lapte.</strong></span> <span class='ocrx_word' id='word_1_265' title='bbox 1563 1993 1640 2034; x_wconf 67' lang='lat' dir='ltr'><strong>¹¹⁰ssss</strong></span> <span class='ocrx_word' id='word_1_266' title='bbox 1657 1975 1810 2033; x_wconf 89' lang='lat' dir='ltr'><strong>ruinarum</strong></span> <span class='ocrx_word' id='word_1_267' title='bbox 1826 1979 1889 2032; x_wconf 61' lang='lat' dir='ltr'><strong>ian·</strong></span> 
     </span>
     <span class='ocr_line' id='line_1_21' title="bbox 192 2064 1889 2142; baseline 0 -20"><span class='ocrx_word' id='word_1_268' title='bbox 192 2065 271 2122; x_wconf 92' lang='lat' dir='ltr'><strong>dam.</strong></span> <span class='ocrx_word' id='word_1_269' title='bbox 284 2065 358 2122; x_wconf 87' lang='lat' dir='ltr'><strong>Vere</strong></span> <span class='ocrx_word' id='word_1_270' title='bbox 374 2065 446 2122; x_wconf 91' lang='lat' dir='ltr'><strong>illud</strong></span> <span class='ocrx_word' id='word_1_271' title='bbox 463 2069 541 2140; x_wconf 91' lang='lat' dir='ltr'><strong>quod</strong></span> <span class='ocrx_word' id='word_1_272' title='bbox 557 2070 593 2125; x_wconf 91' lang='lat' dir='ltr'><strong>ad</strong></span> <span class='ocrx_word' id='word_1_273' title='bbox 607 2071 760 2142; x_wconf 86' lang='lat' dir='ltr'><strong>Apostolos</strong></span> <span class='ocrx_word' id='word_1_274' title='bbox 776 2071 888 2129; x_wconf 88' lang='lat' dir='ltr'><strong>dictum</strong></span> <span class='ocrx_word' id='word_1_275' title='bbox 903 2076 968 2128; x_wconf 90' lang='lat' dir='ltr'><strong>est:</strong></span> <span class='ocrx_word' id='word_1_276' title='bbox 985 2071 1017 2128; x_wconf 87' lang='lat' dir='ltr'><strong>Si</strong></span> <span class='ocrx_word' id='word_1_277' title='bbox 1069 2071 1133 2124; x_wconf 87' lang='lat' dir='ltr'><strong>tum</strong></span> <span class='ocrx_word' id='word_1_278' title='bbox 1147 2068 1278 2142; x_wconf 85' lang='lat' dir='ltr'><strong>vestigiis</strong></span> <span class='ocrx_word' id='word_1_279' title='bbox 1292 2068 1363 2141; x_wconf 91' lang='lat' dir='ltr'><strong>quid</strong></span> <span class='ocrx_word' id='word_1_280' title='bbox 1377 2067 1447 2125; x_wconf 90' lang='lat' dir='ltr'><strong>olim</strong></span> <span class='ocrx_word' id='word_1_281' title='bbox 1464 2067 1559 2133; x_wconf 87' lang='lat' dir='ltr'><strong>luerit,</strong></span> <span class='ocrx_word' id='word_1_282' title='bbox 1571 2065 1708 2136; x_wconf 87' lang='lat' dir='ltr'><strong>ostendit,</strong></span> <span class='ocrx_word' id='word_1_283' title='bbox 1721 2065 1750 2122; x_wconf 94' lang='lat' dir='ltr'><strong>in</strong></span> <span class='ocrx_word' id='word_1_284' title='bbox 1762 2064 1889 2122; x_wconf 86' lang='lat' dir='ltr'><strong>secundo</strong></span> 
     </span>
     <span class='ocr_line' id='line_1_22' title="bbox 192 2152 1889 2230; baseline 0.006 -18"><span class='ocrx_word' id='word_1_285' title='bbox 192 2153 373 2224; x_wconf 82' lang='lat' dir='ltr'><strong>credideritis,</strong></span> <span class='ocrx_word' id='word_1_286' title='bbox 398 2155 494 2211; x_wconf 82' lang='lat' dir='ltr'><strong>dicetis</strong></span> <span class='ocrx_word' id='word_1_287' title='bbox 517 2157 581 2213; x_wconf 86' lang='lat' dir='ltr'><strong>bete</strong></span> <span class='ocrx_word' id='word_1_288' title='bbox 609 2161 810 2230; x_wconf 84' lang='lat' dir='ltr'><strong>monti,treeei</strong></span> <span class='ocrx_word' id='word_1_289' title='bbox 833 2162 863 2216; x_wconf 85' lang='lat' dir='ltr'><strong>in</strong></span> <span class='ocrx_word' id='word_1_290' title='bbox 888 2176 964 2217; x_wconf 76' lang='lat' dir='ltr'><strong>encre</strong></span> <span class='ocrx_word' id='word_1_291' title='bbox 991 2170 1016 2218; x_wconf 87' lang='lat' dir='ltr'><strong>et</strong></span> <span class='ocrx_word' id='word_1_292' title='bbox 1070 2157 1107 2212; x_wconf 86' lang='lat' dir='ltr'><strong>ab</strong></span> <span class='ocrx_word' id='word_1_293' title='bbox 1123 2157 1194 2213; x_wconf 91' lang='lat' dir='ltr'><strong>urbe</strong></span> <span class='ocrx_word' id='word_1_294' title='bbox 1209 2155 1335 2213; x_wconf 90' lang='lat' dir='ltr'><strong>millario</strong></span> <span class='ocrx_word' id='word_1_295' title='bbox 1356 2156 1508 2213; x_wconf 84' lang='lat' dir='ltr'><strong>habitabat</strong></span> <span class='ocrx_word' id='word_1_296' title='bbox 1530 2153 1678 2230; x_wconf 53' lang='lat' dir='ltr'><strong>ignobili&amp;</strong></span> <span class='ocrx_word' id='word_1_297' title='bbox 1698 2152 1889 2228; x_wconf 66' lang='grc' dir='ltr'><strong>ειῡᾶθιθιῑιθ</strong></span> 
     </span>
     <span class='ocr_line' id='line_1_23' title="bbox 192 2241 1892 2322; baseline -0.001 -22"><span class='ocrx_word' id='word_1_298' title='bbox 192 2244 238 2315; x_wconf 71' lang='lat' dir='ltr'><strong>fiet</strong></span> <span class='ocrx_word' id='word_1_299' title='bbox 253 2244 356 2314; x_wconf 80' lang='lat' dir='ltr'><strong>(Mettis.</strong></span> <span class='ocrx_word' id='word_1_300' title='bbox 373 2261 442 2315; x_wconf 77' lang='lat' dir='ltr'><strong>run,</strong></span> <span class='ocrx_word' id='word_1_301' title='bbox 459 2246 515 2318; x_wconf 85' lang='lat'><strong>19),</strong></span> <span class='ocrx_word' id='word_1_302' title='bbox 531 2246 620 2302; x_wconf 88' lang='lat' dir='ltr'><strong>etiam</strong></span> <span class='ocrx_word' id='word_1_303' title='bbox 641 2247 725 2318; x_wconf 83' lang='lat' dir='ltr'><strong>juxta</strong></span> <span class='ocrx_word' id='word_1_304' title='bbox 750 2247 880 2305; x_wconf 88' lang='lat' dir='ltr'><strong>litteram</strong></span> <span class='ocrx_word' id='word_1_305' title='bbox 900 2248 1016 2322; x_wconf 89' lang='lat' dir='ltr'><strong>impleri</strong></span> <span class='ocrx_word' id='word_1_306' title='bbox 1070 2245 1149 2318; x_wconf 87' lang='lat' dir='ltr'><strong>quod</strong></span> <span class='ocrx_word' id='word_1_307' title='bbox 1165 2245 1267 2318; x_wconf 89' lang='lat' dir='ltr'><strong>paucis</strong></span> <span class='ocrx_word' id='word_1_308' title='bbox 1293 2246 1396 2302; x_wconf 85' lang='lat' dir='ltr'><strong>diebus</strong></span> <span class='ocrx_word' id='word_1_309' title='bbox 1422 2245 1518 2318; x_wconf 89' lang='lat' dir='ltr'><strong>quiete</strong></span> <span class='ocrx_word' id='word_1_310' title='bbox 1532 2245 1648 2302; x_wconf 88' lang='lat' dir='ltr'><strong>viveret.</strong></span> <span class='ocrx_word' id='word_1_311' title='bbox 1661 2243 1771 2299; x_wconf 89' lang='lat' dir='ltr'><strong>Verum</strong></span> <span class='ocrx_word' id='word_1_312' title='bbox 1782 2259 1841 2298; x_wconf 87' lang='lat' dir='ltr'><strong>nou</strong></span> <span class='ocrx_word' id='word_1_313' title='bbox 1856 2241 1892 2298; x_wconf 86' lang='lat' dir='ltr'><strong>ud</strong></span> 
     </span>
     <span class='ocr_line' id='line_1_24' title="bbox 192 2332 1891 2408; baseline -0.001 -20"><span class='ocrx_word' id='word_1_314' title='bbox 192 2334 299 2406; x_wconf 90' lang='lat' dir='ltr'><strong>potest,</strong></span> <span class='ocrx_word' id='word_1_315' title='bbox 316 2332 340 2388; x_wconf 90' lang='lat' dir='ltr'><strong>si</strong></span> <span class='ocrx_word' id='word_1_316' title='bbox 353 2337 451 2388; x_wconf 87' lang='lat' dir='ltr'><strong>tamen</strong></span> <span class='ocrx_word' id='word_1_317' title='bbox 467 2333 533 2405; x_wconf 89' lang='lat' dir='ltr'><strong>quis</strong></span> <span class='ocrx_word' id='word_1_318' title='bbox 548 2334 684 2391; x_wconf 89' lang='lat' dir='ltr'><strong>babuerit</strong></span> <span class='ocrx_word' id='word_1_319' title='bbox 698 2336 898 2408; x_wconf 89' lang='lat' dir='ltr'><strong>apostolorum</strong></span> <span class='ocrx_word' id='word_1_320' title='bbox 915 2337 1014 2404; x_wconf 84' lang='lat' dir='ltr'><strong>fidem,</strong></span> <span class='ocrx_word' id='word_1_321' title='bbox 1071 2333 1191 2407; x_wconf 89' lang='lat' dir='ltr'><strong>plenum</strong></span> <span class='ocrx_word' id='word_1_322' title='bbox 1205 2334 1335 2408; x_wconf 82' lang='lat' dir='ltr'><strong>viginti⁶</strong></span> <span class='ocrx_word' id='word_1_323' title='bbox 1358 2335 1502 2392; x_wconf 87' lang='lat' dir='ltr'><strong>transiere</strong></span> <span class='ocrx_word' id='word_1_324' title='bbox 1526 2333 1598 2400; x_wconf 87' lang='lat' dir='ltr'><strong>dies,</strong></span> <span class='ocrx_word' id='word_1_325' title='bbox 1619 2347 1686 2389; x_wconf 92' lang='lat' dir='ltr'><strong>cum</strong></span> <span class='ocrx_word' id='word_1_326' title='bbox 1708 2347 1891 2405; x_wconf 89' lang='lat' dir='ltr'><strong>peromnem</strong></span> 
     </span>
     <span class='ocr_line' id='line_1_25' title="bbox 191 2419 1897 2499; baseline -0.001 -24"><span class='ocrx_word' id='word_1_327' title='bbox 191 2419 323 2477; x_wconf 88' lang='lat' dir='ltr'><strong>attalem</strong></span> <span class='ocrx_word' id='word_1_328' title='bbox 342 2420 458 2493; x_wconf 87' lang='lat' dir='ltr'><strong>qualem</strong></span> <span class='ocrx_word' id='word_1_329' title='bbox 481 2421 539 2478; x_wconf 91' lang='lat' dir='ltr'><strong>illis</strong></span> <span class='ocrx_word' id='word_1_330' title='bbox 554 2423 721 2480; x_wconf 89' lang='lat' dir='ltr'><strong>habendam</strong></span> <span class='ocrx_word' id='word_1_331' title='bbox 736 2424 879 2482; x_wconf 87' lang='lat' dir='ltr'><strong>Dominus</strong></span> <span class='ocrx_word' id='word_1_332' title='bbox 894 2427 1018 2499; x_wconf 90' lang='lat' dir='ltr'><strong>impera·</strong></span> <span class='ocrx_word' id='word_1_333' title='bbox 1070 2420 1803 2498; x_wconf 86' lang='lat' dir='ltr'><strong>illaminsulamquicumqueimmundoshabebaut</strong></span> <span class='ocrx_word' id='word_1_334' title='bbox 1813 2419 1897 2492; x_wconf 91' lang='lat' dir='ltr'><strong>spiri·</strong></span> 
     </span>
     <span class='ocr_line' id='line_1_26' title="bbox 191 2508 1895 2584; baseline -0.001 -20"><span class='ocrx_word' id='word_1_335' title='bbox 191 2508 242 2564; x_wconf 90' lang='lat' dir='ltr'><strong>vit.</strong></span> <span class='ocrx_word' id='word_1_336' title='bbox 258 2508 332 2572; x_wconf 86' lang='lat' dir='ltr'><strong>Quid</strong></span> <span class='ocrx_word' id='word_1_337' title='bbox 346 2509 426 2565; x_wconf 91' lang='lat' dir='ltr'><strong>enim</strong></span> <span class='ocrx_word' id='word_1_338' title='bbox 442 2510 572 2581; x_wconf 87' lang='lat' dir='ltr'><strong>interest,</strong></span> <span class='ocrx_word' id='word_1_339' title='bbox 591 2515 690 2568; x_wconf 89' lang='lat' dir='ltr'><strong>utrum</strong></span> <span class='ocrx_word' id='word_1_340' title='bbox 707 2529 791 2568; x_wconf 89' lang='lat' dir='ltr'><strong>mons</strong></span> <span class='ocrx_word' id='word_1_341' title='bbox 807 2514 965 2571; x_wconf 87' lang='lat' dir='ltr'><strong>descendet</strong></span> <span class='ocrx_word' id='word_1_342' title='bbox 986 2515 1016 2571; x_wconf 95' lang='lat' dir='ltr'><strong>in</strong></span> <span class='ocrx_word' id='word_1_343' title='bbox 1071 2514 1130 2578; x_wconf 92' lang='lat' dir='ltr'><strong>tus,</strong></span> <span class='ocrx_word' id='word_1_344' title='bbox 1148 2509 1274 2568; x_wconf 89' lang='lat' dir='ltr'><strong>clamare</strong></span> <span class='ocrx_word' id='word_1_345' title='bbox 1286 2515 1446 2584; x_wconf 88' lang='lat' dir='ltr'><strong>coeperunt,</strong></span> <span class='ocrx_word' id='word_1_346' title='bbox 1458 2511 1573 2568; x_wconf 88' lang='lat' dir='ltr'><strong>venisse</strong></span> <span class='ocrx_word' id='word_1_347' title='bbox 1587 2509 1767 2567; x_wconf 88' lang='lat' dir='ltr'><strong>Hilarienam</strong></span> <span class='ocrx_word' id='word_1_348' title='bbox 1780 2523 1895 2564; x_wconf 89' lang='lat' dir='ltr'><strong>servum</strong></span> 
     </span>
     <span class='ocr_line' id='line_1_27' title="bbox 193 2595 1896 2675; baseline -0.001 -22"><span class='ocrx_word' id='word_1_349' title='bbox 193 2613 283 2664; x_wconf 87' lang='lat' dir='ltr'><strong>mare,</strong></span> <span class='ocrx_word' id='word_1_350' title='bbox 299 2614 336 2652; x_wconf 92' lang='lat' dir='ltr'><strong>an</strong></span> <span class='ocrx_word' id='word_1_351' title='bbox 351 2597 488 2655; x_wconf 88' lang='lat' dir='ltr'><strong>immensi</strong></span> <span class='ocrx_word' id='word_1_352' title='bbox 502 2600 649 2658; x_wconf 91' lang='lat' dir='ltr'><strong>undarum</strong></span> <span class='ocrx_word' id='word_1_353' title='bbox 675 2606 788 2658; x_wconf 90' lang='lat' dir='ltr'><strong>mentes</strong></span> <span class='ocrx_word' id='word_1_354' title='bbox 804 2607 922 2675; x_wconf 87' lang='lat' dir='ltr'><strong>repente</strong></span> <span class='ocrx_word' id='word_1_355' title='bbox 937 2604 1017 2660; x_wconf 86' lang='lat' dir='ltr'><strong>obri·</strong></span> <span class='ocrx_word' id='word_1_356' title='bbox 1070 2597 1188 2664; x_wconf 84' lang='lat' dir='ltr'><strong>Christi,</strong></span> <span class='ocrx_word' id='word_1_357' title='bbox 1201 2603 1230 2656; x_wconf 89' lang='lat' dir='ltr'><strong>et</strong></span> <span class='ocrx_word' id='word_1_358' title='bbox 1244 2600 1281 2656; x_wconf 92' lang='lat' dir='ltr'><strong>ad</strong></span> <span class='ocrx_word' id='word_1_359' title='bbox 1297 2617 1365 2657; x_wconf 91' lang='lat' dir='ltr'><strong>eum</strong></span> <span class='ocrx_word' id='word_1_360' title='bbox 1381 2616 1412 2657; x_wconf 90' lang='lat' dir='ltr'><strong>se</strong></span> <span class='ocrx_word' id='word_1_361' title='bbox 1427 2600 1532 2657; x_wconf 90' lang='lat' dir='ltr'><strong>debere</strong></span> <span class='ocrx_word' id='word_1_362' title='bbox 1551 2612 1717 2672; x_wconf 88' lang='lat' dir='ltr'><strong>properare.</strong></span> <span class='ocrx_word' id='word_1_363' title='bbox 1733 2597 1793 2653; x_wconf 89' lang='lat' dir='ltr'><strong>Hoc</strong></span> <span class='ocrx_word' id='word_1_364' title='bbox 1816 2595 1896 2653; x_wconf 88' lang='lat' dir='ltr'><strong>Sala·</strong></span> 
     </span>
     <span class='ocr_line' id='line_1_28' title="bbox 192 2683 1897 2763; baseline 0 -23"><span class='ocrx_word' id='word_1_365' title='bbox 192 2685 319 2758; x_wconf 83' lang='lat' dir='ltr'><strong>guerini,</strong></span> <span class='ocrx_word' id='word_1_366' title='bbox 334 2690 363 2742; x_wconf 89' lang='lat' dir='ltr'><strong>et</strong></span> <span class='ocrx_word' id='word_1_367' title='bbox 377 2689 443 2743; x_wconf 89' lang='lat' dir='ltr'><strong>ante</strong></span> <span class='ocrx_word' id='word_1_368' title='bbox 458 2687 536 2743; x_wconf 86' lang='lat' dir='ltr'><strong>sanis</strong></span> <span class='ocrx_word' id='word_1_369' title='bbox 560 2693 676 2746; x_wconf 90' lang='lat' dir='ltr'><strong>tantum</strong></span> <span class='ocrx_word' id='word_1_370' title='bbox 700 2691 789 2763; x_wconf 87' lang='lat' dir='ltr'><strong>pedes</strong></span> <span class='ocrx_word' id='word_1_371' title='bbox 805 2692 894 2760; x_wconf 83' lang='lat' dir='ltr'><strong>saxei,</strong></span> <span class='ocrx_word' id='word_1_372' title='bbox 910 2709 945 2748; x_wconf 87' lang='lat' dir='ltr'><strong>ex</strong></span> <span class='ocrx_word' id='word_1_373' title='bbox 959 2691 1017 2749; x_wconf 89' lang='lat' dir='ltr'><strong>alia</strong></span> <span class='ocrx_word' id='word_1_374' title='bbox 1071 2686 1162 2754; x_wconf 68' lang='lat' dir='ltr'><strong>mint.</strong></span> <span class='ocrx_word' id='word_1_375' title='bbox 1175 2687 1229 2744; x_wconf 78' lang='lat'><strong>1100</strong></span> <span class='ocrx_word' id='word_1_376' title='bbox 1244 2688 1375 2758; x_wconf 81' lang='lat' dir='ltr'><strong>Curium,</strong></span> <span class='ocrx_word' id='word_1_377' title='bbox 1397 2689 1453 2746; x_wconf 90' lang='lat' dir='ltr'><strong>hoo</strong></span> <span class='ocrx_word' id='word_1_378' title='bbox 1484 2688 1612 2762; x_wconf 76' lang='lat' dir='ltr'><strong>eapetha</strong></span> <span class='ocrx_word' id='word_1_379' title='bbox 1624 2690 1653 2744; x_wconf 89' lang='lat' dir='ltr'><strong>at</strong></span> <span class='ocrx_word' id='word_1_380' title='bbox 1667 2687 1754 2742; x_wconf 89' lang='lat' dir='ltr'><strong>urbes</strong></span> <span class='ocrx_word' id='word_1_381' title='bbox 1778 2683 1897 2757; x_wconf 80' lang='lat' dir='ltr'><strong>reliquae</strong></span> 
     </span>
     <span class='ocr_line' id='line_1_29' title="bbox 194 2772 1896 2852; baseline 0.001 -24"><span class='ocrx_word' id='word_1_382' title='bbox 194 2775 276 2846; x_wconf 89' lang='lat' dir='ltr'><strong>parte</strong></span> <span class='ocrx_word' id='word_1_383' title='bbox 291 2772 418 2830; x_wconf 89' lang='lat' dir='ltr'><strong>molliter</strong></span> <span class='ocrx_word' id='word_1_384' title='bbox 432 2773 591 2831; x_wconf 81' lang='lat' dir='ltr'><strong>fluxerint?</strong></span> <span class='ocrx_word' id='word_1_385' title='bbox 1070 2775 1302 2846; x_wconf 88' lang='lat' dir='ltr'><strong>conclamabant,</strong></span> <span class='ocrx_word' id='word_1_386' title='bbox 1342 2777 1495 2852; x_wconf 89' lang='lat' dir='ltr'><strong>plurisque</strong></span> <span class='ocrx_word' id='word_1_387' title='bbox 1532 2775 1733 2834; x_wconf 88' lang='lat' dir='ltr'><strong>asserentibus</strong></span> <span class='ocrx_word' id='word_1_388' title='bbox 1762 2773 1837 2830; x_wconf 90' lang='lat' dir='ltr'><strong>scire</strong></span> <span class='ocrx_word' id='word_1_389' title='bbox 1864 2789 1896 2830; x_wconf 89' lang='lat' dir='ltr'><strong>se</strong></span> 
     </span>
     <span class='ocr_line' id='line_1_30' title="bbox 229 2860 1897 2938; baseline 0.001 -22"><span class='ocrx_word' id='word_1_390' title='bbox 229 2862 272 2916; x_wconf 86' lang='grc' dir='ltr'><strong>ιι.</strong></span> <span class='ocrx_word' id='word_1_391' title='bbox 293 2863 374 2932; x_wconf 79' lang='lat' dir='ltr'><strong>Fuqe&#39;t</strong></span> <span class='ocrx_word' id='word_1_392' title='bbox 389 2861 518 2936; x_wconf 78' lang='lat' dir='ltr'><strong>Cyprum.</strong></span> <span class='ocrx_word' id='word_1_393' title='bbox 545 2864 707 2922; x_wconf 86' lang='lat' dir='ltr'><strong>Mirabatur</strong></span> <span class='ocrx_word' id='word_1_394' title='bbox 728 2867 825 2924; x_wconf 89' lang='lat' dir='ltr'><strong>omnis</strong></span> <span class='ocrx_word' id='word_1_395' title='bbox 849 2867 963 2938; x_wconf 89' lang='lat' dir='ltr'><strong>civitas,</strong></span> <span class='ocrx_word' id='word_1_396' title='bbox 988 2875 1017 2927; x_wconf 89' lang='lat' dir='ltr'><strong>et</strong></span> <span class='ocrx_word' id='word_1_397' title='bbox 1070 2863 1190 2936; x_wconf 87' lang='lat' dir='ltr'><strong>quidem</strong></span> <span class='ocrx_word' id='word_1_398' title='bbox 1206 2865 1398 2934; x_wconf 77' lang='lat' dir='ltr'><strong>hilarionem,</strong></span> <span class='ocrx_word' id='word_1_399' title='bbox 1425 2872 1455 2922; x_wconf 88' lang='lat' dir='ltr'><strong>ct</strong></span> <span class='ocrx_word' id='word_1_400' title='bbox 1478 2882 1543 2923; x_wconf 89' lang='lat' dir='ltr'><strong>vere</strong></span> <span class='ocrx_word' id='word_1_401' title='bbox 1564 2865 1649 2923; x_wconf 89' lang='lat' dir='ltr'><strong>illum</strong></span> <span class='ocrx_word' id='word_1_402' title='bbox 1664 2879 1728 2921; x_wconf 88' lang='lat' dir='ltr'><strong>esse</strong></span> <span class='ocrx_word' id='word_1_403' title='bbox 1750 2860 1897 2918; x_wconf 83' lang='lat' dir='ltr'><strong>famulum</strong></span> 
     </span>
     <span class='ocr_line' id='line_1_31' title="bbox 193 2950 1897 3030; baseline 0.001 -25"><span class='ocrx_word' id='word_1_404' title='bbox 193 2950 364 3023; x_wconf 83' lang='lat' dir='ltr'><strong>magnitudo</strong></span> <span class='ocrx_word' id='word_1_405' title='bbox 393 2951 470 3024; x_wconf 80' lang='lat' dir='ltr'><strong>signi</strong></span> <span class='ocrx_word' id='word_1_406' title='bbox 503 2953 618 3011; x_wconf 87' lang='lat' dir='ltr'><strong>Salonis</strong></span> <span class='ocrx_word' id='word_1_407' title='bbox 652 2972 769 3029; x_wconf 88' lang='lat' dir='ltr'><strong>quoque</strong></span> <span class='ocrx_word' id='word_1_408' title='bbox 801 2958 1014 3030; x_wconf 77' lang='lat' dir='ltr'><strong>percrebuerat.</strong></span> <span class='ocrx_word' id='word_1_409' title='bbox 1070 2950 1134 3022; x_wconf 87' lang='lat' dir='ltr'><strong>Dei,</strong></span> <span class='ocrx_word' id='word_1_410' title='bbox 1155 2953 1206 3009; x_wconf 90' lang='lat' dir='ltr'><strong>sed</strong></span> <span class='ocrx_word' id='word_1_411' title='bbox 1231 2955 1281 3011; x_wconf 89' lang='lat' dir='ltr'><strong>ubi</strong></span> <span class='ocrx_word' id='word_1_412' title='bbox 1306 2959 1384 3012; x_wconf 88' lang='lat' dir='ltr'><strong>esset</strong></span> <span class='ocrx_word' id='word_1_413' title='bbox 1399 2956 1545 3028; x_wconf 83' lang='lat' dir='ltr'><strong>ignorare.</strong></span> <span class='ocrx_word' id='word_1_414' title='bbox 1570 2955 1651 3010; x_wconf 88' lang='lat' dir='ltr'><strong>Intra</strong></span> <span class='ocrx_word' id='word_1_415' title='bbox 1671 2951 1794 3025; x_wconf 83' lang='lat' dir='ltr'><strong>triginta</strong></span> <span class='ocrx_word' id='word_1_416' title='bbox 1807 2950 1897 3025; x_wconf 73' lang='lat' dir='ltr'><strong>igitur</strong></span> 
     </span>
     <span class='ocr_line' id='line_1_32' title="bbox 193 3038 1897 3117; baseline 0.008 -22"><span class='ocrx_word' id='word_1_417' title='bbox 193 3039 274 3104; x_wconf 81' lang='lat' dir='ltr'><strong>Quod</strong></span> <span class='ocrx_word' id='word_1_418' title='bbox 289 3038 457 3114; x_wconf 86' lang='lat' dir='ltr'><strong>intelligens</strong></span> <span class='ocrx_word' id='word_1_419' title='bbox 472 3057 569 3110; x_wconf 89' lang='lat' dir='ltr'><strong>senex,</strong></span> <span class='ocrx_word' id='word_1_420' title='bbox 588 3043 617 3098; x_wconf 92' lang='lat' dir='ltr'><strong>in</strong></span> <span class='ocrx_word' id='word_1_421' title='bbox 633 3045 711 3101; x_wconf 89' lang='lat' dir='ltr'><strong>brevi</strong></span> <span class='ocrx_word' id='word_1_422' title='bbox 726 3044 823 3102; x_wconf 90' lang='lat' dir='ltr'><strong>lembo</strong></span> <span class='ocrx_word' id='word_1_423' title='bbox 839 3045 914 3102; x_wconf 89' lang='lat' dir='ltr'><strong>clam</strong></span> <span class='ocrx_word' id='word_1_424' title='bbox 931 3050 1015 3104; x_wconf 87' lang='lat' dir='ltr'><strong>aecta</strong></span> <span class='ocrx_word' id='word_1_425' title='bbox 1070 3057 1124 3098; x_wconf 88' lang='lat' dir='ltr'><strong>nec</strong></span> <span class='ocrx_word' id='word_1_426' title='bbox 1140 3043 1233 3099; x_wconf 77' lang='lat' dir='ltr'><strong>mullo</strong></span> <span class='ocrx_word' id='word_1_427' title='bbox 1249 3043 1377 3117; x_wconf 64' lang='lat' dir='ltr'><strong>amplius</strong></span> <span class='ocrx_word' id='word_1_428' title='bbox 1391 3044 1466 3111; x_wconf 70' lang='lat' dir='ltr'><strong>dies,</strong></span> <span class='ocrx_word' id='word_1_429' title='bbox 1488 3041 1606 3100; x_wconf 69' lang='lat' dir='ltr'><strong>ducssssil</strong></span> <span class='ocrx_word' id='word_1_430' title='bbox 1632 3042 1733 3109; x_wconf 63' lang='lat' dir='ltr'><strong>ferme,</strong></span> <span class='ocrx_word' id='word_1_431' title='bbox 1758 3043 1819 3096; x_wconf 63' lang='lat' dir='ltr'><strong>lam</strong></span> <span class='ocrx_word' id='word_1_432' title='bbox 1843 3039 1897 3095; x_wconf 64' lang='lat' dir='ltr'><strong>Viri</strong></span> 
     </span>
     <span class='ocr_line' id='line_1_33' title="bbox 194 3113 1900 3208; baseline 0.001 -25"><span class='ocrx_word' id='word_1_433' title='bbox 194 3127 280 3200; x_wconf 76' lang='lat' dir='ltr'><strong>fugit,</strong></span> <span class='ocrx_word' id='word_1_434' title='bbox 297 3133 326 3184; x_wconf 88' lang='lat' dir='ltr'><strong>et</strong></span> <span class='ocrx_word' id='word_1_435' title='bbox 343 3127 461 3185; x_wconf 92' lang='lat' dir='ltr'><strong>inventa</strong></span> <span class='ocrx_word' id='word_1_436' title='bbox 485 3135 552 3203; x_wconf 90' lang='lat' dir='ltr'><strong>post</strong></span> <span class='ocrx_word' id='word_1_437' title='bbox 577 3132 699 3188; x_wconf 89' lang='lat' dir='ltr'><strong>biduum</strong></span> <span class='ocrx_word' id='word_1_438' title='bbox 717 3133 852 3191; x_wconf 90' lang='lat' dir='ltr'><strong>oneraria</strong></span> <span class='ocrx_word' id='word_1_439' title='bbox 868 3135 946 3201; x_wconf 89' lang='lat' dir='ltr'><strong>navi,</strong></span> <span class='ocrx_word' id='word_1_440' title='bbox 960 3113 1064 3208; x_wconf 75' lang='lat' dir='ltr'><strong>per-C</strong></span> <span class='ocrx_word' id='word_1_441' title='bbox 1083 3145 1172 3201; x_wconf 90' lang='lat' dir='ltr'><strong>quam</strong></span> <span class='ocrx_word' id='word_1_442' title='bbox 1194 3130 1341 3202; x_wconf 87' lang='lat' dir='ltr'><strong>mulieres,</strong></span> <span class='ocrx_word' id='word_1_443' title='bbox 1365 3133 1401 3190; x_wconf 89' lang='lat' dir='ltr'><strong>ad</strong></span> <span class='ocrx_word' id='word_1_444' title='bbox 1430 3149 1496 3190; x_wconf 90' lang='lat' dir='ltr'><strong>eum</strong></span> <span class='ocrx_word' id='word_1_445' title='bbox 1521 3130 1689 3205; x_wconf 79' lang='lat' dir='ltr'><strong>congregati</strong></span> <span class='ocrx_word' id='word_1_446' title='bbox 1717 3132 1797 3185; x_wconf 89' lang='lat' dir='ltr'><strong>sunt.</strong></span> <span class='ocrx_word' id='word_1_447' title='bbox 1821 3128 1900 3193; x_wconf 87' lang='lat' dir='ltr'><strong>Quos</strong></span> 
     </span>
     <span class='ocr_line' id='line_1_34' title="bbox 195 3215 1900 3294; baseline 0.001 -23"><span class='ocrx_word' id='word_1_448' title='bbox 195 3215 269 3272; x_wconf 85' lang='lat' dir='ltr'><strong>rexit</strong></span> <span class='ocrx_word' id='word_1_449' title='bbox 290 3216 428 3288; x_wconf 83' lang='lat' dir='ltr'><strong>Cyprum.</strong></span> <span class='ocrx_word' id='word_1_450' title='bbox 443 3217 575 3290; x_wconf 84' lang='lat' dir='ltr'><strong>Cumque</strong></span> <span class='ocrx_word' id='word_1_451' title='bbox 587 3220 663 3278; x_wconf 87' lang='lat' dir='ltr'><strong>inter</strong></span> <span class='ocrx_word' id='word_1_452' title='bbox 678 3222 802 3279; x_wconf 87' lang='lat' dir='ltr'><strong>Maleam</strong></span> <span class='ocrx_word' id='word_1_453' title='bbox 817 3227 846 3278; x_wconf 88' lang='lat' dir='ltr'><strong>st</strong></span> <span class='ocrx_word' id='word_1_454' title='bbox 861 3223 1017 3294; x_wconf 82' lang='lat' dir='ltr'><strong>Cytheram</strong></span> <span class='ocrx_word' id='word_1_455' title='bbox 1073 3235 1140 3275; x_wconf 88' lang='lat' dir='ltr'><strong>curn</strong></span> <span class='ocrx_word' id='word_1_456' title='bbox 1155 3219 1285 3290; x_wconf 87' lang='lat' dir='ltr'><strong>vidisset,</strong></span> <span class='ocrx_word' id='word_1_457' title='bbox 1299 3221 1402 3278; x_wconf 88' lang='lat' dir='ltr'><strong>dolens</strong></span> <span class='ocrx_word' id='word_1_458' title='bbox 1412 3223 1490 3294; x_wconf 89' lang='lat' dir='ltr'><strong>quod</strong></span> <span class='ocrx_word' id='word_1_459' title='bbox 1508 3237 1539 3278; x_wconf 89' lang='lat' dir='ltr'><strong>se</strong></span> <span class='ocrx_word' id='word_1_460' title='bbox 1555 3236 1613 3278; x_wconf 89' lang='lat' dir='ltr'><strong>nou</strong></span> <span class='ocrx_word' id='word_1_461' title='bbox 1629 3223 1799 3294; x_wconf 86' lang='lat' dir='ltr'><strong>paterentur</strong></span> <span class='ocrx_word' id='word_1_462' title='bbox 1814 3215 1900 3290; x_wconf 89' lang='lat' dir='ltr'><strong>quie·</strong></span> 
     </span>
     <span class='ocr_line' id='line_1_35' title="bbox 196 3304 1899 3384; baseline 0.002 -26"><span class='ocrx_word' id='word_1_463' title='bbox 196 3304 295 3378; x_wconf 79' lang='lat' dir='ltr'><strong>pirata</strong></span> <span class='ocrx_word' id='word_1_464' title='bbox 309 3304 446 3362; x_wconf 89' lang='lat' dir='ltr'><strong>derelicta</strong></span> <span class='ocrx_word' id='word_1_465' title='bbox 460 3306 554 3364; x_wconf 82' lang='lat' dir='ltr'><strong>classe</strong></span> <span class='ocrx_word' id='word_1_466' title='bbox 576 3309 606 3364; x_wconf 93' lang='lat' dir='ltr'><strong>in</strong></span> <span class='ocrx_word' id='word_1_467' title='bbox 621 3309 727 3378; x_wconf 90' lang='lat' dir='ltr'><strong>littore,</strong></span> <span class='ocrx_word' id='word_1_468' title='bbox 749 3327 812 3384; x_wconf 76' lang='lat' dir='ltr'><strong>que</strong></span> <span class='ocrx_word' id='word_1_469' title='bbox 830 3327 887 3368; x_wconf 92' lang='lat' dir='ltr'><strong>non</strong></span> <span class='ocrx_word' id='word_1_470' title='bbox 905 3317 1017 3370; x_wconf 88' lang='lat' dir='ltr'><strong>antem·</strong></span> <span class='ocrx_word' id='word_1_471' title='bbox 1072 3323 1161 3376; x_wconf 89' lang='lat' dir='ltr'><strong>scere,</strong></span> <span class='ocrx_word' id='word_1_472' title='bbox 1187 3313 1216 3366; x_wconf 92' lang='lat' dir='ltr'><strong>et</strong></span> <span class='ocrx_word' id='word_1_473' title='bbox 1240 3311 1455 3382; x_wconf 89' lang='lat' dir='ltr'><strong>quodammodo</strong></span> <span class='ocrx_word' id='word_1_474' title='bbox 1477 3307 1663 3365; x_wconf 79' lang='lat' dir='ltr'><strong>insitionem</strong></span> <span class='ocrx_word' id='word_1_475' title='bbox 1687 3306 1734 3362; x_wconf 89' lang='lat' dir='ltr'><strong>sui</strong></span> <span class='ocrx_word' id='word_1_476' title='bbox 1759 3304 1899 3378; x_wconf 81' lang='lat' dir='ltr'><strong>seviens,</strong></span> 
     </span>
     <span class='ocr_line' id='line_1_36' title="bbox 196 3392 1893 3475; baseline 0.002 -28"><span class='ocrx_word' id='word_1_477' title='bbox 196 3409 244 3459; x_wconf 88' lang='lat' dir='ltr'><strong>ne,</strong></span> <span class='ocrx_word' id='word_1_478' title='bbox 261 3394 311 3450; x_wconf 86' lang='lat' dir='ltr'><strong>sed</strong></span> <span class='ocrx_word' id='word_1_479' title='bbox 333 3398 418 3450; x_wconf 88' lang='lat' dir='ltr'><strong>conto</strong></span> <span class='ocrx_word' id='word_1_480' title='bbox 441 3395 561 3468; x_wconf 87' lang='lat' dir='ltr'><strong>regitur,</strong></span> <span class='ocrx_word' id='word_1_481' title='bbox 588 3398 704 3455; x_wconf 83' lang='lat' dir='ltr'><strong>duobus</strong></span> <span class='ocrx_word' id='word_1_482' title='bbox 725 3399 803 3457; x_wconf 90' lang='lat' dir='ltr'><strong>haud</strong></span> <span class='ocrx_word' id='word_1_483' title='bbox 825 3400 921 3473; x_wconf 88' lang='lat' dir='ltr'><strong>parvis</strong></span> <span class='ocrx_word' id='word_1_484' title='bbox 937 3419 1016 3475; x_wconf 83' lang='lat' dir='ltr'><strong>myo·</strong></span> <span class='ocrx_word' id='word_1_485' title='bbox 1072 3400 1215 3454; x_wconf 78' lang='lat' dir='ltr'><strong>tantares</strong></span> <span class='ocrx_word' id='word_1_486' title='bbox 1230 3399 1396 3455; x_wconf 88' lang='lat' dir='ltr'><strong>orationum</strong></span> <span class='ocrx_word' id='word_1_487' title='bbox 1424 3398 1566 3456; x_wconf 86' lang='lat' dir='ltr'><strong>instantia</strong></span> <span class='ocrx_word' id='word_1_488' title='bbox 1584 3395 1749 3470; x_wconf 77' lang='lat' dir='ltr'><strong>flagellavit,</strong></span> <span class='ocrx_word' id='word_1_489' title='bbox 1778 3399 1811 3450; x_wconf 90' lang='lat' dir='ltr'><strong>ut</strong></span> <span class='ocrx_word' id='word_1_490' title='bbox 1826 3392 1893 3466; x_wconf 90' lang='lat' dir='ltr'><strong>qui·</strong></span> 
     </span>
     <span class='ocr_line' id='line_1_37' title="bbox 195 3481 1893 3560; baseline 0.002 -23"><span class='ocrx_word' id='word_1_491' title='bbox 195 3481 354 3553; x_wconf 84' lang='lat' dir='ltr'><strong>peronibus</strong></span> <span class='ocrx_word' id='word_1_492' title='bbox 369 3483 792 3554; x_wconf 87' lang='lat' dir='ltr'><strong>occurrissent,etdenuehine</strong></span> <span class='ocrx_word' id='word_1_493' title='bbox 807 3489 875 3546; x_wconf 87' lang='lat' dir='ltr'><strong>inde</strong></span> <span class='ocrx_word' id='word_1_494' title='bbox 891 3489 1018 3547; x_wconf 65' lang='lat' dir='ltr'><strong>iluctusi</strong></span> <span class='ocrx_word' id='word_1_495' title='bbox 1071 3486 1139 3542; x_wconf 90' lang='lat' dir='ltr'><strong>dam</strong></span> <span class='ocrx_word' id='word_1_496' title='bbox 1155 3488 1265 3553; x_wconf 88' lang='lat' dir='ltr'><strong>statim,</strong></span> <span class='ocrx_word' id='word_1_497' title='bbox 1289 3486 1339 3542; x_wconf 91' lang='lat' dir='ltr'><strong>alii</strong></span> <span class='ocrx_word' id='word_1_498' title='bbox 1363 3489 1429 3560; x_wconf 90' lang='lat' dir='ltr'><strong>pest</strong></span> <span class='ocrx_word' id='word_1_499' title='bbox 1451 3487 1577 3544; x_wconf 89' lang='lat' dir='ltr'><strong>biduum</strong></span> <span class='ocrx_word' id='word_1_500' title='bbox 1596 3485 1775 3552; x_wconf 86' lang='lat' dir='ltr'><strong>triduumve,</strong></span> <span class='ocrx_word' id='word_1_501' title='bbox 1790 3499 1893 3540; x_wconf 89' lang='lat' dir='ltr'><strong>omnes</strong></span> 
     </span>
     <span class='ocr_line' id='line_1_38' title="bbox 194 3573 1754 3652; baseline -0.001 -25"><span class='ocrx_word' id='word_1_502' title='bbox 194 3573 518 3647; x_wconf 84' lang='lat' dir='ltr'><strong>occurrerent,remiges</strong></span> <span class='ocrx_word' id='word_1_503' title='bbox 533 3577 694 3650; x_wconf 89' lang='lat' dir='ltr'><strong>omnesqui</strong></span> <span class='ocrx_word' id='word_1_504' title='bbox 708 3577 736 3632; x_wconf 94' lang='lat' dir='ltr'><strong>in</strong></span> <span class='ocrx_word' id='word_1_505' title='bbox 751 3579 816 3635; x_wconf 88' lang='lat' dir='ltr'><strong>navi</strong></span> <span class='ocrx_word' id='word_1_506' title='bbox 830 3583 914 3636; x_wconf 89' lang='lat' dir='ltr'><strong>erant</strong></span> <span class='ocrx_word' id='word_1_507' title='bbox 927 3580 1016 3652; x_wconf 85' lang='lat' dir='ltr'><strong>trepi—</strong></span> <span class='ocrx_word' id='word_1_508' title='bbox 1070 3593 1136 3633; x_wconf 89' lang='lat' dir='ltr'><strong>vero</strong></span> <span class='ocrx_word' id='word_1_509' title='bbox 1147 3575 1224 3632; x_wconf 91' lang='lat' dir='ltr'><strong>intra</strong></span> <span class='ocrx_word' id='word_1_510' title='bbox 1237 3593 1327 3632; x_wconf 89' lang='lat' dir='ltr'><strong>uuam</strong></span> <span class='ocrx_word' id='word_1_511' title='bbox 1341 3574 1555 3633; x_wconf 88' lang='lat' dir='ltr'><strong>hebdomadem</strong></span> <span class='ocrx_word' id='word_1_512' title='bbox 1572 3577 1754 3631; x_wconf 86' lang='lat' dir='ltr'><strong>curarentur.</strong></span> 
     </span>
     <span class='ocr_line' id='line_1_39' title="bbox 194 3660 1893 3738; baseline 0.001 -23"><span class='ocrx_word' id='word_1_513' title='bbox 194 3660 273 3727; x_wconf 90' lang='lat' dir='ltr'><strong>dere,</strong></span> <span class='ocrx_word' id='word_1_514' title='bbox 298 3661 377 3728; x_wconf 86' lang='lat' dir='ltr'><strong>llere,</strong></span> <span class='ocrx_word' id='word_1_515' title='bbox 398 3661 571 3734; x_wconf 85' lang='lat' dir='ltr'><strong>discurrere,</strong></span> <span class='ocrx_word' id='word_1_516' title='bbox 598 3682 760 3738; x_wconf 79' lang='lat' dir='ltr'><strong>preparare</strong></span> <span class='ocrx_word' id='word_1_517' title='bbox 784 3671 895 3736; x_wconf 90' lang='lat' dir='ltr'><strong>ocutos,</strong></span> <span class='ocrx_word' id='word_1_518' title='bbox 922 3669 969 3724; x_wconf 79' lang='lat' dir='ltr'><strong>at</strong></span> <span class='ocrx_word' id='word_1_519' title='bbox 989 3672 1018 3724; x_wconf 92' lang='lat' dir='ltr'><strong>et</strong></span> <span class='ocrx_word' id='word_1_520' title='bbox 1106 3666 1150 3722; x_wconf 79' lang='lat' dir='ltr'><strong>ts.</strong></span> <span class='ocrx_word' id='word_1_521' title='bbox 1167 3667 1197 3722; x_wconf 82' lang='lat' dir='ltr'><strong>ln</strong></span> <span class='ocrx_word' id='word_1_522' title='bbox 1211 3666 1386 3723; x_wconf 81' lang='lat' dir='ltr'><strong>secretiorem</strong></span> <span class='ocrx_word' id='word_1_523' title='bbox 1409 3665 1498 3722; x_wconf 84' lang='lat' dir='ltr'><strong>locem</strong></span> <span class='ocrx_word' id='word_1_524' title='bbox 1512 3665 1646 3722; x_wconf 69' lang='lat' dir='ltr'><strong>amacii.</strong></span> <span class='ocrx_word' id='word_1_525' title='bbox 1669 3662 1784 3718; x_wconf 81' lang='lat' dir='ltr'><strong>Baretta</strong></span> <span class='ocrx_word' id='word_1_526' title='bbox 1801 3662 1893 3733; x_wconf 80' lang='lat' dir='ltr'><strong>AEpy·</strong></span> 
     </span>
     <span class='ocr_line' id='line_1_40' title="bbox 193 3737 1890 3828; baseline 0 -24"><span class='ocrx_word' id='word_1_527' title='bbox 193 3749 277 3820; x_wconf 85' lang='lat' dir='ltr'><strong>quasi</strong></span> <span class='ocrx_word' id='word_1_528' title='bbox 294 3767 350 3806; x_wconf 92' lang='lat' dir='ltr'><strong>non</strong></span> <span class='ocrx_word' id='word_1_529' title='bbox 371 3751 520 3808; x_wconf 79' lang='lat' dir='ltr'><strong>sufficeret</strong></span> <span class='ocrx_word' id='word_1_530' title='bbox 543 3755 770 3827; x_wconf 88' lang='lat' dir='ltr'><strong>uuusnuntius,</strong></span> <span class='ocrx_word' id='word_1_531' title='bbox 795 3756 927 3812; x_wconf 88' lang='lat' dir='ltr'><strong>certatim</strong></span> <span class='ocrx_word' id='word_1_532' title='bbox 953 3757 1016 3813; x_wconf 88' lang='lat' dir='ltr'><strong>seni</strong></span> <span class='ocrx_word' id='word_1_533' title='bbox 1067 3756 1120 3826; x_wconf 85' lang='lat' dir='ltr'><strong>pti.</strong></span> <span class='ocrx_word' id='word_1_534' title='bbox 1157 3737 1332 3828; x_wconf 75' lang='lat' dir='ltr'><strong>Perclytiees</strong></span> <span class='ocrx_word' id='word_1_535' title='bbox 1365 3762 1486 3811; x_wconf 79' lang='lat' dir='ltr'><strong>caraem.</strong></span> <span class='ocrx_word' id='word_1_536' title='bbox 1515 3784 1550 3795; x_wconf 89' lang='lat'><em>-</em></span> <span class='ocrx_word' id='word_1_537' title='bbox 1574 3753 1696 3808; x_wconf 81' lang='lat' dir='ltr'><strong>Manena</strong></span> <span class='ocrx_word' id='word_1_538' title='bbox 1723 3749 1822 3823; x_wconf 89' lang='lat' dir='ltr'><strong>itaque</strong></span> <span class='ocrx_word' id='word_1_539' title='bbox 1848 3749 1890 3804; x_wconf 91' lang='lat' dir='ltr'><strong>ibi</strong></span> 
     </span>
     <span class='ocr_line' id='line_1_41' title="bbox 192 3837 1893 3918; baseline 0.001 -27"><span class='ocrx_word' id='word_1_540' title='bbox 192 3837 305 3908; x_wconf 87' lang='lat' dir='ltr'><strong>piratas</strong></span> <span class='ocrx_word' id='word_1_541' title='bbox 314 3839 415 3896; x_wconf 86' lang='lat' dir='ltr'><strong>adesse</strong></span> <span class='ocrx_word' id='word_1_542' title='bbox 424 3840 569 3898; x_wconf 87' lang='lat' dir='ltr'><strong>dicebant.</strong></span> <span class='ocrx_word' id='word_1_543' title='bbox 581 3842 659 3906; x_wconf 84' lang='lat' dir='ltr'><strong>Quos</strong></span> <span class='ocrx_word' id='word_1_544' title='bbox 671 3843 719 3900; x_wconf 90' lang='lat' dir='ltr'><strong>iile</strong></span> <span class='ocrx_word' id='word_1_545' title='bbox 730 3844 955 3918; x_wconf 90' lang='lat' dir='ltr'><strong>proculintuens</strong></span> <span class='ocrx_word' id='word_1_546' title='bbox 965 3862 1015 3903; x_wconf 92' lang='lat' dir='ltr'><strong>su·</strong></span> <span class='ocrx_word' id='word_1_547' title='bbox 1070 3842 1199 3912; x_wconf 88' lang='lat' dir='ltr'><strong>biennio,</strong></span> <span class='ocrx_word' id='word_1_548' title='bbox 1215 3848 1243 3899; x_wconf 92' lang='lat' dir='ltr'><strong>et</strong></span> <span class='ocrx_word' id='word_1_549' title='bbox 1257 3859 1373 3917; x_wconf 90' lang='lat' dir='ltr'><strong>semper</strong></span> <span class='ocrx_word' id='word_1_550' title='bbox 1391 3843 1427 3900; x_wconf 90' lang='lat' dir='ltr'><strong>ds</strong></span> <span class='ocrx_word' id='word_1_551' title='bbox 1452 3843 1521 3914; x_wconf 84' lang='lat' dir='ltr'><strong>iuga</strong></span> <span class='ocrx_word' id='word_1_552' title='bbox 1545 3840 1688 3915; x_wconf 78' lang='lat' dir='ltr'><strong>cogitans.</strong></span> <span class='ocrx_word' id='word_1_553' title='bbox 1714 3837 1893 3911; x_wconf 77' lang='lat' dir='ltr'><strong>Hesychium</strong></span> 
     </span>
     <span class='ocr_line' id='line_1_42' title="bbox 154 3925 1890 4005; baseline 0.004 -31"><span class='ocrx_word' id='word_1_554' title='bbox 154 3955 161 3974; x_wconf 59' lang='grc' dir='ltr'><strong>ι</strong></span> <span class='ocrx_word' id='word_1_555' title='bbox 191 3925 287 3980; x_wconf 88' lang='lat' dir='ltr'><strong>brisit.</strong></span> <span class='ocrx_word' id='word_1_556' title='bbox 305 3927 339 3982; x_wconf 78' lang='lat' dir='ltr'><strong>et</strong></span> <span class='ocrx_word' id='word_1_557' title='bbox 363 3943 521 3985; x_wconf 87' lang='lat' dir='ltr'><strong>conversus</strong></span> <span class='ocrx_word' id='word_1_558' title='bbox 534 3931 569 3986; x_wconf 87' lang='lat' dir='ltr'><strong>ad</strong></span> <span class='ocrx_word' id='word_1_559' title='bbox 592 3931 753 4004; x_wconf 87' lang='lat' dir='ltr'><strong>discipulos</strong></span> <span class='ocrx_word' id='word_1_560' title='bbox 769 3933 860 3989; x_wconf 86' lang='lat' dir='ltr'><strong>dixit:</strong></span> <span class='ocrx_word' id='word_1_561' title='bbox 891 3935 1014 4003; x_wconf 72' lang='lat' dir='ltr'><strong>Modiam,</strong></span> <span class='ocrx_word' id='word_1_562' title='bbox 1070 3931 1384 4005; x_wconf 89' lang='lat' dir='ltr'><strong>adseveristcmpcre</strong></span> <span class='ocrx_word' id='word_1_563' title='bbox 1410 3946 1608 4000; x_wconf 81' lang='lat' dir='ltr'><strong>reversurum,</strong></span> <span class='ocrx_word' id='word_1_564' title='bbox 1636 3926 1820 3984; x_wconf 80' lang='lat' dir='ltr'><strong>Palestinam</strong></span> <span class='ocrx_word' id='word_1_565' title='bbox 1850 3925 1890 3982; x_wconf 89' lang='lat' dir='ltr'><strong>ad</strong></span> 
     </span>
     <span class='ocr_line' id='line_1_43' title="bbox 189 4012 1892 4096; baseline 0.001 -28"><span class='ocrx_word' id='word_1_566' title='bbox 189 4012 297 4086; x_wconf 91' lang='lat' dir='ltr'><strong>inquit,</strong></span> <span class='ocrx_word' id='word_1_567' title='bbox 325 4015 398 4084; x_wconf 78' lang='lat' dir='ltr'><strong>fidei,</strong></span> <span class='ocrx_word' id='word_1_568' title='bbox 435 4033 519 4088; x_wconf 84' lang='lat' dir='ltr'><strong>quere</strong></span> <span class='ocrx_word' id='word_1_569' title='bbox 548 4020 690 4091; x_wconf 85' lang='lat' dir='ltr'><strong>trepidetis</strong></span> <span class='ocrx_word' id='word_1_570' title='bbox 716 4021 820 4094; x_wconf 79' lang='lat' dir='ltr'><strong>(Marri.</strong></span> <span class='ocrx_word' id='word_1_571' title='bbox 850 4041 909 4093; x_wconf 91' lang='lat' dir='ltr'><strong>x1v,</strong></span> <span class='ocrx_word' id='word_1_572' title='bbox 944 4023 1015 4096; x_wconf 83' lang='grc' dir='ltr'><strong>32)ι</strong></span> <span class='ocrx_word' id='word_1_573' title='bbox 1069 4018 1275 4076; x_wconf 88' lang='lat' dir='ltr'><strong>salutationem</strong></span> <span class='ocrx_word' id='word_1_574' title='bbox 1286 4019 1459 4088; x_wconf 89' lang='lat' dir='ltr'><strong>iratrum‚et</strong></span> <span class='ocrx_word' id='word_1_575' title='bbox 1474 4017 1644 4076; x_wconf 89' lang='lat' dir='ltr'><strong>monasterii</strong></span> <span class='ocrx_word' id='word_1_576' title='bbox 1653 4016 1699 4073; x_wconf 90' lang='lat' dir='ltr'><strong>sui</strong></span> <span class='ocrx_word' id='word_1_577' title='bbox 1711 4014 1760 4073; x_wconf 77' lang='lat'><strong>88</strong></span> <span class='ocrx_word' id='word_1_578' title='bbox 1776 4014 1892 4072; x_wconf 87' lang='lat' dir='ltr'><strong>cineres</strong></span> 
     </span>
     <span class='ocr_line' id='line_1_44' title="bbox 189 4101 1891 4180; baseline 0.001 -24"><span class='ocrx_word' id='word_1_579' title='bbox 189 4101 338 4175; x_wconf 89' lang='lat' dir='ltr'><strong>Numquid</strong></span> <span class='ocrx_word' id='word_1_580' title='bbox 350 4103 564 4176; x_wconf 89' lang='lat' dir='ltr'><strong>pluressunthi</strong></span> <span class='ocrx_word' id='word_1_581' title='bbox 575 4125 662 4180; x_wconf 91' lang='lat' dir='ltr'><strong>quam</strong></span> <span class='ocrx_word' id='word_1_582' title='bbox 677 4110 838 4168; x_wconf 88' lang='lat' dir='ltr'><strong>Pharaonis</strong></span> <span class='ocrx_word' id='word_1_583' title='bbox 849 4111 1015 4168; x_wconf 79' lang='lat' dir='ltr'><strong>exercitus?</strong></span> <span class='ocrx_word' id='word_1_584' title='bbox 1067 4108 1203 4164; x_wconf 87' lang='lat' dir='ltr'><strong>visendos</strong></span> <span class='ocrx_word' id='word_1_585' title='bbox 1219 4108 1310 4164; x_wconf 90' lang='lat' dir='ltr'><strong>misit.</strong></span> <span class='ocrx_word' id='word_1_586' title='bbox 1327 4108 1462 4173; x_wconf 88' lang='lat' dir='ltr'><strong>Quicum</strong></span> <span class='ocrx_word' id='word_1_587' title='bbox 1488 4107 1665 4173; x_wconf 83' lang='lat' dir='ltr'><strong>revertisset,</strong></span> <span class='ocrx_word' id='word_1_588' title='bbox 1682 4103 1811 4178; x_wconf 89' lang='lat' dir='ltr'><strong>cupienti</strong></span> <span class='ocrx_word' id='word_1_589' title='bbox 1826 4119 1891 4160; x_wconf 92' lang='lat' dir='ltr'><strong>rur·</strong></span> 
     </span>
     <span class='ocr_line' id='line_1_45' title="bbox 188 4191 1897 4272; baseline 0.002 -26"><span class='ocrx_word' id='word_1_590' title='bbox 188 4193 296 4248; x_wconf 86' lang='lat' dir='ltr'><strong>Tamen</strong></span> <span class='ocrx_word' id='word_1_591' title='bbox 311 4209 414 4252; x_wconf 91' lang='lat' dir='ltr'><strong>omnes</strong></span> <span class='ocrx_word' id='word_1_592' title='bbox 429 4194 487 4252; x_wconf 88' lang='lat' dir='ltr'><strong>Deo</strong></span> <span class='ocrx_word' id='word_1_593' title='bbox 511 4195 624 4254; x_wconf 89' lang='lat' dir='ltr'><strong>volente</strong></span> <span class='ocrx_word' id='word_1_594' title='bbox 641 4200 788 4256; x_wconf 88' lang='lat' dir='ltr'><strong>submersi</strong></span> <span class='ocrx_word' id='word_1_595' title='bbox 808 4205 886 4256; x_wconf 90' lang='lat' dir='ltr'><strong>sunt.</strong></span> <span class='ocrx_word' id='word_1_596' title='bbox 903 4201 1014 4272; x_wconf 88' lang='lat' dir='ltr'><strong>Loque·</strong></span> <span class='ocrx_word' id='word_1_597' title='bbox 1068 4213 1135 4252; x_wconf 91' lang='lat' dir='ltr'><strong>sum</strong></span> <span class='ocrx_word' id='word_1_598' title='bbox 1150 4197 1186 4253; x_wconf 90' lang='lat' dir='ltr'><strong>ad</strong></span> <span class='ocrx_word' id='word_1_599' title='bbox 1201 4197 1356 4270; x_wconf 80' lang='lat' dir='ltr'><strong>AEgyptum</strong></span> <span class='ocrx_word' id='word_1_600' title='bbox 1380 4197 1526 4271; x_wconf 81' lang='lat' dir='ltr'><strong>navigare,</strong></span> <span class='ocrx_word' id='word_1_601' title='bbox 1551 4196 1606 4253; x_wconf 91' lang='lat' dir='ltr'><strong>hoc</strong></span> <span class='ocrx_word' id='word_1_602' title='bbox 1620 4197 1675 4262; x_wconf 90' lang='lat' dir='ltr'><strong>est,</strong></span> <span class='ocrx_word' id='word_1_603' title='bbox 1701 4195 1737 4252; x_wconf 89' lang='lat' dir='ltr'><strong>ad</strong></span> <span class='ocrx_word' id='word_1_604' title='bbox 1762 4209 1795 4249; x_wconf 88' lang='lat' dir='ltr'><strong>ea</strong></span> <span class='ocrx_word' id='word_1_605' title='bbox 1817 4191 1897 4250; x_wconf 88' lang='lat' dir='ltr'><strong>ioca.</strong></span> 
     </span>
    </p>
   </div>
   <div class='ocr_carea' id='block_1_3' title="bbox 188 4416 1925 5489">
    <p class='ocr_par' dir='ltr' id='par_1_3' title="bbox 188 4416 1925 5489">
     <span class='ocr_line' id='line_1_46' title="bbox 227 4416 1418 4488; baseline 0.005 -18"><span class='ocrx_word' id='word_1_606' title='bbox 227 4416 233 4449; x_wconf 94' lang='lat'><strong>¹</strong></span> <span class='ocrx_word' id='word_1_607' title='bbox 250 4416 468 4487; x_wconf 69' lang='lat' dir='ltr'><strong>intempestate,</strong></span> <span class='ocrx_word' id='word_1_608' title='bbox 484 4423 567 4476; x_wconf 78' lang='lat' dir='ltr'><strong>terroe</strong></span> <span class='ocrx_word' id='word_1_609' title='bbox 588 4428 675 4476; x_wconf 84' lang='lat' dir='ltr'><strong>mota.</strong></span> <span class='ocrx_word' id='word_1_610' title='bbox 693 4421 723 4474; x_wconf 96' lang='lat' dir='ltr'><strong>ln</strong></span> <span class='ocrx_word' id='word_1_611' title='bbox 749 4419 899 4478; x_wconf 80' lang='lat' dir='ltr'><strong>chronicis</strong></span> <span class='ocrx_word' id='word_1_612' title='bbox 923 4421 1010 4480; x_wconf 77' lang='lat' dir='ltr'><strong>liuse-</strong></span> <span class='ocrx_word' id='word_1_613' title='bbox 1067 4419 1214 4476; x_wconf 86' lang='lat' dir='ltr'><strong>Socratem</strong></span> <span class='ocrx_word' id='word_1_614' title='bbox 1231 4418 1333 4488; x_wconf 91' lang='lat' dir='ltr'><strong>iib.1v,</strong></span> <span class='ocrx_word' id='word_1_615' title='bbox 1348 4435 1373 4476; x_wconf 93' lang='lat' dir='ltr'><strong>e.</strong></span> <span class='ocrx_word' id='word_1_616' title='bbox 1390 4420 1418 4476; x_wconf 91' lang='lat'><strong>3.</strong></span> 
     </span>
     <span class='ocr_line' id='line_1_47' title="bbox 190 4479 1890 4564; baseline 0.001 -24"><span class='ocrx_word' id='word_1_617' title='bbox 190 4485 287 4540; x_wconf 86' lang='lat' dir='ltr'><strong>biania</strong></span> <span class='ocrx_word' id='word_1_618' title='bbox 311 4485 388 4541; x_wconf 91' lang='lat' dir='ltr'><strong>idem</strong></span> <span class='ocrx_word' id='word_1_619' title='bbox 417 4487 621 4562; x_wconf 87' lang='lat' dir='ltr'><strong>Hieronymus,</strong></span> <span class='ocrx_word' id='word_1_620' title='bbox 646 4506 722 4546; x_wconf 90' lang='lat' dir='ltr'><strong>anno</strong></span> <span class='ocrx_word' id='word_1_621' title='bbox 749 4489 946 4550; x_wconf 89' lang='lat' dir='ltr'><strong>Valentiniani</strong></span> <span class='ocrx_word' id='word_1_622' title='bbox 974 4479 1049 4559; x_wconf 76' lang='lat' dir='ltr'><strong>mil</strong></span> <span class='ocrx_word' id='word_1_623' title='bbox 1099 4491 1271 4564; x_wconf 76' lang='lat' dir='ltr'><strong>’Proerepte</strong></span> <span class='ocrx_word' id='word_1_624' title='bbox 1298 4491 1545 4548; x_wconf 83' lang='lat' dir='ltr'><strong>detetcmonttem.</strong></span> <span class='ocrx_word' id='word_1_625' title='bbox 1567 4490 1726 4547; x_wconf 85' lang='lat' dir='ltr'><strong>Haemode</strong></span> <span class='ocrx_word' id='word_1_626' title='bbox 1742 4487 1890 4560; x_wconf 88' lang='lat' dir='ltr'><strong>scriptum</strong></span> 
     </span>
     <span class='ocr_line' id='line_1_48' title="bbox 193 4556 1896 4640; baseline 0.002 -30"><span class='ocrx_word' id='word_1_627' title='bbox 193 4579 203 4604; x_wconf 77' lang='grc' dir='ltr'><strong>ι</strong></span> <span class='ocrx_word' id='word_1_628' title='bbox 222 4556 317 4636; x_wconf 73' lang='lat' dir='ltr'><strong>Terre</strong></span> <span class='ocrx_word' id='word_1_629' title='bbox 334 4561 413 4612; x_wconf 93' lang='lat' dir='ltr'><strong>motu</strong></span> <span class='ocrx_word' id='word_1_630' title='bbox 428 4563 589 4640; x_wconf 78' lang='lat' dir='ltr'><strong>parietum</strong></span> <span class='ocrx_word' id='word_1_631' title='bbox 606 4560 706 4616; x_wconf 91' lang='lat' dir='ltr'><strong>orbem</strong></span> <span class='ocrx_word' id='word_1_632' title='bbox 722 4561 808 4630; x_wconf 89' lang='lat' dir='ltr'><strong>iacto,</strong></span> <span class='ocrx_word' id='word_1_633' title='bbox 827 4579 912 4620; x_wconf 88' lang='lat' dir='ltr'><strong>mane</strong></span> <span class='ocrx_word' id='word_1_634' title='bbox 927 4563 1011 4622; x_wconf 89' lang='lat' dir='ltr'><strong>littus</strong></span> <span class='ocrx_word' id='word_1_635' title='bbox 1067 4562 1227 4634; x_wconf 90' lang='lat' dir='ltr'><strong>reperimus</strong></span> <span class='ocrx_word' id='word_1_636' title='bbox 1246 4563 1276 4618; x_wconf 90' lang='lat' dir='ltr'><strong>in</strong></span> <span class='ocrx_word' id='word_1_637' title='bbox 1293 4563 1441 4630; x_wconf 83' lang='lat' dir='ltr'><strong>omnibus,</strong></span> <span class='ocrx_word' id='word_1_638' title='bbox 1452 4578 1525 4635; x_wconf 91' lang='lat' dir='ltr'><strong>quos</strong></span> <span class='ocrx_word' id='word_1_639' title='bbox 1540 4561 1664 4634; x_wconf 84' lang='lat' dir='ltr'><strong>inspexi,</strong></span> <span class='ocrx_word' id='word_1_640' title='bbox 1682 4577 1765 4629; x_wconf 79' lang='lat' dir='ltr'><strong>msa,</strong></span> <span class='ocrx_word' id='word_1_641' title='bbox 1781 4557 1896 4616; x_wconf 87' lang='lat' dir='ltr'><strong>codici-</strong></span> 
     </span>
     <span class='ocr_line' id='line_1_49' title="bbox 190 4627 1896 4708; baseline 0.002 -26"><span class='ocrx_word' id='word_1_642' title='bbox 190 4627 349 4708; x_wconf 82' lang='lat' dir='ltr'><strong>cgredrtur,</strong></span> <span class='ocrx_word' id='word_1_643' title='bbox 363 4632 391 4684; x_wconf 90' lang='lat' dir='ltr'><strong>et</strong></span> <span class='ocrx_word' id='word_1_644' title='bbox 406 4628 520 4696; x_wconf 78' lang='lat' dir='ltr'><strong>Sicilia,</strong></span> <span class='ocrx_word' id='word_1_645' title='bbox 537 4631 758 4704; x_wconf 87' lang='lat' dir='ltr'><strong>multarumque</strong></span> <span class='ocrx_word' id='word_1_646' title='bbox 779 4632 943 4690; x_wconf 86' lang='lat' dir='ltr'><strong>insularum</strong></span> <span class='ocrx_word' id='word_1_647' title='bbox 963 4655 1010 4692; x_wconf 92' lang='lat' dir='ltr'><strong>nr·</strong></span> <span class='ocrx_word' id='word_1_648' title='bbox 1065 4635 1131 4690; x_wconf 91' lang='lat' dir='ltr'><strong>bus.</strong></span> <span class='ocrx_word' id='word_1_649' title='bbox 1158 4634 1307 4690; x_wconf 86' lang='lat' dir='ltr'><strong>Marianus</strong></span> <span class='ocrx_word' id='word_1_650' title='bbox 1325 4633 1406 4708; x_wconf 82' lang='lat' dir='ltr'><strong>legit,</strong></span> <span class='ocrx_word' id='word_1_651' title='bbox 1425 4633 1460 4689; x_wconf 88' lang='lat' dir='ltr'><strong>ed</strong></span> <span class='ocrx_word' id='word_1_652' title='bbox 1474 4642 1617 4706; x_wconf 77' lang='lat' dir='ltr'><strong>praerepte</strong></span> <span class='ocrx_word' id='word_1_653' title='bbox 1640 4634 1777 4688; x_wconf 79' lang='lat' dir='ltr'><strong>mentium</strong></span> <span class='ocrx_word' id='word_1_654' title='bbox 1799 4630 1896 4686; x_wconf 81' lang='lat' dir='ltr'><strong>delete</strong></span> 
     </span>
     <span class='ocr_line' id='line_1_50' title="bbox 190 4699 1419 4777; baseline 0.007 -25"><span class='ocrx_word' id='word_1_655' title='bbox 190 4699 251 4765; x_wconf 88' lang='lat' dir='ltr'><strong>bes,</strong></span> <span class='ocrx_word' id='word_1_656' title='bbox 266 4701 294 4753; x_wconf 85' lang='lat' dir='ltr'><strong>st</strong></span> <span class='ocrx_word' id='word_1_657' title='bbox 308 4699 540 4757; x_wconf 80' lang='lat' dir='ltr'><strong>innumerabiles</strong></span> <span class='ocrx_word' id='word_1_658' title='bbox 559 4702 680 4774; x_wconf 90' lang='lat' dir='ltr'><strong>populos</strong></span> <span class='ocrx_word' id='word_1_659' title='bbox 705 4704 860 4775; x_wconf 88' lang='lat' dir='ltr'><strong>oppressit.</strong></span> <span class='ocrx_word' id='word_1_660' title='bbox 879 4729 892 4756; x_wconf 74' lang='grc' dir='ltr'><strong>ιι</strong></span> <span class='ocrx_word' id='word_1_661' title='bbox 908 4706 948 4764; x_wconf 88' lang='lat' dir='ltr'><strong>De</strong></span> <span class='ocrx_word' id='word_1_662' title='bbox 962 4725 1010 4766; x_wconf 87' lang='lat' dir='ltr'><strong>eo·</strong></span> <span class='ocrx_word' id='word_1_663' title='bbox 1062 4705 1260 4777; x_wconf 79' lang='lat' dir='ltr'><strong>pependerant.</strong></span> <span class='ocrx_word' id='word_1_664' title='bbox 1276 4706 1419 4762; x_wconf 73' lang='lat' dir='ltr'><strong>Meamne.</strong></span> 
     </span>
     <span class='ocr_line' id='line_1_51' title="bbox 189 4769 1896 4846; baseline 0.001 -20"><span class='ocrx_word' id='word_1_665' title='bbox 189 4770 255 4826; x_wconf 89' lang='lat' dir='ltr'><strong>dem</strong></span> <span class='ocrx_word' id='word_1_666' title='bbox 284 4769 345 4827; x_wconf 76' lang='lat' dir='ltr'><strong>hac</strong></span> <span class='ocrx_word' id='word_1_667' title='bbox 371 4769 459 4828; x_wconf 90' lang='lat' dir='ltr'><strong>habet</strong></span> <span class='ocrx_word' id='word_1_668' title='bbox 486 4771 516 4828; x_wconf 89' lang='lat' dir='ltr'><strong>in</strong></span> <span class='ocrx_word' id='word_1_669' title='bbox 543 4773 599 4830; x_wconf 89' lang='lat' dir='ltr'><strong>lsa.</strong></span> <span class='ocrx_word' id='word_1_670' title='bbox 629 4789 692 4846; x_wconf 92' lang='lat' dir='ltr'><strong>cap.</strong></span> <span class='ocrx_word' id='word_1_671' title='bbox 722 4792 775 4832; x_wconf 86' lang='lat' dir='ltr'><strong>xv:</strong></span> <span class='ocrx_word' id='word_1_672' title='bbox 802 4798 815 4826; x_wconf 81' lang='lat' dir='ltr'><strong>a</strong></span> <span class='ocrx_word' id='word_1_673' title='bbox 833 4776 913 4833; x_wconf 92' lang='lat' dir='ltr'><strong>Metu</strong></span> <span class='ocrx_word' id='word_1_674' title='bbox 930 4784 1010 4835; x_wconf 82' lang='lat' dir='ltr'><strong>terrae</strong></span> <span class='ocrx_word' id='word_1_675' title='bbox 1100 4806 1134 4818; x_wconf 90' lang='lat'>-</span> <span class='ocrx_word' id='word_1_676' title='bbox 1157 4775 1358 4834; x_wconf 77' lang='lat' dir='ltr'><strong>Erusmianam</strong></span> <span class='ocrx_word' id='word_1_677' title='bbox 1383 4776 1537 4834; x_wconf 87' lang='lat' dir='ltr'><strong>lectionem</strong></span> <span class='ocrx_word' id='word_1_678' title='bbox 1560 4774 1746 4832; x_wconf 86' lang='lat' dir='ltr'><strong>Martianseus</strong></span> <span class='ocrx_word' id='word_1_679' title='bbox 1767 4787 1803 4828; x_wconf 79' lang='lat' dir='ltr'><strong>ex</strong></span> <span class='ocrx_word' id='word_1_680' title='bbox 1832 4772 1896 4829; x_wconf 85' lang='lat' dir='ltr'><strong>nde</strong></span> 
     </span>
     <span class='ocr_line' id='line_1_52' title="bbox 189 4840 1896 4918; baseline 0.001 -20"><span class='ocrx_word' id='word_1_681' title='bbox 189 4858 297 4914; x_wconf 86' lang='lat' dir='ltr'><strong>magno</strong></span> <span class='ocrx_word' id='word_1_682' title='bbox 312 4840 341 4896; x_wconf 91' lang='lat' dir='ltr'><strong>in</strong></span> <span class='ocrx_word' id='word_1_683' title='bbox 356 4858 421 4898; x_wconf 85' lang='lat' dir='ltr'><strong>msa</strong></span> <span class='ocrx_word' id='word_1_684' title='bbox 437 4843 567 4912; x_wconf 78' lang='lat' dir='ltr'><strong>infamia,</strong></span> <span class='ocrx_word' id='word_1_685' title='bbox 593 4844 710 4916; x_wconf 90' lang='lat' dir='ltr'><strong>quando</strong></span> <span class='ocrx_word' id='word_1_686' title='bbox 726 4845 817 4903; x_wconf 90' lang='lat' dir='ltr'><strong>tetius</strong></span> <span class='ocrx_word' id='word_1_687' title='bbox 833 4848 912 4905; x_wconf 89' lang='lat' dir='ltr'><strong>orbis</strong></span> <span class='ocrx_word' id='word_1_688' title='bbox 927 4849 1010 4907; x_wconf 88' lang='lat' dir='ltr'><strong>littus</strong></span> <span class='ocrx_word' id='word_1_689' title='bbox 1065 4863 1136 4904; x_wconf 93' lang='lat' dir='ltr'><strong>mss.</strong></span> <span class='ocrx_word' id='word_1_690' title='bbox 1163 4864 1284 4904; x_wconf 89' lang='lat' dir='ltr'><strong>suornm</strong></span> <span class='ocrx_word' id='word_1_691' title='bbox 1308 4847 1461 4914; x_wconf 88' lang='lat' dir='ltr'><strong>revocavit,</strong></span> <span class='ocrx_word' id='word_1_692' title='bbox 1482 4847 1515 4904; x_wconf 88' lang='lat' dir='ltr'><strong>de</strong></span> <span class='ocrx_word' id='word_1_693' title='bbox 1535 4848 1630 4914; x_wconf 84' lang='lat' dir='ltr'><strong>latere,</strong></span> <span class='ocrx_word' id='word_1_694' title='bbox 1646 4862 1699 4918; x_wconf 89' lang='lat' dir='ltr'><strong>pro</strong></span> <span class='ocrx_word' id='word_1_695' title='bbox 1718 4860 1777 4900; x_wconf 92' lang='lat' dir='ltr'><strong>nno</strong></span> <span class='ocrx_word' id='word_1_696' title='bbox 1801 4843 1896 4899; x_wconf 89' lang='lat' dir='ltr'><strong>verbo</strong></span> 
     </span>
     <span class='ocr_line' id='line_1_53' title="bbox 188 4913 1895 4994; baseline 0.001 -27"><span class='ocrx_word' id='word_1_697' title='bbox 188 4915 588 4994; x_wconf 79' lang='lat' dir='ltr'><strong>trangressasuutmaria.»</strong></span> <span class='ocrx_word' id='word_1_698' title='bbox 605 4921 659 4972; x_wconf 81' lang='lat' dir='ltr'><strong>etc.</strong></span> <span class='ocrx_word' id='word_1_699' title='bbox 687 4917 754 4974; x_wconf 89' lang='lat' dir='ltr'><strong>Vide</strong></span> <span class='ocrx_word' id='word_1_700' title='bbox 769 4918 859 4976; x_wconf 89' lang='lat' dir='ltr'><strong>ctiam</strong></span> <span class='ocrx_word' id='word_1_701' title='bbox 874 4920 1009 4978; x_wconf 89' lang='lat' dir='ltr'><strong>Orosium</strong></span> <span class='ocrx_word' id='word_1_702' title='bbox 1064 4919 1182 4976; x_wconf 76' lang='lat' dir='ltr'><strong>delotae:</strong></span> <span class='ocrx_word' id='word_1_703' title='bbox 1215 4919 1299 4977; x_wconf 90' lang='lat' dir='ltr'><strong>nobis</strong></span> <span class='ocrx_word' id='word_1_704' title='bbox 1336 4921 1479 4993; x_wconf 89' lang='lat' dir='ltr'><strong>probatur</strong></span> <span class='ocrx_word' id='word_1_705' title='bbox 1507 4919 1602 4992; x_wconf 76' lang='lat' dir='ltr'><strong>magis</strong></span> <span class='ocrx_word' id='word_1_706' title='bbox 1628 4917 1729 4974; x_wconf 82' lang='lat' dir='ltr'><strong>isthac</strong></span> <span class='ocrx_word' id='word_1_707' title='bbox 1757 4913 1895 4986; x_wconf 85' lang='lat' dir='ltr'><strong>Victorii,</strong></span> 
     </span>
     <span class='ocr_line' id='line_1_54' title="bbox 189 4982 1895 5066; baseline 0.002 -28"><span class='ocrx_word' id='word_1_708' title='bbox 189 4982 240 5038; x_wconf 80' lang='lat' dir='ltr'><strong>lib.</strong></span> <span class='ocrx_word' id='word_1_709' title='bbox 257 5001 306 5049; x_wconf 90' lang='lat' dir='ltr'><strong>va,</strong></span> <span class='ocrx_word' id='word_1_710' title='bbox 318 4999 381 5056; x_wconf 90' lang='lat' dir='ltr'><strong>cap.</strong></span> <span class='ocrx_word' id='word_1_711' title='bbox 402 4987 445 5042; x_wconf 82' lang='grc'><strong>32.</strong></span> <span class='ocrx_word' id='word_1_712' title='bbox 463 4991 491 5044; x_wconf 91' lang='lat' dir='ltr'><strong>et</strong></span> <span class='ocrx_word' id='word_1_713' title='bbox 505 4987 615 5044; x_wconf 88' lang='lat' dir='ltr'><strong>Socrat.</strong></span> <span class='ocrx_word' id='word_1_714' title='bbox 632 4990 699 5045; x_wconf 86' lang='lat' dir='ltr'><strong>litet.</strong></span> <span class='ocrx_word' id='word_1_715' title='bbox 713 4990 810 5046; x_wconf 78' lang='lat' dir='ltr'><strong>decies.</strong></span> <span class='ocrx_word' id='word_1_716' title='bbox 828 4990 877 5048; x_wconf 89' lang='lat' dir='ltr'><strong>lib.</strong></span> <span class='ocrx_word' id='word_1_717' title='bbox 891 5010 928 5058; x_wconf 82' lang='grc' dir='ltr'><strong>ιιι,</strong></span> <span class='ocrx_word' id='word_1_718' title='bbox 944 5010 1008 5066; x_wconf 90' lang='lat' dir='ltr'><strong>cap.</strong></span> <span class='ocrx_word' id='word_1_719' title='bbox 1065 5007 1154 5062; x_wconf 88' lang='lat' dir='ltr'><strong>quem</strong></span> <span class='ocrx_word' id='word_1_720' title='bbox 1177 5007 1249 5048; x_wconf 91' lang='lat' dir='ltr'><strong>mss.</strong></span> <span class='ocrx_word' id='word_1_721' title='bbox 1266 4993 1301 5049; x_wconf 89' lang='lat' dir='ltr'><strong>ad</strong></span> <span class='ocrx_word' id='word_1_722' title='bbox 1328 5008 1419 5049; x_wconf 91' lang='lat' dir='ltr'><strong>uuum</strong></span> <span class='ocrx_word' id='word_1_723' title='bbox 1443 5006 1557 5059; x_wconf 89' lang='lat' dir='ltr'><strong>omnes,</strong></span> <span class='ocrx_word' id='word_1_724' title='bbox 1582 5005 1657 5062; x_wconf 90' lang='lat' dir='ltr'><strong>quos</strong></span> <span class='ocrx_word' id='word_1_725' title='bbox 1671 4985 1895 5058; x_wconf 86' lang='lat' dir='ltr'><strong>consuluimus,</strong></span> 
     </span>
     <span class='ocr_line' id='line_1_55' title="bbox 189 5054 1828 5138; baseline 0.011 -31"><span class='ocrx_word' id='word_1_726' title='bbox 189 5054 368 5113; x_wconf 60' lang='lat' dir='ltr'><strong>&amp;Miseram</strong></span> <span class='ocrx_word' id='word_1_727' title='bbox 1065 5062 1250 5120; x_wconf 84' lang='lat' dir='ltr'><strong>confirmant.</strong></span> <span class='ocrx_word' id='word_1_728' title='bbox 1821 5124 1828 5138; x_wconf 77' lang='grc'><strong>,</strong></span> 
     </span>
     <span class='ocr_line' id='line_1_56' title="bbox 225 5125 1925 5209; baseline 0.001 -29"><span class='ocrx_word' id='word_1_729' title='bbox 225 5125 368 5207; x_wconf 56' lang='lat' dir='ltr'><strong>ssslerrae</strong></span> <span class='ocrx_word' id='word_1_730' title='bbox 382 5131 537 5209; x_wconf 77' lang='lat' dir='ltr'><strong>metushic</strong></span> <span class='ocrx_word' id='word_1_731' title='bbox 553 5131 630 5188; x_wconf 90' lang='lat' dir='ltr'><strong>idem</strong></span> <span class='ocrx_word' id='word_1_732' title='bbox 641 5141 694 5200; x_wconf 86' lang='lat' dir='ltr'><strong>est,</strong></span> <span class='ocrx_word' id='word_1_733' title='bbox 707 5149 793 5204; x_wconf 92' lang='lat' dir='ltr'><strong>quem</strong></span> <span class='ocrx_word' id='word_1_734' title='bbox 805 5132 952 5206; x_wconf 82' lang='lat' dir='ltr'><strong>eleganter</strong></span> <span class='ocrx_word' id='word_1_735' title='bbox 963 5134 1010 5190; x_wconf 91' lang='lat' dir='ltr'><strong>de·</strong></span> <span class='ocrx_word' id='word_1_736' title='bbox 1100 5134 1192 5190; x_wconf 67' lang='lat' dir='ltr'><strong>³ltrat</strong></span> <span class='ocrx_word' id='word_1_737' title='bbox 1227 5139 1312 5191; x_wconf 88' lang='lat' dir='ltr'><strong>antea</strong></span> <span class='ocrx_word' id='word_1_738' title='bbox 1339 5133 1457 5205; x_wconf 80' lang='lat' dir='ltr'><strong>inpressi</strong></span> <span class='ocrx_word' id='word_1_739' title='bbox 1483 5137 1557 5202; x_wconf 83' lang='lat' dir='ltr'><strong>sent,</strong></span> <span class='ocrx_word' id='word_1_740' title='bbox 1588 5133 1664 5188; x_wconf 90' lang='lat' dir='ltr'><strong>certe</strong></span> <span class='ocrx_word' id='word_1_741' title='bbox 1693 5126 1894 5187; x_wconf 78' lang='lat' dir='ltr'><strong>renitentibus</strong></span> <span class='ocrx_word' id='word_1_742' title='bbox 1921 5163 1925 5171; x_wconf 83' lang='lat'><em>-</em></span> 
     </span>
     <span class='ocr_line' id='line_1_57' title="bbox 189 5195 1690 5277; baseline 0.004 -25"><span class='ocrx_word' id='word_1_743' title='bbox 189 5195 291 5252; x_wconf 78' lang='lat' dir='ltr'><strong>scribat</strong></span> <span class='ocrx_word' id='word_1_744' title='bbox 305 5199 479 5256; x_wconf 81' lang='lat' dir='ltr'><strong>Ammianus</strong></span> <span class='ocrx_word' id='word_1_745' title='bbox 503 5202 691 5260; x_wconf 89' lang='lat' dir='ltr'><strong>Marcellinus</strong></span> <span class='ocrx_word' id='word_1_746' title='bbox 710 5204 746 5259; x_wconf 91' lang='lat' dir='ltr'><strong>ad</strong></span> <span class='ocrx_word' id='word_1_747' title='bbox 763 5203 849 5260; x_wconf 86' lang='lat' dir='ltr'><strong>finem</strong></span> <span class='ocrx_word' id='word_1_748' title='bbox 867 5204 917 5260; x_wconf 91' lang='lat' dir='ltr'><strong>lib.</strong></span> <span class='ocrx_word' id='word_1_749' title='bbox 933 5223 1008 5272; x_wconf 84' lang='lat' dir='ltr'><strong>xuv1,</strong></span> <span class='ocrx_word' id='word_1_750' title='bbox 1034 5238 1040 5250; x_wconf 76' lang='lat'><strong>.</strong></span> <span class='ocrx_word' id='word_1_751' title='bbox 1066 5219 1136 5261; x_wconf 93' lang='lat' dir='ltr'><strong>mss.</strong></span> <span class='ocrx_word' id='word_1_752' title='bbox 1150 5205 1216 5262; x_wconf 92' lang='lat' dir='ltr'><strong>Vid.</strong></span> <span class='ocrx_word' id='word_1_753' title='bbox 1232 5208 1435 5271; x_wconf 85' lang='lat' dir='ltr'><strong>Sozcmenum,</strong></span> <span class='ocrx_word' id='word_1_754' title='bbox 1450 5202 1502 5259; x_wconf 88' lang='lat' dir='ltr'><strong>lib.</strong></span> <span class='ocrx_word' id='word_1_755' title='bbox 1517 5221 1546 5272; x_wconf 89' lang='lat' dir='ltr'><strong>v,</strong></span> <span class='ocrx_word' id='word_1_756' title='bbox 1562 5219 1626 5277; x_wconf 85' lang='lat' dir='ltr'><strong>cap.</strong></span> <span class='ocrx_word' id='word_1_757' title='bbox 1644 5203 1690 5258; x_wconf 80' lang='lat' dir='ltr'><strong>m.</strong></span> 
     </span>
     <span class='ocr_line' id='line_1_58' title="bbox 189 5267 1895 5357; baseline 0.001 -33"><span class='ocrx_word' id='word_1_758' title='bbox 189 5271 215 5324; x_wconf 89' lang='lat' dir='ltr'><strong>et</strong></span> <span class='ocrx_word' id='word_1_759' title='bbox 235 5267 347 5350; x_wconf 72' lang='lat' dir='ltr'><strong>eeeaete</strong></span> <span class='ocrx_word' id='word_1_760' title='bbox 372 5269 561 5350; x_wconf 71' lang='lat' dir='ltr'><strong>Valentiniano</strong></span> <span class='ocrx_word' id='word_1_761' title='bbox 583 5278 706 5346; x_wconf 79' lang='lat' dir='ltr'><strong>primam</strong></span> <span class='ocrx_word' id='word_1_762' title='bbox 720 5293 781 5331; x_wconf 81' lang='lat' dir='ltr'><strong>crem</strong></span> <span class='ocrx_word' id='word_1_763' title='bbox 795 5278 884 5348; x_wconf 67' lang='lat' dir='ltr'><strong>preire</strong></span> <span class='ocrx_word' id='word_1_764' title='bbox 902 5277 1011 5333; x_wconf 84' lang='lat' dir='ltr'><strong>Veiente</strong></span> <span class='ocrx_word' id='word_1_765' title='bbox 1100 5276 1206 5334; x_wconf 77' lang='lat' dir='ltr'><strong>‘Unus</strong></span> <span class='ocrx_word' id='word_1_766' title='bbox 1229 5277 1322 5334; x_wconf 91' lang='lat' dir='ltr'><strong>Vatic.</strong></span> <span class='ocrx_word' id='word_1_767' title='bbox 1353 5277 1464 5332; x_wconf 80' lang='lat' dir='ltr'><strong>Fluctus</strong></span> <span class='ocrx_word' id='word_1_768' title='bbox 1484 5283 1603 5332; x_wconf 80' lang='lat' dir='ltr'><strong>vertente</strong></span> <span class='ocrx_word' id='word_1_769' title='bbox 1626 5273 1675 5357; x_wconf 75' lang='lat' dir='ltr'><strong>(al.</strong></span> <span class='ocrx_word' id='word_1_770' title='bbox 1695 5269 1829 5340; x_wconf 77' lang='lat' dir='ltr'><strong>verrente)</strong></span> <span class='ocrx_word' id='word_1_771' title='bbox 1845 5285 1895 5326; x_wconf 82' lang='lat' dir='ltr'><strong>re-</strong></span> 
     </span>
     <span class='ocr_line' id='line_1_59' title="bbox 190 5337 1838 5453; baseline 0.001 -59"><span class='ocrx_word' id='word_1_772' title='bbox 190 5339 330 5422; x_wconf 79' lang='lat' dir='ltr'><strong>accrdusse</strong></span> <span class='ocrx_word' id='word_1_773' title='bbox 355 5337 434 5407; x_wconf 79' lang='lat' dir='ltr'><strong>droit,</strong></span> <span class='ocrx_word' id='word_1_774' title='bbox 460 5344 536 5414; x_wconf 91' lang='lat' dir='ltr'><strong>quod</strong></span> <span class='ocrx_word' id='word_1_775' title='bbox 567 5347 690 5401; x_wconf 82' lang='lat' dir='ltr'><strong>retertur</strong></span> <span class='ocrx_word' id='word_1_776' title='bbox 715 5348 751 5403; x_wconf 88' lang='lat' dir='ltr'><strong>ad</strong></span> <span class='ocrx_word' id='word_1_777' title='bbox 783 5364 830 5402; x_wconf 90' lang='lat' dir='ltr'><strong>an.</strong></span> <span class='ocrx_word' id='word_1_778' title='bbox 859 5349 913 5404; x_wconf 79' lang='grc'><strong>365</strong></span> <span class='ocrx_word' id='word_1_779' title='bbox 934 5348 1010 5420; x_wconf 89' lang='lat' dir='ltr'><strong>(vide</strong></span> <span class='ocrx_word' id='word_1_780' title='bbox 1063 5349 1136 5453; x_wconf 62' lang='lat' dir='ltr'><strong>mipe</strong></span> <span class='ocrx_word' id='word_1_781' title='bbox 1161 5341 1838 5420; x_wconf 70' lang='lat' dir='ltr'><strong>ommacio,quaefortassevenorestlectio.</strong></span> 
     </span>
     <span class='ocr_line' id='line_1_60' title="bbox 189 5410 1010 5489; baseline 0.01 -21"><span class='ocrx_word' id='word_1_782' title='bbox 189 5410 352 5468; x_wconf 77' lang='lat' dir='ltr'><strong>Chronicon</strong></span> <span class='ocrx_word' id='word_1_783' title='bbox 376 5412 410 5466; x_wconf 89' lang='lat' dir='ltr'><strong>ad</strong></span> <span class='ocrx_word' id='word_1_784' title='bbox 428 5430 475 5469; x_wconf 87' lang='lat' dir='ltr'><strong>an.</strong></span> <span class='ocrx_word' id='word_1_785' title='bbox 502 5418 520 5470; x_wconf 86' lang='lat'>2</span> <span class='ocrx_word' id='word_1_786' title='bbox 544 5417 763 5489; x_wconf 75' lang='lat' dir='ltr'><strong>Valentiniani),</strong></span> <span class='ocrx_word' id='word_1_787' title='bbox 789 5421 817 5474; x_wconf 89' lang='lat' dir='ltr'><strong>ct</strong></span> <span class='ocrx_word' id='word_1_788' title='bbox 832 5419 861 5474; x_wconf 92' lang='lat' dir='ltr'><strong>iu</strong></span> <span class='ocrx_word' id='word_1_789' title='bbox 879 5420 1010 5482; x_wconf 82' lang='lat' dir='ltr'><strong>Chronico</strong></span> 
     </span>
    </p>
   </div>
   <div class='ocr_carea' id='block_1_4' title="bbox 190 5391 1892 5619">
    <p class='ocr_par' dir='ltr' id='par_1_4' title="bbox 190 5391 1892 5619">
     <span class='ocr_line' id='line_1_61' title="bbox 1124 5391 1712 5484; baseline 0 -10"><span class='ocrx_word' id='word_1_790' title='bbox 1124 5391 1192 5476; x_wconf 67' lang='lat' dir='ltr'><strong>ll’rat</strong></span> <span class='ocrx_word' id='word_1_791' title='bbox 1208 5425 1308 5477; x_wconf 91' lang='lat' dir='ltr'><strong>contra</strong></span> <span class='ocrx_word' id='word_1_792' title='bbox 1322 5435 1393 5476; x_wconf 89' lang='lat' dir='ltr'><strong>mss.</strong></span> <span class='ocrx_word' id='word_1_793' title='bbox 1406 5420 1504 5484; x_wconf 86' lang='lat' dir='ltr'><strong>fidem,</strong></span> <span class='ocrx_word' id='word_1_794' title='bbox 1520 5417 1712 5475; x_wconf 72' lang='lat' dir='ltr'><strong>eedmbeeter.</strong></span> 
     </span>
     <span class='ocr_line' id='line_1_62' title="bbox 190 5483 1892 5619; baseline 0.001 -81"><span class='ocrx_word' id='word_1_795' title='bbox 190 5483 439 5556; x_wconf 73' lang='grc' dir='ltr'><strong>Αιθ.ϊαιιιι..·ἰούτῳ</strong></span> <span class='ocrx_word' id='word_1_796' title='bbox 461 5495 496 5556; x_wconf 77' lang='grc' dir='ltr'><strong>τῷ</strong></span> <span class='ocrx_word' id='word_1_797' title='bbox 521 5495 568 5542; x_wconf 71' lang='grc' dir='ltr'><strong>ἔτει</strong></span> <span class='ocrx_word' id='word_1_798' title='bbox 587 5495 733 5555; x_wconf 58' lang='lat' dir='ltr'><strong>thebaeae</strong></span> <span class='ocrx_word' id='word_1_799' title='bbox 756 5496 783 5546; x_wconf 78' lang='grc' dir='ltr'><strong>ἕιι</strong></span> <span class='ocrx_word' id='word_1_800' title='bbox 802 5501 853 5546; x_wconf 74' lang='grc' dir='ltr'><strong>τῶν</strong></span> <span class='ocrx_word' id='word_1_801' title='bbox 868 5497 933 5548; x_wconf 77' lang='lat' dir='ltr'><strong>ittae</strong></span> <span class='ocrx_word' id='word_1_802' title='bbox 944 5499 1012 5619; x_wconf 42' lang='lat' dir='ltr'><strong>&amp;gv</strong></span> <span class='ocrx_word' id='word_1_803' title='bbox 1099 5490 1204 5548; x_wconf 67' lang='lat' dir='ltr'><strong>‘Unus</strong></span> <span class='ocrx_word' id='word_1_804' title='bbox 1219 5492 1322 5560; x_wconf 64' lang='lat' dir='ltr'><strong>Velim,</strong></span> <span class='ocrx_word' id='word_1_805' title='bbox 1344 5493 1495 5566; x_wconf 69' lang='lat' dir='ltr'><strong>merephet:</strong></span> <span class='ocrx_word' id='word_1_806' title='bbox 1511 5489 1651 5547; x_wconf 77' lang='lat' dir='ltr'><strong>aliusnon</strong></span> <span class='ocrx_word' id='word_1_807' title='bbox 1665 5489 1757 5562; x_wconf 69' lang='lat' dir='ltr'><strong>plene,</strong></span> <span class='ocrx_word' id='word_1_808' title='bbox 1773 5485 1892 5556; x_wconf 81' lang='lat' dir='ltr'><strong>eipimti,</strong></span> 
     </span>
    </p>
   </div>
   <div class='ocr_carea' id='block_1_5' title="bbox 188 5560 1119 5630">
    <p class='ocr_par' dir='ltr' id='par_1_5' title="bbox 188 5560 1119 5630">
     <span class='ocr_line' id='line_1_63' title="bbox 188 5560 1119 5630; baseline 0.006 -21"><span class='ocrx_word' id='word_1_809' title='bbox 188 5560 271 5622; x_wconf 76' lang='grc' dir='ltr'>ἐξῆλθε</span> <span class='ocrx_word' id='word_1_810' title='bbox 287 5566 346 5625; x_wconf 78' lang='grc' dir='ltr'>μηνὶ</span> <span class='ocrx_word' id='word_1_811' title='bbox 361 5563 464 5628; x_wconf 74' lang='grc' dir='ltr'><strong>ιιινέμῳ</strong></span> <span class='ocrx_word' id='word_1_812' title='bbox 483 5565 538 5626; x_wconf 85' lang='grc' dir='ltr'><strong>πρὸ,</strong></span> <span class='ocrx_word' id='word_1_813' title='bbox 563 5566 590 5630; x_wconf 77' lang='grc' dir='ltr'><strong>ιβ’</strong></span> <span class='ocrx_word' id='word_1_814' title='bbox 613 5564 742 5614; x_wconf 72' lang='grc' dir='ltr'>καλανδῶν</span> <span class='ocrx_word' id='word_1_815' title='bbox 763 5567 919 5630; x_wconf 63' lang='lat' dir='ltr'><strong>deputares,</strong></span> <span class='ocrx_word' id='word_1_816' title='bbox 971 5563 976 5575; x_wconf 97' lang='lat'>&#39;</span> <span class='ocrx_word' id='word_1_817' title='bbox 1064 5565 1119 5619; x_wconf 77' lang='lat' dir='ltr'><strong>eto.</strong></span> 
     </span>
    </p>
   </div>
   <div class='ocr_carea' id='block_1_6' title="bbox 0 0 2032 6148">
    <p class='ocr_par' dir='ltr' id='par_1_6' title="bbox 0 0 2032 6148">
     <span class='ocr_line' id='line_1_64' title="bbox 0 0 2032 6148; baseline 0 0"><span class='ocrx_word' id='word_1_818' title='bbox 0 0 2032 6148; x_wconf 95' lang='lat' dir='ltr'><strong> </strong></span> 
     </span>
    </p>
   </div>
  </div>
 </body>
</html>
