4056 6170
197 245 276 318 nie
813 241 845 312 s.
868 239 1024 310 ausam
1047 238 1281 311 nicaenam.
1453 200 1464 210 ’
1804 237 1878 304 riu

195 381 330 440 volucres
359 396 422 456 (111oe
441 375 617 455 colligantur
642 382 764 455 laqueo:
800 379 937 438 Similiter
951 394 1015 436 001·-
1029 379 1212 459 Asapieniis
1227 383 1305 442 illius
1321 379 1468 456 pauperis,
1491 395 1577 438 nemo
1599 378 1693 438 refert:
1709 371 1895 451 graiium
1966 415 1967 420 ,

197 463 282 529 ru'ent
296 467 349 527 iiiii
364 469 518 526 hominurn
535 469 565 526 in
584 476 715 544 tempore
731 469 818 542 malo,
835 485 902 524 cum
913 467 1021 524 cecide·
1075 474 1183 532 salute:
1201 474 1250 530 sed
1276 472 1535 532 omneqhonomnt
1547 468 1661 534 divim,
1686 467 1736 540 qui
1754 466 1784 523 iu
1809 467 1878 540 part.

197 557 234 618 rit
248 575 337 633 super
349 558 430 632 ipsos
451 559 604 632 extemplo.
627 582 637 608 ·
655 562 718 616 iam
733 563 762 616 et
775 573 865 631 supra
881 556 1019 626 diximus,
1074 563 1140 620 culo
1155 563 1228 620 nihil
1241 561 1395 620 subvenire
1411 562 1579 634 potuerunt.
1595 558 1687 614 Aliter
1699 558 1832 613 Hebraeus
1844 557 1887 614 ita⁴

197 651 274 723 quod
291 650 362 705 dum
379 649 510 704 nesciant
524 647 668 719 homines,
684 648 723 703 ita
738 649 746 682 ¹
767 648 809 704 eis
822 647 875 718 [rit.
897 645 938 702 eis
958 645 1020 716 aut]
1048 701 1052 712 ,
1074 653 1153 708 hunc
1167 652 1263 708 locum
1280 652 1542 722 interpretatusest
1554 665 1561 703 :
1574 647 1682 704 Civitas
1694 661 1791 719 parva,
1802 645 1879 702 bomo

198 739 340 812 angustias
364 737 492 808 veniant,
513 741 565 792 ant
589 736 735 793 interitus.
754 737 841 793 Perre
858 736 1020 792 secundum
1074 746 1130 808 est,
1148 742 1197 814 qui
1213 741 1300 799 etiam
1316 740 1392 811 apud
1406 736 1596 811 philosophos
1607 736 1704 792 minor
1714 733 1898 790 mandouro-¹

199 825 379 900 allegoriam,
395 829 441 881 est
459 825 621 891 sciendum,
640 824 910 897 regnumcoelorum
925 823 1021 880 simile
1075 835 1167 887 catur,
1184 831 1220 886 Et
1233 829 1285 884 viri
1301 829 1331 885 in
1346 845 1380 884 aa
1390 827 1485 900 pauci,
1497 827 1630 882 membra
1643 825 1679 880 de
1689 822 1881 896 quibuehonno

200 933 265 975 esse
279 933 394 989 sagense
410 915 506 970 misse
526 915 554 969 in
572 914 645 970 mari
660 915 772 982 (Metti.
789 915 870 986 mni:
887 917 914 970 et
929 928 1021 968 econ·
1075 920 1138 992 ipse
1152 919 1325 975 contexitur.
1342 921 1412 972 cum
1428 921 1525 973 autem
1547 912 1657 972 venerit
1678 913 1891 968 adversuseam

199 1006 290 1063 trario
305 1005 412 1060 habere
427 1019 566 1075 sagenam
582 1003 741 1070 hereticos,
758 1020 809 1076 per
823 1021 912 1074 quarn
927 1002 1021 1073 pisces
1075 1024 1125 1064 rex
1140 1006 1416 1080 mngnusdiabotus,
1428 1007 1457 1060 et
1468 1001 1743 1076 qumsieritlocnm⁸
1751 1013 1883 1072 perquem

200 1094 317 1168 capiant
329 1093 364 1147 nd
380 1091 540 1147 interitum.
557 1092 779 1162 Saganaeorum
789 1097 834 1147 cst
844 1108 940 1147 sermo
954 1091 1022 1146 ada·
1076 1089 1757 1167 possitirrumpere,inveniturinesbumiliset
1768 1088 1882 1160 sapiens,

200 1181 278 1250 bilis,
295 1181 435 1236 blandum
449 1179 610 1251 eloquium,
627 1179 765 1236 simulata
780 1184 831 1236 aut
844 1178 1023 1250 coactajeju-
1076 1188 1104 1240 et
1119 1184 1217 1256 quieta
1242 1182 1378 1256 cogitatio
1402 1179 1549 1237 interioris
1571 1177 1711 1244 hominis,
1736 1180 1766 1233 ei
1783 1176 1884 1236 eemci‘

199 1271 259 1342 nia,
293 1269 384 1324 vestis
417 1266 549 1339 humilis,
569 1267 709 1324 virtutum
730 1268 864 1325 imitatio.
886 1267 966 1333 Quod
996 1266 1021 1324 si
1077 1273 1130 1343 [At.
1145 1273 1236 1343 eruet]
1252 1272 1354 1327 urbem
1374 1287 1438 1343 qna
1457 1269 1580 1326 obsessa
1593 1267 1629 1324 ab
1649 1265 1786 1324 hostibus
1800 1265 1886 1338 cinge·

199 1359 349 1432 occeperint,
366 1358 394 1412 et
412 1357 448 1412 de
467 1356 668 1428 superioribus
686 1358 846 1430 disputare,
861 1361 890 1413 et
908 1357 936 1412 in
956 1356 1023 1411 sub·
1077 1360 1171 1416 batur.
1188 1364 1318 1432 Cumque
1347 1359 1486 1415 bomode
1519 1355 1648 1428 periculo
1668 1355 1731 1411 sive
1763 1369 1886 1426 parsecu-

199 1447 377 1504 limelevure
397 1461 544 1512 ossuum,
564 1444 662 1502 etDai
695 1445 863 1525 altitudines
883 1459 1021 1516 querere,
1076 1447 1251 1514 tionis,sive
1284 1445 1575 1520 angustiarumsive
1600 1443 1885 1516 oojrrscunqusm

199 1537 338 1609 taqueum
352 1539 464 1607 ponunt
479 1534 509 1588 in
520 1533 651 1590 excelsis.
664 1535 814 1600 Quomodo
824 1534 914 1607 igitur
928 1533 1023 1605 pisces
1077 1539 1203 1594 adverse
1220 1536 1259 1593 rei
1273 1540 1360 1608 atque
1375 1535 1485 1606 peccati
1501 1534 1588 1590 fuerit
1602 1537 1725 1588 erutus:
1751 1532 1836 1588 bomo
1848 1530 1889 1586 iiic

199 1628 228 1682 et
241 1623 373 1680 volucres
388 1622 444 1678 cito
460 1620 617 1694 capiuntur
631 1639 648 1677 a
662 1622 713 1678 tali
729 1639 848 1695 sagena,
864 1627 893 1678 et
908 1622 943 1678 ab
958 1621 1022 1678 isti·
1078 1627 1212 1696 exterior,
1228 1625 1279 1697 qni
1295 1625 1433 1680 inimicus
1448 1628 1493 1680 est
1508 1623 1586 1678 iliius
1603 1621 1744 1693 pauperis
1763 1619 1887 1687 bominis,

182 1712 318 1772 asmodi
332 1711 452 1783 laqueo:
473 1711 516 1766 sie
535 1726 603 1765 cum
638 1711 832 1782 muttipticato
862 1709 948 1766 suerit
968 1709 1107 1811 ini-Bet
1137 1713 1362 1786 sapientis,non
1396 1710 1731 1768 recordaturiutcrioris
1765 1709 1887 1773 hominis,

200 1798 511 1875 quitas,etrcFrixcrit
541 1797 668 1854 charitas
700 1798 915 1867 multorum,et
939 1799 1023 1871 signa
1077 1819 1131 1859 nec
1145 1802 1245 1859 subdit
1259 1819 1291 1858 sc
1305 1800 1436 1858 consiliis
1450 1800 1602 1871 ejuszsed
1619 1815 1742 1856 rursum
1763 1815 1817 1854 sua
1830 1797 1888 1853 irui·
1966 1795 1967 1800 ’

201 1890 277 1948 incia
291 1889 401 1946 fuerint
415 1893 502 1960 atque
518 1890 660 1959 portenta,
680 1887 720 1943 ita
734 1892 767 1944 ut
781 1889 971 1956 seducantur,
998 1885 1023 1942 si
1077 1896 1126 1948 tur
1142 1890 1296 1947 libertate⁶
1312 1889 1365 1964 [di.
1382 1890 1474 1945 libera
1487 1887 1658 1959 voluntate].
1677 1886 1792 1942 Aliter:
1805 1887 1894 1942 ,Portu

202 1977 342 2058 possibile
372 1978 517 2044 Adorei,
551 1977 639 2032 etiam
671 1974 755 2032 electi
788 1977 892 2049 (nutri.
929 1975 1022 2046 xxrvi:
1079 1978 1180 2035 civitas
1195 1983 1249 2049 est,
1263 1981 1292 2034 et
1306 1979 1358 2034 viri
1376 1978 1406 2033 in
1423 1993 1457 2034 ea
1471 1977 1568 2050 pauci,
1601 1977 1638 2032 ad
1653 1975 1888 2048 comparationem

202 2063 637 2125 sciendumestecclasiasticos
657 2082 773 2139 quoque
795 2067 851 2138 [nt.
878 2065 1025 2139 quosque]
1078 2068 1169 2124 totius
1184 2067 1299 2133 mundi,
1316 2065 1443 2123 Ecclesia
1474 2065 1695 2122 est:adversus
1726 2079 1889 2136 quamsaepe

200 2152 593 2226 viroa,quifiliihonrinum
624 2153 1024 2226 appellantur,etsuntmo·
1079 2153 1664 2230 consurgitrexmagnusdiabolus(non
1683 2153 1764 2225 quod
1781 2167 1889 2226 magnos

202 2243 271 2300 dice
287 2241 364 2309 fidei,
382 2241 439 2297 cito
461 2257 548 2313 posse
570 2257 715 2297 corruere.
736 2243 902 2298 Notandum
923 2241 1023 2308 etiam,
1080 2245 1129 2308 sit.
1145 2246 1197 2302 ead
1214 2246 1291 2316 qnod
1308 2260 1448 2316 magnum
1464 2260 1495 2301 se
1508 2260 1572 2300 esse
1586 2242 1728 2314 jactitet),
1745 2247 1775 2300 et
1788 2243 1890 2299 circum·

201 2331 280 2406 qood
293 2347 344 2403 per
357 2333 451 2386 totum
467 2328 575 2384 librom
590 2329 759 2403 ubicunque
774 2331 891 2396 dicitnr,
913 2331 968 2399 filii
979 2331 1024 2386 iro·
1079 2335 1129 2390 dat
1139 2351 1204 2390 eam
1219 2334 1372 2391 obsidione
1387 2334 1447 2389 sive
1462 2332 1686 2405 persecutionis,
1703 2333 1766 2388 sive
1779 2332 1834 2388 alio
1850 2348 1889 2386 ao·

201 2423 316 2489 minum,
350 2419 378 2474 in
411 2418 529 2474 Hebraeo
562 2417 1023 2492 hebet(enarrantiitominis,
1079 2421 1888 2496 gnstiarumgenere.idtinvanitincavirumpauperem

200 2507 504 2578 bonestfitiiddom.
524 2506 560 2562 lat
592 2507 688 2563 omnis
704 2525 776 2580 pene
806 2509 1024 2580 Scripturahoc
1080 2517 1108 2568 et
1120 2511 1293 2584 sapientem,
1307 2509 1464 2568 Dominum
1479 2511 1580 2568 desum
1596 2509 1761 2575 Christum,
1790 2509 1890 2580 qoipro
1966 2501 1967 2570 ζ

200 2598 340 2654 idiomate
356 2595 441 2668 plena
458 2599 512 2665 est,
548 2595 717 2652 uuiversum
751 2597 1024 2670 gennshominum,
1080 2601 1164 2655 nobis
1180 2615 1289 2672 pauper
1305 2599 1398 2656 iactus
1413 2603 1458 2656 est
1490 2599 1528 2670 (11
1542 2599 1602 2654 Cor.
1618 2614 1681 2668 viu,
1697 2597 1727 2668 9)
1743 2601 1773 2654 et
1786 2595 1890 2668 estipca

201 2688 293 2743 Adam
310 2683 387 2740 iiiios
401 2699 518 2740 roenna.
1080 2687 1288 2760 sapientia:et
1319 2687 1425 2744 iiievir
1457 2702 1568 2760 pauper
1598 2685 1708 2742 liberat
1741 2687 1840 2742 urbem
1867 2685 1890 2739 in

239 2797 254 2826 u
269 2773 325 2832 Sed
341 2777 369 2829 et
383 2773 459 2829 hanc
471 2773 711 2845 vidisapicntiam
721 2774 776 2830 sub
791 2774 861 2844 soie,
877 2779 905 2831 et
921 2791 1026 2848 magno
1080 2775 1224 2848 sapientia
1243 2794 1307 2833 sua.
1323 2775 1737 2840 Quotiesvidimussedentem
1750 2775 1854 2832 iconem
1867 2773 1890 2827 in

203 2868 249 2922 est
262 2863 339 2936 apud
358 2879 414 2918 me.
431 2861 538 2918 Civitas
558 2879 646 2935 parva
660 2867 687 2918 et
705 2862 759 2918 viri
774 2863 804 2918 in
819 2879 854 2920 ea
874 2864 977 2936 pauci:
998 2865 1027 2918 ct
1081 2864 1197 2920 insidiis
1212 2881 1279 2920 cum
1297 2863 1505 2934 divitibus,boo
1519 2866 1574 2933 est,
1589 2879 1657 2918 cum
1673 2861 1856 2919 senatoribus
1870 2863 1892 2916 et

205 2951 910 3021 renitadeamrexmagousetcircumdediteam,
923 2951 1027 3008 etaedi-
1082 2953 1265 3026 principibus
1293 2953 1383 3024 hujus
1398 2952 1506 3024 saculi,
1541 2957 1569 3007 et
1583 2952 1728 3008 adversus
1747 2949 1888 3007 Ecclesiam

207 3039 530 3097 ficavitadvcrsuseam
541 3039 707 3094 machinam
718 3041 1028 3110 magnarrr.i⁴]tinvenit
1083 3042 1262 3107 molientem,
1297 3041 1536 3113 pauperisistius
1564 3041 1711 3112 sapientia
1739 3037 1890 3096 minuisset

206 3129 236 3184 in
265 3145 298 3184 ea
329 3127 424 3181 virum
442 3143 597 3198 pauperem
617 3133 646 3182 et
665 3127 836 3200 sapientem,
853 3135 881 3185 et
906 3129 1028 3186 salvavit
1043 3106 1064 3173 G
1084 3135 1215 3201 Cumque
1230 3146 1341 3201 pauper
1355 3129 1402 3185 hie
1417 3129 1527 3194 vicerit,
1543 3134 1571 3186 et
1590 3129 1660 3185 urbs
1675 3129 1744 3200 paci
1764 3127 1891 3184 fueritis

206 3215 254 3271 bic
269 3213 414 3270 civitatem
433 3213 460 3267 in
491 3213 634 3286 sapientia
653 3232 725 3271 sua:
747 3221 775 3272 et
808 3217 896 3274 homo
912 3235 968 3275 non
984 3235 1028 3274 re·
1083 3220 1197 3290 stituta,
1214 3218 1260 3273 vix
1274 3217 1381 3290 aliquis
1394 3217 1761 3290 ejdememinit,vixiliius
1773 3216 1892 3273 mandata

206 3303 342 3359 cordatus
355 3304 399 3357 est
412 3300 541 3358 hominis
556 3303 693 3375 pauperis
708 3303 796 3360 iilius.
815 3328 828 3355 o
845 3305 917 3362 aliis
930 3306 1030 3362 omnia
1083 3308 1334 3364 considerat2sed
1367 3311 1490 3364 totosse
1512 3306 1633 3363 luxuria
1666 3310 1698 3362 et
1711 3303 1893 3378 voluptatibus

206 3390 316 3446 incerta
329 3385 537 3459 dicentibus,ot
552 3393 666 3463 justum
688 3393 723 3448 ab
736 3393 845 3465 injusto
879 3395 950 3451 nihii
967 3412 1029 3452 am·
1083 3396 1284 3467 concedentes,
1297 3400 1432 3468 quarunt
1446 3395 1573 3466 divitias,
1597 3411 1661 3467 que
1688 3395 1721 3450 in
1737 3392 1891 3452 necessitate

205 3476 284 3550 plius
302 3477 430 3546 habore;
451 3495 503 3550 ego
519 3479 692 3552 sapientiam
708 3481 795 3538 etiam
813 3483 842 3538 in
858 3483 913 3539 hoc
938 3483 1029 3540 maxi·
1084 3502 1141 3540 non
1157 3484 1291 3541 liberant.

206 3583 285 3623 mam
302 3566 509 3638 comprobavi:
530 3568 607 3640 quod
624 3570 723 3625 crebre
733 3571 838 3638 evenit,
854 3578 982 3644 ntparrs
993 3573 1031 3628 sit
1120 3641 1134 3669 α
1152 3619 1186 3674 Et
1197 3616 1256 3672 dixi
1272 3634 1335 3688 ego,
1351 3616 1455 3673 melior
1471 3617 1526 3688 W·
1541 3616 1695 3673 meliorem
1713 3632 1779 3673 esse
1793 3612 1892 3686 sapien·

205 3655 320 3720 oblitas*
340 3659 367 3710 θ’
388 3654 536 3712 hab'tores
556 3656 586 3712 in
606 3672 640 3712 ea
669 3659 763 3729 [Μ’
784 3664 811 3714 et
830 3659 1029 3716 innumeram*
1084 3705 1167 3779 tiam]
1184 3709 1229 3760 eat
1245 3705 1406 3778 sapientia⁶
1421 3723 1510 3778 super
1524 3705 1741 3772 fortitudinem,
1756 3712 1784 3760 et
1796 3701 1892 3774 sapien·

206 3744 279 3800 lium
294 3744 425 3800 bostium
447 3744 583 3815 cingatur
602 3747 757 3815 excercitu,
778 3753 806 3804 et
825 3748 977 3806 obsidione
1002 3755 1031 3805 et
1084 3795 1126 3850 ssa
1142 3792 1278 3866 pauperis
1293 3810 1356 3865 qum
1372 3795 1509 3866 despecta
1524 3798 1577 3862 ost,
1612 3797 1640 3850 et
1659 3794 1750 3850 verba
1763 3793 1824 3864 ejus
1841 3801 1890 3860 qua

1085 3900 1143 3939 non
1158 3887 1228 3938 eunt
1243 3883 1352 3938 audita.
1371 3905 1381 3932 ι
1416 3883 1589 3956 Quanquam
1623 3881 1725 3939 nuilus
1746 3874 1891 3936 meminerit

1085 3972 1226 4046 sapientis
1241 3971 1378 4044 pauperis
1393 3972 1484 4044 iliius,
1500 3989 1566 4028 cum
1582 3971 1720 4027 iatasint
1733 3961 1893 4034 omnia;sed

206 3833 283 3890 ieme
317 3832 444 3905 populus
463 3833 543 3890 intus
564 3840 700 3890 necetur:
722 3841 750 3891 ct
788 3843 905 3908 repente
929 3843 1031 3894 contra

206 3921 341 3978 omnium
363 3921 562 3993 suspicionem
582 3923 703 3978 inveniri
724 3923 820 3979 virum
841 3924 983 3981 humilem
1003 3931 1031 3982 et

206 4025 363 4084 pauperem
373 4012 393 4081 ¹,
428 4011 478 4082 qui
499 4010 568 4082 qnia
588 4011 675 4068 habet
695 4012 867 4085 sapientiam
890 4015 1031 4084 majorem

206 4097 320 4155 cunctis
335 4097 486 4164 divitibus,
499 4100 613 4172 magnis
629 4105 656 4156 st
672 4101 838 4173 potentibus
852 4106 882 4158 et
897 4103 1031 4176 superbis

206 4187 235 4242 in
256 4187 384 4260 periculo
405 4187 520 4259 positis,
540 4193 569 4243 et
584 4188 620 4244 ad
640 4189 825 4245 obsidionem
845 4192 1030 4263 paventibus,

207 4275 315 4348 cogitat
334 4280 362 4332 et
382 4276 514 4347 inquirit,
530 4281 559 4332 et
573 4278 683 4334 invenit
699 4279 749 4344 [At.
768 4283 800 4335 ut
814 4278 1033 4352 inveniatiquo·

208 4367 295 4421 modo
310 4383 327 4420 a
341 4364 427 4421 malis
441 4371 524 4421 eruat
538 4366 695 4422 civitatem.
712 4372 755 4430 st.
771 4385 787 4423 o
803 4367 919 4440 ingrata
937 4369 1032 4425 homi·

208 4467 281 4510 num
301 4452 418 4524 oblivio,
440 4458 594 4526 postquam
614 4453 722 4511 suerint
740 4455 864 4522 liberati,
884 4461 912 4512 et
940 4455 1073 4538 soiutaD
1124 4482 1138 4510 «
1155 4458 1250 4514 Verba
1265 4457 1442 4529 sapientium
1459 4458 1488 4514 in
1521 4457 1619 4530 quiete
1642 4456 1810 4517 audiuntur,
1839 4445 1891 4519 pits

210 4541 375 4614 captivitas,
391 4545 421 4597 et
435 4532 795 4616 redditapatriaeiibertas,
806 4546 1034 4604 nemomeminit
1089 4564 1177 4620 quam
1198 4545 1308 4602 clamor
1328 4550 1502 4618 potestatem
1539 4545 1676 4602 habentis
1700 4545 1731 4601 in
1767 4536 1891 4598 stultis.»

1086 4061 1213 4117 universi
1247 4061 1406 4133 potentiam
1442 4067 1470 4118 ei
1489 4061 1606 4118 divitias
1640 4054 1892 4124 admirenturfego

1085 4155 1185 4206 tamen
1218 4151 1382 4206 secundum
1416 4167 1518 4207 omues
1547 4166 1637 4221 supra
1656 4142 1893 4222 interpretationes

1087 4237 1182 4310 magis
1198 4237 1308 4293 honoro
1342 4240 1540 4308 contemptam
1556 4235 1745 4310 sapientiam,
1778 4237 1806 4288 et
1823 4227 1893 4285 verba

1087 4344 1150 4400 qnae
1167 4325 1267 4382 nullus
1283 4325 1383 4382 audire
1399 4326 1548 4400 dignatur.

245 4701 519 4758 ¹Tresmss.unde
546 4701 732 4774 habent.pro
752 4707 803 4776 itu,
833 4706 909 4778 quod
940 4705 1034 4780 magis
1124 4703 1378 4778 ‘Vancffitquia
1410 4706 1602 4776 istocopituiio
1633 4694 1891 4762 inadorandam

160 4771 163 4778 ’
210 4772 364 4840 arrideret,
381 4773 447 4828 dum
462 4773 563 4830 vocula
577 4779 731 4846 expuncta.
1088 4781 1137 4844 cst,
1153 4778 1254 4847 servat,
1290 4782 1344 4833 etc.
1360 4775 1426 4845 Alii,
1460 4779 1602 4833 Interioris
1618 4775 1738 4832 bominis
1767 4783 1853 4828 um
1869 4765 1891 4818 0¹

243 4845 256 4879 ¹
287 4843 402 4902 Aicnin.
424 4851 579 4918 Pauperem
597 4847 645 4919 qui
664 4845 774 4903 beteret
793 4849 959 4920 sapientium
978 4865 1035 4904 mo-
1088 4851 1187 4916 acruot,
1206 4851 1261 4903 etc.
1791 4911 1797 4924 ι
1839 4906 1844 4919 ,

202 4919 309 4989 joram,
326 4920 380 4972 etc.
1125 4951 1159 4959 —
1173 4919 1206 4974 m
1221 4919 1313 4991 quieto
1327 4919 1466 4986 capitulio,
1481 4921 1536 4974 etc.
1554 4918 1607 4974 Pro
1623 4917 1721 4989 quieta
1739 4912 1888 4992 cogtiabssflfl

244 4987 255 5021 ³
274 4989 308 5042 st
326 4989 465 5058 quaesierit
484 4987 582 5060 iocum,
604 4993 658 5044 etc.
679 4989 781 5060 inepta
801 4989 927 5062 piurima
946 4992 1035 5046 verba
1088 4991 1159 5047 editi
1175 4989 1241 5045 libri
1258 4990 1390 5061 quietum
1406 5006 1524 5044 sensnm
1542 4989 1651 5046 habent
1664 4988 1765 5060 legunt
1776 4975 1888 5046 811111]ῖῦ

210 5056 266 5112 boc
280 5056 343 5114 loco
358 5067 467 5116 veteres
484 5059 749 5117 editionceiirasm.
766 5066 795 5115 et
810 5061 931 5117 Marion.
949 5062 1036 5117 inter·
1087 5065 1196 5133 sepiens
1210 5070 1236 5117 ct
1250 5063 1358 5132 quietus
1378 5062 1520 5117 interioris
1538 5061 1658 5118 heroicis
1676 5073 1768 5117 sensus
1784 5061 1809 5110 et
1825 5051 1887 5106 miti

211 5127 312 5198 polant
329 5132 418 5186 textui
440 5130 675 5203 iiieronymiana
697 5148 762 5202 quas
781 5131 859 5188 intra
879 5133 1034 5204 parentbe-
1089 5134 1188 5189 urbem
1204 5150 1263 5204 quur
1278 5133 1382 5188 obsesso
1395 5137 1447 5187 etc.
1465 5133 1610 5188 binariam.
1867 5185 1872 5196 ,

211 5198 1033 5274 simitaconciudunt:(diabolusscrpenscstiubricuS‚
1125 5203 1469 5260 ¹⁵FruiturlibertateHie
1502 5203 1589 5257 etiam
1606 5220 1657 5275 pro
1691 5198 1807 5258 libertate
1831 5193 1884 5246 wit·

212 5270 298 5336 qu'us
314 5270 337 5324 si
353 5272 453 5340 copiti,
469 5273 496 5326 id
513 5279 567 5341 est,
585 5275 684 5345 primae
700 5275 880 5347 suggestioni
894 5291 951 5330 non
965 5275 1036 5330 resi·
1090 5285 1159 5331 nont
1174 5276 1292 5330 tiberem
1306 5276 1482 5331 coiwttotom.
1501 5275 1640 5330 bisarion.

213 5339 309 5406 mitur,
325 5345 402 5395 totus
418 5343 531 5398 interna
546 5347 652 5410 cordis,
668 5347 739 5400 duur
757 5363 812 5400 nou
826 5347 961 5412 sentitur,
975 5345 1037 5402 iila·
1125 5347 1135 5380 ⁶
1151 5347 1251 5402 dicitur
1264 5354 1301 5399 est
1315 5347 1462 5416 supientia,
1478 5352 1532 5401 etc.
1551 5345 1649 5401 Plures
1665 5361 1733 5400 mss.
1746 5329 1880 5412 intestini

212 5411 302 5481 bitur,
317 5413 728 5470 tentationumdiatroiioarum
741 5417 1034 5488 initiaiingitiasunt:
1091 5417 1174 5486 pauci
1192 5433 1257 5470 rum
1271 5416 1367 5479 odilis,
1385 5418 1415 5470 Et
1429 5417 1490 5471 diri
1503 5433 1552 5484 eqo
1567 5415 1710 5472 meliorem
1729 5427 1780 5492 enar
1792 5414 1879 5475 sapim·

212 5500 270 5540 non
295 5489 340 5538 est
361 5483 521 5547 immissor,
546 5487 595 5540 scd
622 5489 754 5542 incentor
784 5489 930 5544 vitiorum.
956 5489 1037 5546 Unde
1090 5492 1159 5544 tinen
1185 5503 1271 5557 super
1284 5490 1458 5558 fortitudine,
1475 5495 1528 5544 etc.
1544 5489 1600 5544 Sed
1617 5487 1697 5544 uuita
1711 5491 1790 5540 estin
1807 5483 1878 5532 &11⁵⁰

212 5554 321 5612 David:
340 5555 375 5609 Tu
388 5555 544 5624 consrepisti
558 5566 639 5626 caput
653 5557 805 5630 draconis).
821 5563 964 5617 Macrian.
1090 5560 1212 5618 mutatio
1227 5558 1365 5617 utrolibet
1379 5561 1465 5618 modo
1479 5559 1646 5633 legerimus.
1663 5558 1794 5618 norm.
