4066 6162
185 317 263 392 sse

806 311 840 398 s'.
854 319 1017 397 deenen
1038 315 1273 399 monemur.
1304 359 1307 368 ·
1807 325 1875 401 aa

186 455 218 522 id
234 471 287 535 eat,
304 465 334 524 in
347 469 408 526 tota
419 465 479 526 vita
493 479 559 537 sue,
574 467 604 524 in
619 467 700 526 omni
717 485 774 541 quo
790 467 820 525 in
831 467 1007 524 muodoisto
1021 469 1049 536 Α
1064 473 1093 526 et
1106 469 1240 526 homines
1251 468 1325 541 lieri,
1341 467 1418 542 quod
1433 467 1561 528 aliirmst
1575 469 1724 546 Origenes:
1739 474 1765 527 ct
1789 467 1862 544 ipsos

187 561 320 613 versatus
336 559 345 592 ¹
361 563 414 627 est,
430 562 570 630 tempore.
587 558 668 622 Quod
690 557 809 631 quidem
825 559 867 614 ita
895 555 1009 613 intelle-

188 648 279 712 ctum,
295 651 324 702 et
337 647 493 703 adversum
509 663 574 703 eurn
592 647 671 714 lacit,
687 647 737 720 qui
752 652 911 719 antequam
927 662 1011 702 mun-

187 735 244 792 dus
259 736 350 803 fieret,
366 735 480 792 animas
495 735 566 793 dicit
580 753 645 793 esse
661 736 768 794 electas
796 739 914 809 propter
942 751 1010 792 san-

187 824 329 893 ctitatem,
352 830 381 880 et
402 823 516 880 nullum
540 825 644 882 vitium
674 828 750 882 m
781 828 976 898 pcccatorum.
995 847 1009 874 ι»

1064 558 1141 615 inter
1156 575 1188 615 se
1207 558 1327 632 angelos
1354 559 1470 616 diversa
1496 560 1657 617 officiorum
1684 575 1783 633 genera
1807 575 1864 616 esse

1064 648 1193 716 sortitos,
1207 648 1286 720 quod
1310 646 1443 704 Ecclesia
1472 664 1529 704 nou
1556 653 1704 722 repugnat.
1729 647 1863 712 Quomodo

1063 740 1093 793 et
1106 737 1183 793 inter
1197 736 1332 793 homines
1346 738 1417 794 ordo
1431 736 1606 810 dignitatum
1631 753 1665 794 ax
1692 737 1794 792 laboris
1818 753 1860 791 va·

1064 826 1165 882 rietate
1178 825 1310 882 diversus
1325 830 1380 895 est,
1397 842 1465 882 oum
1480 826 1632 900 episcopus
1647 831 1674 883 et
1688 825 1867 898 preshytar,et

187 913 252 968 Non
268 913 345 970 enim
361 913 403 986 (ut
419 915 559 986 sotejam
575 913 873 988 diximus)eliguntur
888 913 1008 977 Paulus,
1064 915 1161 971 omnis
1199 914 1414 972 ecclesiasticus
1457 916 1566 989 gradus
1606 915 1710 972 habeat
1749 912 1866 968 ordinem

187 1003 276 1074 etqui
289 1001 315 1058 ei
330 1003 529 1071 similessunt‚
546 1003 616 1076 quia
629 1009 711 1060 erant
725 1003 818 1060 sancti
848 1007 877 1058 ot
903 1003 1009 1058 imma·
1064 1020 1150 1060 suum
1165 1021 1172 1072 ;
1188 1008 1215 1060 et
1231 1007 1329 1061 tamen
1345 1021 1446 1061 omnes
1461 1004 1688 1061 hominessunt:
1705 1001 1781 1058 sicet
1802 1001 1868 1056 inter

190 1091 298 1148 culati:
329 1093 380 1148 sed
408 1090 556 1166 eliguntur
583 1097 612 1149 et
640 1093 899 1166 praedestinantur,
929 1094 962 1146 ut
979 1090 1009 1145 in
1063 1091 1518 1166 angelosmeritaessediverse,
1534 1095 1673 1150 ettamen
1693 1091 1722 1146 in
1751 1088 1869 1162 angelica

188 1181 379 1253 consequenti
395 1181 453 1237 vita
468 1198 519 1253 per
537 1198 624 1253 opera
647 1185 735 1254 atque
763 1181 887 1237 virtutes
913 1179 1008 1236 sancti
1063 1197 1165 1238 omnes
1174 1179 1330 1254 persistere
1340 1181 1504 1254 dignitate:
1520 1198 1572 1238 neo
1587 1182 1623 1237 de
1631 1178 1740 1252 angelis
1748 1177 1869 1234 homines

187 1273 217 1326 et
244 1269 425 1326 immaculati
451 1270 532 1327 fiant.
573 1271 606 1327 ut
639 1271 727 1327 audet
754 1270 913 1342 quisquam
944 1272 1010 1340 post
1063 1269 1136 1342 fieri,
1153 1269 1490 1327 necrursumhomines
1518 1271 1548 1327 in
1577 1268 1695 1343 angelos
1722 1261 1869 1324 reformari.

187 1358 359 1432 hujusmodi
392 1361 579 1428 sententiam,
624 1376 676 1415 nos
710 1358 844 1433 Origenis
865 1358 1009 1414 hereseos
1097 1363 1142 1414 2⁴.
1162 1358 1383 1416 Verecundenon
1396 1360 1617 1431 poeniteamiao
1631 1357 1819 1430 expositorum.
1840 1382 1870 1394 -

186 1450 346 1506 accusaret
360 1454 464 1506 Decem
479 1454 508 1506 et
520 1454 584 1506 octo
596 1450 687 1506 terme
702 1449 770 1505 enni
783 1453 852 1505 sunt
865 1449 887 1514 ¹,
901 1464 936 1503 ex
950 1463 1008 1520 quo
1063 1448 1176 1504 Tertius
1190 1452 1236 1504 est
1250 1446 1486 1520 reprehensionis
1501 1447 1582 1504 locus
1591 1447 1668 1520 quod
1685 1445 1794 1502 dicente
1804 1449 1871 1515 Apo·

186 1536 259 1595 istos
301 1538 405 1594 dictavi
438 1537 539 1608 libros,
567 1554 602 1594 eo
630 1543 761 1612 ternpore
791 1554 849 1611 quo
876 1535 1009 1609 Origenis
1063 1535 1157 1594 stolo:
1173 1559 1187 1586 a
1205 1536 1241 1592 Ut
1255 1535 1422 1592 ostenderet
1435 1535 1465 1592 in
1480 1534 1596 1592 seculis
1613 1531 1870 1608 supervenientibus

186 1642 294 1684 nomen
310 1627 432 1683 llorebat
446 1627 477 1683 in
494 1628 622 1696 mund03
639 1643 697 1700 quo
713 1626 775 1702 περὶ
791 1626 911 1700 ’Ap-pita,
928 1624 1008 1681 illius
1063 1624 1246 1681 abundantes
1256 1624 1374 1681 divitias
1384 1624 1485 1698 gratie
1496 1642 1555 1680 suae
1565 1623 1872 1694 inbonitateeupernos

185 1730 273 1787 opus,
287 1715 394 1771 Latine
409 1731 494 1771 aures
514 1715 707 1788 ignorabant:
730 1719 759 1770 et
772 1718 870 1771 tamen
897 1715 1008 1787 proles·
1063 1714 1093 1768 in
1104 1713 1218 1770 Christo
1232 1713 1303 1769 lesu
1314 1713 1419 1786 (Eptea.
1437 1731 1468 1782 11,
1478 1715 1518 1785 7),
1531 1735 1542 1763 s
1554 1730 1609 1770 nos
1620 1711 1763 1784 triplicem
1774 1707 1873 1782 exposi-

185 1805 424 1860 sussumsrdem
440 1820 557 1873 meam,
583 1804 700 1876 etquid
729 1803 801 1860 mihi
829 1803 1007 1878 displiceret,
1062 1797 1872 1876 tionemposuimus.·1nprimoquidnobisvideretur:in

186 1892 311 1950 ostendi.
325 1893 366 1949 Ex
380 1910 439 1965 quo
453 1892 541 1950 etiarn
553 1894 577 1950 si
592 1894 623 1948 in
639 1893 750 1950 ceteris
765 1893 875 1965 aliquid
900 1892 1011 1949 hareti-
1064 1883 1873 1965 secundoquidOrigenesopponeret:intertiaquiddpol·

186 1997 255 2036 cum
272 1985 437 2036 monstrare
451 1980 595 2052 potuisset
608 1981 758 2047 inimicus,
776 1997 833 2036 non
848 1985 908 2036 tam
938 1980 1008 2053 dog·
1063 1979 1187 2036 linarias
1203 1979 1377 2052 simpliciter
1390 1978 1567 2052 explanaret.
1582 1983 1714 2046 Quorum
1728 1977 1750 2034 si
1764 1973 1872 2032 nomina

187 2071 301 2124 matum
331 2085 545 2140 perversorum,
572 2085 635 2142 quae
664 2068 712 2124 hic
740 2073 769 2125 et
795 2069 825 2124 in
847 2068 913 2126 eliis
928 2067 1010 2126 libris
1066 2067 1227 2141 nonposui,
1242 2067 1360 2142 ignosce
1372 2069 1552 2125 verecundiae
1564 2083 1728 2124 memnon
1743 2061 1875 2120 debuieos

186 2173 263 2230 sepe
278 2157 425 2224 damnavi,
442 2173 530 2230 quarn
545 2157 700 2230 improvidi
715 2157 955 2214 tenerererroris.
1064 2173 1192 2230 carpere,
1224 2173 1298 2230 quos
1322 2156 1461 2214 imitabar
1488 2172 1523 2212 ex
1552 2161 1649 2230 perte,
1678 2148 1875 2227 etquorumin

215 2247 268 2302 23.
283 2249 409 2303 Ecclesiae
436 2247 511 2317 fidae.
540 2277 574 2287 -
602 2247 769 2302 Secundum
797 2247 894 2303 locum
921 2261 1009 2319 quem
1064 2244 1757 2318 Latinamlinguamsententiastraoslerebam.
1779 2263 1792 2292 «
1816 2238 1876 2305 Sed,

187 2335 261 2391 mihi
290 2336 326 2391 ab
352 2351 386 2391 co
419 2335 629 2408 reprehensum
657 2336 747 2392 irater
773 2336 910 2402 ostendit,
940 2337 1010 2409 quia
1064 2332 1341 2407 dini,quidiligens
1366 2335 1456 2391 lector
1482 2338 1538 2401 est,
1565 2335 1668 2390 statim
1698 2331 1878 2404 requirebat

185 2423 402 2480 valdelrivolus
417 2431 470 2492 est,
485 2429 514 2480 et
529 2428 658 2496 apertam
685 2425 731 2481 sui
759 2425 875 2498 praeicrt
902 2425 1010 2481 celum·
1063 2424 1150 2480 dicet.
1166 2427 1200 2479 st
1216 2440 1319 2480 rursus
1335 2423 1365 2479 in
1381 2424 1448 2480 fine.
1465 2423 1550 2480 Alius
1563 2439 1634 2480 vero
1650 2422 1704 2479 hoo
1731 2420 1805 2495 quod
1834 2416 1878 2484 all,

185 2512 278 2580 uiam,
290 2529 397 2585 ponam
412 2513 547 2569 breviter.
564 2514 596 2570 ln
612 2530 645 2568 eo
655 2512 824 2570 testimonio
839 2513 889 2569 ubi
902 2513 1009 2570 Paulus
1064 2534 1079 2562 ι(
1093 2512 1131 2568 bt
1145 2513 1314 2568 ostenderet
1329 2512 1358 2568 in
1375 2511 1490 2569 saeculis
1505 2509 1779 2584 supervenientibus
1793 2507 1879 2564 abun·

185 2600 332 2673 loquitur:
350 2623 364 2651 «
381 2603 487 2658 Sedere
501 2617 569 2657 eum
584 2601 696 2657 iaciens
711 2601 748 2656 ad
762 2602 910 2658 dexteram
924 2617 1009 2658 susm
1063 2601 1167 2658 dantes
1182 2600 1298 2656 divitias
1309 2600 1409 2673 gratia
1420 2601 1559 2668 sure‚»ad
1570 2600 1654 2657 illam
1665 2595 1879 2672 intelligentiam

186 2689 217 2745 in
251 2689 429 2759 caelestibus,
456 2705 546 2762 super
587 2706 704 2745 omnem
744 2689 941 2761 principatum
982 2695 1009 2746 et
1064 2688 1206 2745 transient
1219 2690 1239 2744 ⁴.
1258 2711 1268 2738 r
1286 2689 1509 2762 liccainquies,
1526 2690 1581 2746 sub
1597 2688 1751 2763 diligentis
1774 2682 1881 2744 lectoris

185 2781 361 2851 potestatem
378 2784 407 2835 et
420 2779 559 2834 virtutem
576 2783 605 2833 et
619 2777 862 2846 dominationem,
874 2783 904 2834 et
924 2795 1010 2835 omne
1065 2793 1199 2850 persona,
1217 2775 1350 2850 Origenis
1366 2779 1528 2834 sententies
1547 2777 1713 2850 explicasti.
1728 2780 1826 2832 Fateor
1839 2787 1880 2828 er·

186 2879 295 2923 nomen
311 2867 388 2940 quod
405 2867 585 2935 nominatur,
601 2883 658 2922 non
675 2864 771 2922 solum
782 2865 813 2922 in
829 2866 1009 2934 hocsaeculo,
1065 2882 1171 2933 rorem,
1187 2881 1245 2922 non
1261 2865 1350 2922 debui
1365 2865 1537 2940 diligentem
1553 2867 1662 2935 dicere,
1678 2867 1730 2925 sed
1754 2859 1881 2935 blesphe-

187 2955 239 3011 sed
267 2954 355 3011 etiam
386 2955 415 3009 in
444 2955 543 3012 loturo
570 2953 676 3026 (Eptee.
708 2955 797 3022 1,·.·0,
826 2955 917 3026 21);s
945 2961 1011 3027 post
1065 2971 1167 3012 mum:
1185 2955 1263 3028 quod
1279 2955 1304 3011 si
1320 2955 1465 3025 iecissem,
1481 2958 1510 3012 et
1523 2954 1623 3028 aliquo
1648 2949 1882 3012 scissemvatiei-

187 3041 381 3116 multiplicem
397 3043 620 3116 expositionem,
650 3059 718 3098 cum
746 3043 783 3098 ad
807 3042 1009 3120 ministrorum
1065 3043 1113 3098 nio
1128 3047 1156 3100 te
1171 3043 1338 3100 istiusmodi
1356 3043 1462 3100 navias
1477 3047 1673 3112 sectaturum,
1685 3043 1773 3100 etiam
1786 3038 1884 3098 calum

187 3131 238 3187 Dei
266 3131 362 3187 ollioia
390 3132 598 3204 pervenissem,
627 3135 656 3186 et
683 3132 719 3187 de
748 3131 1010 3205 principatibusao
1065 3132 1119 3188 niae
1132 3133 1221 3189 verba
1234 3132 1385 3189 vitassem.
1414 3132 1529 3189 Grande
1556 3131 1714 3190 crimensi
1739 3131 1882 3203 Origenem

190 3221 384 3293 potestatibus
395 3221 631 3277 etvirtutibusac
641 3220 928 3278 denominationibus
938 3207 1049 3278 dice-C
1067 3219 1237 3293 diligentem
1252 3221 1263 3256 ⁸
1277 3221 1335 3277 dixi
1350 3237 1415 3277 esse
1430 3219 1579 3288 lectorem,
1596 3223 1685 3292 cujus
1710 3216 1886 3295 septuaginta

190 3309 367 3376 nemetiam
383 3307 570 3364 hocaddidi:
589 3331 602 3359 a
632 3309 756 3365 Necesse
770 3314 823 3380 est,
853 3315 886 3365 ut
913 3310 1009 3383 subje-
1065 3306 1884 3383 librosinterprelatussum,qoemincoelumlaudibus

190 3401 253 3454 ctos
268 3397 406 3464 habeant,
422 3401 450 3452 et
463 3396 601 3454 timentes
616 3414 658 3465 se,
674 3403 702 3454 et
717 3397 875 3454 servientes
898 3399 965 3468 sibi,
982 3404 1011 3456 et
1065 3397 1138 3466 tuli;
1155 3415 1207 3470 pro
1222 3414 1280 3470 quo
1295 3396 1466 3471 compulsus
1481 3415 1548 3455 sum
1560 3405 1628 3457 ante
1641 3399 1799 3457 biennium
1814 3391 1885 3452 brevi

190 3502 240 3542 eos
255 3487 306 3559 qui
322 3503 339 3541 a
353 3503 408 3542 sua
422 3486 591 3542 tortitudine
606 3487 787 3543 roborentur.
817 3488 883 3552 Qua
910 3488 1011 3544 distri·
1064 3485 1163 3542 libello
1178 3487 1238 3542 tuis
1253 3492 1355 3543 contra
1370 3503 1417 3543 me
1431 3486 1584 3560 preconiis
1612 3489 1793 3563 respondere
1815 3483 1884 3555 (spis

190 3575 327 3631 butionas
342 3574 516 3643 ciliciorum,
541 3591 598 3630 non
615 3575 751 3632 salumin
774 3575 1009 3648 presentiarum,
1064 3575 1138 3632 stolo
1150 3576 1186 3630 ud
1196 3575 1355 3644 Pammach,
1371 3575 1588 3633 salemanniam
1601 3579 1736 3650 scripte).
1753 3571 1885 3632 molesia·

190 3664 241 3721 sed
255 3663 342 3721 etiam
357 3665 387 3721 in
403 3665 500 3720 lutuno
516 3664 622 3721 saeculo
637 3668 740 3720 erunt:
757 3668 790 3720 ut
804 3681 855 3737 per
877 3665 1009 3738 singulos
1065 3681 1130 3720 rum
1140 3665 1314 3738 magistrum
1326 3681 1343 3720 a
1353 3681 1401 3720 me
1413 3663 1523 3720 dictum
1537 3681 1601 3722 esse
1611 3665 1782 3740 origenem,
1794 3663 1822 3719 in
1834 3659 1887 3717 tuis

189 3753 338 3826 proiectus
352 3757 380 3810 et
395 3753 530 3822 honores,
548 3753 733 3810 ascensiones
745 3759 773 3809 et
792 3754 1008 3822 descensiones,
1065 3751 1203 3810 leudibus
1218 3753 1339 3825 objicis:
1355 3757 1384 3810 et
1398 3758 1486 3826 putas
1501 3754 1579 3826 qnod
1605 3757 1814 3827 pertimescere
1841 3749 1886 3806 de·

188 3833 363 3897 veterescat
382 3840 524 3913 aliquisi,
553 3842 598 3898 val
627 3843 785 3912 decrescat,
815 3846 843 3898 et
868 3843 923 3899 sub
952 3841 1009 3899 alia
1064 3841 1198 3910 beam,si
1228 3841 1400 3914 diligentem
1428 3841 1567 3898 lectorem
1591 3859 1639 3900 me
1668 3843 1756 3900 illum
1784 3838 1889 3897 dixisse

188 3931 276 3998 atque
291 3927 348 3984 alia
364 3933 518 4001 potestate,
532 3931 648 3998 virtute,
665 3931 841 4005 principatu,
861 3936 891 3987 et
917 3931 1009 3986 domi·
1063 3929 1201 3987 inimicus
1216 3947 1344 3988 accuses.
1362 3930 1495 3987 Solemus
1509 3936 1539 3988 et
1552 3931 1753 4004 negotiatores
1779 3925 1888 4002 parcie-

189 4015 381 4072 nationefiat.
400 4039 413 4066 n
437 4019 472 4073 nt
498 4023 564 4090 post
591 4020 757 4093 exemplum
786 4021 892 4077 terreni
922 4020 1007 4093 ragis,
1063 4019 1165 4087 simos,
1182 4020 1426 4092 etlrugiservos,
1443 4018 1626 4077 etmolestos
1649 4021 1837 4094 poedagogos,
1866 4017 1894 4070 et

188 4109 339 4178 totamque
355 4105 455 4179 palatii
466 4107 703 4180 descriptionem,
720 4127 770 4182 per
785 4127 874 4182 quam
895 4108 1009 4165 diversa
1062 4107 1269 4180 argutissimos
1284 4108 1374 4177 iuras,
1392 4106 1548 4181 diligentes
1562 4124 1674 4166 vocare.
1701 4109 1777 4166 481
1808 4106 1843 4162 lit
1863 4103 1890 4158 in

189 4193 420 4252 ministeriorum
438 4195 487 4253 Dei
502 4197 597 4254 officia
615 4197 863 4268 demonstrabam,
891 4197 1006 4253 addidi:
1063 4196 1217 4270 Evangelio
1238 4195 1353 4254 villicus
1368 4198 1535 4270 iniquitatis
1564 4199 1728 4271 prudenter
1758 4195 1889 4272 quadam

187 4306 202 4334 «
232 4285 268 4340 Et
297 4271 436 4358 putamus
465 4291 567 4354 Deum
609 4287 766 4362 Dominum
809 4285 1006 4353 dominorum,
1062 4284 1893 4358 lecissedicitur(Lue.nv1‚8):et.«Prudentioressunt

187 4367 697 4448 re'gemqueregnantiumsimpliei
717 4378 832 4430 tantum
843 4373 1007 4430 ministerio
1062 4373 1114 4430 filii
1137 4375 1339 4447 hujuseaeculi
1367 4376 1436 4431 filiis
1462 4375 1537 4432 lucis
1556 4375 1587 4431 in
1612 4377 1804 4449 generatione
1840 4386 1891 4429 sua

187 4477 251 4518 esse
279 4467 472 4518 contentum?
500 4485 514 4514 a
545 4463 695 4529 Quomodo
730 4461 924 4535 archangelus
948 4479 1006 4519 non
1062 4465 1163 4536 (ibid).
1181 4465 1248 4530 ant,
1266 4464 1415 4535 «Serpens
1426 4465 1661 4537 sapientiorerot
1674 4465 1819 4522 omnihus
1830 4462 1892 4518 bes·

186 4547 303 4616 dicitur,
320 4549 376 4605 nisi
392 4551 442 4621 qui
458 4551 537 4622 prior
550 4554 595 4608 est
608 4549 798 4624 angelorum
824 4550 866 4606 sic
895 4550 1006 4606 Princi-
1023 4574 1047 4641 D
1061 4551 1122 4618 tiis,
1138 4567 1212 4625 quas
1228 4551 1295 4606 iecit
1310 4551 1454 4608 Dominus
1469 4557 1677 4625 superterram
1689 4553 1769 4625 (Gen.
1783 4549 1889 4620 'ralla

186 4639 837 4710 patusetPotestatesetDominationesnon
858 4639 1008 4713 appellan-
1096 4641 1142 4698 25.
1159 4641 1261 4712 Corpus
1275 4645 1374 4697 mortis
1397 4641 1468 4712 quod
1495 4643 1543 4698 sit.
1573 4673 1608 4682 —
1636 4643 1767 4707 Quartus
1796 4643 1891 4710 repre·

183 4725 476 4798 tur,nisisubjectos
504 4726 619 4799 aliquos
647 4727 775 4784 habeant
804 4733 834 4784 et
861 4729 1007 4787 inferioris
1061 4729 1212 4787 hensionis
1229 4728 1321 4796 locus,
1337 4729 1490 4786 exordium
1506 4729 1628 4785 secundi
1647 4729 1715 4787 libri
1746 4728 1901 4803 possidet,

185 4813 305 4887 gradus.
322 4816 400 4873 118⁰
415 4814 466 4872 Sin
485 4818 583 4872 autem
595 4821 679 4887 putet
693 4816 801 4874 idcirco
832 4833 878 4874 me
907 4817 1007 4892 Orige·
1060 4819 1090 4874 in
1102 4818 1225 4891 quohoc
1237 4817 1531 4875 Paulitestimonium
1542 4817 1783 4891 exposuimus2a
1796 4815 1890 4889 Hujus

184 4919 251 4960 nem
267 4903 360 4978 sequi,
375 4905 444 4978 quia
459 4905 605 4978 proiectus
619 4911 649 4963 et
667 4906 803 4972 honores,
819 4906 1006 4964 ascensiones
1061 4907 1101 4963 rei
1117 4907 1211 4981 gratia
1226 4923 1278 4980 ego
1294 4906 1400 4964 Paulus
1411 4907 1526 4964 vinctus
1537 4905 1607 4964 Jesu
1620 4906 1726 4964 Christi
1744 4903 1889 4981 provehis
1994 4967 1996 4980 ,

183 4997 211 5046 et
225 4993 440 5064 descensiones,
455 4995 636 5052 incrementa
657 4999 685 5052 et
713 4995 945 5062 immunitiones,
975 4995 1005 5051 in
1060 4996 1195 5068 gentibus
1211 4995 1317 5069 (Ephes.
1335 5013 1378 5063 111,
1393 4995 1420 5068 2)
1434 5014 1441 5065 3
1454 5017 1468 5045 a
1483 4998 1513 5052 et
1527 4994 1596 5068 quie
1611 5011 1662 5067 per
1678 5012 1709 5052 se
1724 4993 1813 5052 locus
1827 4993 1891 5066 ipse

183 5081 362 5151 expositione
377 5099 442 5139 mea
457 5084 540 5157 posui
554 5103 560 5153 ;
578 5084 651 5142 sciat
666 5083 794 5140 multum
816 5083 956 5140 interesse
969 5083 1006 5138 de
1060 5086 1303 5151 manifestasset,
1321 5100 1385 5141 earn
1400 5089 1514 5141 tantum
1532 5088 1643 5157 partem
1661 5101 1772 5158 ponam
1789 5082 1891 5156 expla-

183 5166 296 5237 angelis
309 5173 338 5224 et
352 5169 505 5242 Seraphim
522 5177 551 5229 et
560 5173 719 5230 Cherubim
735 5173 841 5242 dicere,
858 5173 1005 5228 deamones
1059 5175 1196 5242 nationis,
1214 5191 1276 5246 que
1293 5176 1372 5245 patet
1387 5171 1560 5229 calumniae:
1578 5195 1593 5226 a
1608 5173 1750 5230 Vinctum
1777 5169 1890 5228 Christi

208 5289 226 5362 ,¹
243 5289 274 5344 In
290 5289 524 5370 Commentariis,
537 5305 719 5354 conversatus.
1094 5298 1236 5354 ⁸Minime
1247 5312 1310 5351 varo
1321 5299 1439 5351 accusat
1450 5297 1573 5354 Rufinus
1583 5297 1797 5372 Hieronymum
1810 5293 1889 5368 quod

183 5431 188 5441 Ι
216 5359 323 5424 ’Quod
340 5361 386 5415 hie
403 5367 479 5418 stare
496 5381 636 5423 numerus
665 5369 785 5424 omnino
814 5385 872 5425 non
898 5369 1002 5442 possit,
1059 5367 1106 5422 Ori
1130 5385 1213 5425 anem
1237 5367 1395 5437 diligentem
1424 5366 1539 5437 dixerit,
1556 5370 1607 5424 sed
1637 5371 1715 5442 quod
1743 5369 1776 5424 in
1808 5367 1891 5423 hunc

183 5447 211 5486 ιιι
225 5431 254 5486 S.
268 5429 365 5513 ‚Patris
376 5431 442 5514 Vita
457 5450 510 5489 suo
526 5433 588 5492 loco
604 5439 798 5495 ostendimus.
1059 5384 1140 5494 Periit
1156 5439 1251 5495 locum
1268 5439 1402 5505 senserit,
1419 5439 1479 5496 lore
1493 5443 1525 5495 ut
1540 5441 1687 5498 daemones
1714 5439 1752 5496 ab
1781 5437 1890 5495 ultimo

217 5502 306 5558 ³Vrd.
337 5518 401 5575 quse
431 5520 460 5558 rn
485 5503 563 5561 hunc
591 5523 606 5562 e
640 5508 864 5566 Commentariis
906 5510 1003 5568 locum
1054 5507 1888 5586 judicioinooelumrevertentur,eademqueatquele·

181 5575 379 5657 adnotamus..
632 5589 639 5642 ι
659 5593 744 5634 *aas*
765 5622 770 5634 ..
1058 5597 1109 5638 sus
1124 5578 1419 5646 Christusvoluntate
1434 5583 1563 5638 utantur.

215 5647 226 5683 ⁸
240 5646 317 5704 alibi
330 5649 358 5705 et
371 5661 401 5703 rn
417 5644 797 5719 Commentar.,‚truasserer.
990 5653 993 5660 '
