4064 6158
192 319 251 396 tlt

707 319 727 328 λ’
809 327 842 400 S.
864 325 1021 402 adessa
1042 318 1276 401 aldaonrm.

1819 331 1874 400 uo

191 463 353 541 Apostolus
364 459 501 539 breviter,
516 463 629 527 Christo
639 468 669 526 ia
686 485 716 527 se
728 453 875 542 loquente,
886 473 1011 526 testatus
1026 471 1052 537 Α
1065 469 1187 542 virginis
1204 469 1281 525 enim
1299 469 1533 541 permanserunt.
1554 465 1683 524 Observa
1704 465 1769 540 quid
1784 465 1872 543 signi·

193 557 255 611 est:
270 557 389 630 Innupta
403 558 502 630 sopitat
526 575 586 630 qun
613 559 663 616 liei
689 562 762 624 sunt,
791 557 922 630 quomodo
948 557 1013 629 pla·
1066 559 1142 626 ficet,
1158 559 1431 630 coinquinaverunt⁸.
1458 558 1516 630 ligo
1537 573 1595 613 aaa
1620 557 1710 613 audeo
1731 573 1873 628 exponere,

190 649 249 701 ceat
264 647 316 703 Deo
331 647 339 684 ¹
352 663 358 702 :
376 653 462 720 nupta
475 663 537 704 vero
551 650 650 720 capital
664 650 805 720 quaesunt
819 645 926 715 mundi,
945 661 1011 718 quo·

1067 663 1103 703 ne
1117 645 1267 703 Helvidius
1282 645 1486 703 calumnietur.
1506 645 1586 712 Quod
1612 649 1707 701 autem
1733 644 1774 701 ais
1791 661 1873 718 quas·

191 734 270 790 modo
282 735 390 807 placeat
404 738 462 792 uiro
477 737 550 806 (Cor.
578 754 628 804 vu,
642 737 705 808 3⁴l²
735 734 821 792 nobis
841 750 931 807 sapor
956 733 1011 790 boc
1066 736 1134 791 dem
1149 752 1213 792 esse
1227 735 1353 809 virgines
1366 735 1557 803 tabernarias,
1574 749 1626 807 ego
1647 733 1698 789 tibi
1726 732 1790 806 plus
1804 735 1873 804 dico,

190 837 327 896 campum
341 823 537 898 intelligentie
552 825 767 898 derelinquens.
788 824 888 896 Neque
914 827 1010 880 tamea
1066 841 1130 882 esse
1145 825 1174 880 ia
1196 824 1242 881 his
1267 829 1295 880 et
1319 823 1479 892 adulteras,
1503 827 1542 890 et,
1566 839 1623 895 quo
1642 821 1734 895 magis
1756 821 1874 891 mireris,

190 911 278 968 elicui
294 914 496 970 nenessitatem
511 913 637 986 imponit
659 916 709 970 aut
728 912 877 984 laqueum,
907 911 957 968 sed
982 911 1011 967 id
1065 913 1186 970 clericos
1207 929 1271 970 csse
1294 929 1452 986 caupones,
1476 916 1505 968 et
1527 911 1685 968 monachos
1709 911 1875 982 impudicos.

190 1000 269 1072 quod
284 1001 440 1059 honestum
456 1005 527 1058 est'
545 1003 659 1071 suadet,
689 1001 789 1058 volens
817 1017 919 1057 omaes
947 1015 1012 1057 csse

1066 1003 1121 1060 Sed
1137 1004 1203 1076 quis
1229 1019 1284 1059 aon
1309 1003 1408 1058 statim
1433 999 1588 1074 intelligat,
1614 1017 1665 1056 noc
1686 999 1876 1056 tabernariam

190 1090 658 1164 sioulseipsum.thuaaqnam
679 1092 715 1147 de
744 1090 910 1164 virginitate
939 1107 1010 1163 prae·
1064 1091 1219 1165 virginem,
1236 1090 1465 1148 aeoadulternm
1476 1087 1877 1156 monachum,aecclerioum

189 1183 307 1252 ceptum
323 1179 438 1237 Domini
454 1196 513 1236 ana
525 1179 652 1237 babeat:
673 1180 744 1253 quia
771 1178 849 1236 ultra
876 1179 1012 1235 homines

1066 1197 1151 1254 possa
1174 1197 1238 1237 esse
1260 1183 1445 1258 cauponem?
1471 1177 1609 1250 Nunquid
1630 1175 1806 1249 virginitatis
1829 1177 1877 1247 [lt.

188 1271 251 1336 est;
267 1273 297 1324 et
311 1269 527 1340 quodammodo
548 1269 729 1342 impudentis
756 1274 828 1338 erat,
856 1269 1011 1323 adversum
1064 1269 1227 1344 virginitas]
1250 1274 1293 1326 est
1316 1268 1412 1342 culpa,
1435 1269 1459 1324 si
1483 1266 1638 1325 simulator
1662 1264 1837 1338 virginitatis
1850 1265 1878 1320 in

190 1361 326 1413 naturam
354 1357 597 1430 cogere,alioque
627 1358 715 1414 modo
741 1359 845 1414 dicere.
874 1356 1011 1412 Volovcs
1064 1353 1879 1430 crimineestlEgocerle,utaliispersonispraetermis-

188 1462 265 1515 ease,
277 1446 355 1519 quod
372 1445 468 1520 angeli
484 1451 573 1504 suat:
595 1447 675 1503 unde
702 1450 731 1503 et
757 1447 836 1518 virgo
865 1445 1011 1516 majoris³

187 1539 233 1593 est
248 1536 401 1606 mercedis,
416 1536 487 1591 dnm
503 1535 532 1590 id
547 1535 718 1602 contemnit,
746 1534 824 1607 quod
854 1535 879 1590 si
899 1534 1008 1602 iecerit,

187 1713 339 1771 Consilium
353 1715 445 1768 andem
458 1712 502 1781 do,
518 1721 651 1786 tanquam
678 1713 896 1770 miscricordiam
918 1728 1007 1769 corae·

184 1805 263 1858 cutus
277 1801 432 1868 altarino,
450 1805 481 1856 ut
503 1803 557 1857 sim
584 1801 683 1872 fidelis.
711 1801 843 1858 Existimo
870 1817 932 1873 erqo
960 1799 1010 1857 loc

186 1890 286 1948 bonum
298 1906 354 1947 esse
365 1897 476 1963 propter
485 1893 633 1947 instantem
652 1890 847 1960 necessitatene,
869 1891 935 1962 quia
962 1889 1009 1946 bo-

189 1995 258 2036 nam
273 1987 313 2036 est
327 1978 433 2036 bomini
446 1981 485 2035 sic
498 1995 561 2036 esse.
579 1979 645 2044 Qun
675 1983 719 2036 est
741 1978 799 2036 ista
826 1978 1009 2036 necessitas?

187 2069 233 2127 l'ae
244 2070 450 2142 prnpnantitus
463 2073 493 2124 et
501 2068 687 2125 nutrientibus
701 2069 808 2130 inille
836 2067 880 2124 die
903 2068 1007 2136 (llattb.

185 2175 261 2225 xxrv,
275 2158 320 2226 ts,
336 2161 362 2214 et
379 2157 460 2214 liora
481 2175 543 2222 xva,
560 2157 616 2230 17).
646 2158 712 2214 ideo
742 2156 814 2213 silva
839 2157 1008 2224 succressit,

184 2252 218 2304 ut
233 2249 333 2319 postea
345 2245 501 2303 recidatur.
522 2247 590 2302 ideo
605 2263 674 2320 ager
688 2247 806 2312 seritur,
823 2248 855 2301 ut
870 2249 1007 2303 metatur.

183 2335 249 2392 lam
265 2333 371 2408 plenus
384 2334 529 2402 eslcrbis,
540 2339 619 2390 terra
633 2351 685 2390 nos
700 2351 758 2391 aon
772 2334 858 2406 capit.
875 2333 1009 2398 Quotidie

183 2423 260 2482 bella
275 2425 353 2481 m
363 2440 416 2481 uos
431 2427 540 2492 secant,
551 2423 646 2479 morbi
657 2423 844 2490 subtrahunt,
857 2424 1010 2497 naulragia

184 2513 351 2582 absorbent,
367 2517 397 2570 et
412 2512 605 2569 nihilominus
620 2512 656 2568 de
670 2512 807 2568 terminis
832 2512 1009 2586 litigamus?

184 2601 513 2658 Debocnumerosunt
541 2600 595 2670 illi,
623 2600 672 2673 qai
702 2605 819 2673 Agnam
846 2605 1010 2674 sequuntur

1065 1448 1107 1505 sis
1121 1449 1157 1504 ad
1171 1447 1321 1520 Virginem
1344 1446 1478 1502 veniam:
1505 1462 1569 1518 qua
1590 1443 1753 1502 institorias
1775 1447 1881 1499 exercet

1064 1551 1152 1605 untes,
1168 1537 1265 1593 nescio
1281 1553 1318 1592 an
1335 1551 1454 1609 corpore
1477 1536 1554 1607 quod
1580 1535 1651 1602 scio,
1677 1531 1782 1606 spiritu
1805 1530 1880 1605 virgo

1098 1713 1334 1772 ‘camberonensi
1350 1731 1465 1782 sumes,
1482 1717 1511 1770 el
1526 1713 1555 1770 in
1572 1729 1684 1770 morem
1709 1711 1881 1768 declamato-

1064 1821 1141 1872 rum,
1157 1802 1312 1876 paululum
1323 1803 1461 1859 lusimus.
1478 1804 1521 1859 Tu
1536 1819 1599 1871 nos,
1617 1801 1742 1870 Helvidi,
1758 1800 1882 1874 coegisti,

1065 1893 1189 1965 quijam
1211 1891 1366 1965 Evangelio
1390 1894 1572 1959 coruscante,
1598 1891 1734 1963 ejusdem
1758 1889 1802 1945 vis
1825 1901 1884 1944 esse

1064 1980 1162 2055 glorie
1175 1980 1303 2053 virgines
1318 1984 1348 2036 et
1362 1981 1516 2036 maritatae
1526 1981 1580 2051 [nl.
1606 1978 1753 2050 maritasl.
1774 1979 1807 2032 itt
1820 1976 1884 2049 quia

1064 2069 1190 2126 arbitror
1214 2074 1242 2126 te
1265 2068 1384 2125 venitote
1408 2073 1589 2140 superatam,
1613 2069 1652 2124 ad
1678 2065 1884 2124 detractionem

1063 2159 1127 2214 vitus
1143 2173 1213 2215 mee
1228 2162 1257 2214 et
1272 2158 1307 2213 ad
1323 2155 1821 2229 maledictaconverti(solentenim
1832 2154 1883 2210 hoc

1064 2250 1093 2303 et
1120 2244 1298 2303 muliercule
1333 2245 1437 2314 iacere,
1471 2262 1536 2317 que
1564 2245 1729 2302 victoribus
1762 2241 1884 2299 dominis

1064 2334 1139 2391 male
1155 2339 1258 2407 optant
1271 2335 1300 2389 in
1313 2333 1451 2408 angulis),
1463 2333 1535 2391 illud
1547 2334 1610 2390 dico
1622 2333 1816 2408 preveniens,
1826 2329 1884 2404 glo·

1065 2424 1114 2480 ria
1129 2423 1201 2479 mibi
1218 2424 1278 2479 iore
1292 2427 1345 2479 tus
1358 2422 1498 2489 convicia,
1514 2439 1580 2479 cum
1597 2424 1703 2480 eodem
1719 2438 1777 2495 quo
1792 2420 1883 2477 Maris

1064 2512 1227 2580 detraxisti,
1244 2528 1350 2569 creme
1363 2512 1483 2581 laceres,
1509 2517 1537 2569 et
1555 2511 1696 2569 oscinem
1722 2509 1886 2568 facundiam

1065 2617 1166 2658 servus
1181 2600 1295 2658 Domini
1311 2600 1419 2674 pariter
1439 2608 1467 2658 et
1482 2605 1584 2659 mater.

184 2689 274 2762 (lpoc.
292 2689 335 2760 ιι),
349 2689 399 2761 qni
414 2689 588 2746 vestimenta
599 2705 653 2744 sua
664 2705 723 2744 noa
734 2688 1007 2762 coinquinaverunt,

221 2848 348 2905 ¹lslbrec
363 2850 480 2919 innupto
500 2850 602 2917 mpitat
622 2863 683 2920 qua
708 2850 757 2905 llei
781 2857 853 2914 sunit,
877 2851 1009 2922 quomodo

184 2920 298 2994 placeat
312 2921 375 2990 aco,
391 2924 455 2976 tum
471 2935 599 2992 sequens
611 2935 674 2977 uero
687 2921 858 2977 adverbium
874 2921 904 2977 ia
922 2921 1009 2978 Vero-

185 2992 286 3050 nensis
302 3009 357 3050 ms.
375 3008 433 3048 aaa
448 2989 604 3047 habeatur.
868 3005 873 3016 ·

1065 2850 1101 2907 ab
1117 2868 1150 2907 eo
1165 2855 1253 2923 atque
1267 2849 1334 2906 aliis
1349 2855 1501 2934 peccatum
1516 2854 1571 2918 est,
1592 2853 1676 2923 quod
1693 2869 1762 2908 mox
1776 2849 1893 2976 leqpant

1064 2922 1210 2994 dereliquit
1229 2939 1281 2995 pro
1300 2923 1445 2994 delinquit,
1468 2923 1726 2994 quemadmodum
1751 2939 1786 2979 ex
1834 2937 1892 2978 enr-

1064 2994 1149 3051 nensi
1174 2994 1378 3050 emendamus.
1395 3023 1429 3034 -
1444 2993 1552 3065 llnjoris
1575 3001 1613 3050 est
1636 2994 1777 3054 mercedis
1808 2991 1889 3058 Editi,

1064 3067 1179 3192 nrql'oris
1193 3068 1232 3121 est
1246 3066 1360 3127 meriti:
1376 3069 1406 3120 al
1420 3081 1491 3120 mss.
1503 3064 1628 3132 codices,
1639 3068 1763 3138 majoris
1773 3073 1814 3121 est
1823 3080 1892 3119 mer·

220 3065 232 3099 ²
247 3064 413 3136 tegendum
428 3079 530 3119 revera
540 3062 683 3129 videatur,
696 3063 742 3118 sed
757 3063 830 3120 adid
845 3064 914 3134 qnod
929 3064 1009 3122 lione·

1114 3139 1145 3204 is,
1161 3135 1205 3191 vel
1219 3138 1332 3206 majoris
1348 3143 1388 3192 est
1407 3137 1492 3208 pretii
1501 3154 1512 3199 ,·
1526 3134 1624 3193 nullus
1650 3135 1755 3205 babet,
1781 3137 1891 3204 nsajoris

186 3142 363 3271 saqrqgstqm
377 3203 458 3272 editi,
474 3207 588 3277 nsajcris
603 3206 642 3261 esi
666 3207 760 3262 nundi
784 3205 961 3264 Veronensis
973 3205 1008 3261 li·
1024 3208 1045 3275 G
1064 3153 1103 3265 {Zp
1119 3209 1221 3264 meriti.
1245 3207 1389 3263 llaarrsa.

185 3277 246 3345 ber,
272 3277 386 3350 majoris
409 3281 450 3334 est
471 3279 579 3333 mercis.
604 3275 770 3332 Martianus
792 3277 932 3346 mercedis,
958 3278 1009 3350 qui
1100 3279 1351 3352 ‘Praponebatur
1365 3277 1492 3352 negandi
1507 3278 1663 3350 particula,
1689 3295 1782 3352 qnam
1795 3295 1829 3336 ex
1842 3277 1892 3334 Vc·

184 3352 214 3406 et
225 3351 311 3422 pretii
320 3347 350 3404 in
360 3347 473 3421 aliquot
486 3365 560 3404 mss.
572 3347 718 3404 invenisse
732 3364 763 3404 se
773 3348 854 3404 dicit.
868 3349 925 3406 Sed
936 3347 1009 3405 illud
1065 3350 1184 3408 nonensi
1200 3348 1388 3408 sustulimus.

559 3679 596 3736 IN
611 3679 688 3748 SEQ.
706 3679 834 3738 LIBROS
847 3679 1038 3738 ADVERSUS
1052 3680 1277 3739 lOVlNlANUM
1292 3681 1504 3739 nunoalvm.

218 3958 388 4015 ”hm
398 3957 422 4012 l.
434 3956 689 4014 FuitJoviniamus
698 3957 879 4031 professione
887 3959 1060 4028 monachus,
1070 3959 1168 4028 homo,
1180 3960 1204 4016 si
1213 3959 1276 4015 vitae
1287 3959 1529 4016 consuetudinem
1545 3958 1701 4033 inspiciaS,
1714 3960 1799 4018 luxui
1813 3961 1891 4018 dedi·

179 4049 269 4104 tusae
279 4045 698 4115 dissolutus‚divitiisabutens
708 4046 784 4103 male
794 4047 896 4120 partis,
906 4050 992 4122 etqui
1001 4066 1053 4121 per
1067 4049 1219 4106 infamiam
1235 4047 1742 4121 nominisEpicurusdlzristianornm
1752 4050 1893 4107 meruerit

180 4136 300 4193 audire:
318 4135 341 4191 si
358 4134 469 4192 cultum
486 4135 576 4190 animi
593 4152 625 4191 ac
641 4135 804 4192 doctrinam
821 4136 963 4209 requiras,
979 4136 1108 4210 vulgaris
1123 4135 1218 4208 pleae,
1234 4153 1286 4193 aec
1306 4136 1458 4208 eloqueas,
1486 4153 1538 4194 aec
1562 4137 1718 4208 eruditas,
1743 4141 1797 4196 ssd
1813 4139 1888 4213 quod

179 4223 350 4300 hujusmodi
361 4222 539 4281 nebulonum
551 4223 766 4297 ingeainmest,
778 4225 952 4296 procacitate
963 4240 995 4280 ac
1007 4225 1145 4298 superbia
1156 4224 1265 4280 nemini
1277 4226 1509 4298 postponendus.
1528 4227 1636 4299 Exque
1647 4228 1723 4284 urbe
1736 4229 1828 4286 luerit
1840 4245 1890 4286 seu

177 4315 276 4386 polius
291 4332 325 4372 ex
337 4330 394 4388 quo
410 4314 551 4386 prodierit
566 4313 753 4380 monasterio,
769 4313 860 4368 dubia
875 4329 920 4368 ros
934 4317 978 4368 est
992 4331 998 4380 ;
1011 4315 1133 4386 jamque
1148 4313 1252 4369 exinde
1268 4331 1284 4368 a
1299 4315 1422 4371 Baroaio
1435 4314 1568 4388 plerique
1593 4331 1659 4372 eum
1685 4317 1889 4374 Mediolanen-

177 4419 240 4458 sem
256 4407 412 4460 autumaut
427 4403 592 4460 exstitisse:
610 4401 745 4457 nonnulli
760 4417 827 4456 oum
843 4400 999 4458 Parricello
1016 4403 1181 4459 Romanum
1197 4401 1317 4466 iaciunt,
1333 4403 1428 4475 Atque
1443 4402 1549 4460 horam
1572 4403 1693 4475 quidem
1713 4406 1822 4464 malim
1835 4421 1888 4480 ego

176 4490 328 4547 sententias
339 4491 483 4559 accedere,
493 4491 698 4546 namelltomoe
707 4489 928 4562 primitusjaota
936 4491 1051 4549 nelarie
1059 4491 1197 4547 doctrine
1209 4492 1332 4558 semine,
1342 4491 1440 4564 ibique
1449 4491 1577 4565 virgines
1585 4493 1699 4566 aliquot
1710 4510 1891 4567 sac-raspro·

176 4582 264 4634 vectus
276 4579 340 4650 jam
353 4578 446 4634 etatis
461 4580 596 4650 deceptas
609 4578 646 4632 nb
662 4593 705 4645 eo,
720 4582 753 4632 ut
765 4577 909 4634 nuberent
927 4577 1006 4647 viris,
1023 4583 1050 4636 S.
1066 4580 1250 4652 Augustiana
1274 4580 1348 4637 librc
1372 4582 1404 4637 de
1428 4582 1579 4638 Heresilru
1604 4582 1703 4638 tradit.
1720 4583 1764 4640 Ex
1788 4582 1892 4655 Syrioii

177 4684 294 4742 qaoque
309 4665 432 4740 epistola
447 4666 600 4732 evincitur,
616 4659 772 4723 damnatos
786 4667 815 4722 in
832 4668 961 4724 Romana
976 4670 1086 4742 synodo
1102 4670 1166 4741 eJ‘us
1182 4669 1309 4726 asseclas
1325 4672 1513 4743 postmodum
1534 4671 1735 4729 Mediolanum
1765 4679 1891 4731 conten-

175 4757 265 4824 disse,
278 4759 476 4830 aucupaturos
491 4754 547 4811 sibi
563 4755 696 4812 animum
712 4755 915 4828 imperatoria:
932 4774 1022 4813 novos
1045 4774 1111 4813 vero
1127 4761 1216 4831 alque
1243 4759 1373 4831 hospites
1392 4759 1461 4816 illuc
1482 4759 1644 4830 advenisse,
1665 4762 1803 4819 declarat
1819 4761 1889 4818 Am·

174 4846 263 4903 brosii
279 4845 420 4919 synodica
433 4844 557 4918 epistola
573 4845 607 4901 ud
624 4845 760 4901 eumdem
770 4844 913 4917 syricium
928 4847 983 4903 sub
1000 4847 1088 4902 finem
1101 4863 1107 4901 :
1120 4847 1191 4902 Cum
1202 4847 1299 4918 inquit
1315 4848 1387 4919 apud
1398 4851 1562 4918 manistram
1572 4849 1808 4919 atqucdnctorem
1824 4851 1891 4922 (llo-

176 4950 229 4990 ma
244 4934 366 5002 scilicet,
383 4939 471 5008 atque
485 4935 562 5008 apud
578 4933 760 5004 Pontificem)
771 4935 831 5007 jam
847 4935 962 5006 dipnum
975 4938 1125 5008 praemium
1140 4935 1285 4992 retulerint
1302 4937 1346 4992 illi
1361 4937 1581 5008 (loviaiaaiste)
1593 4938 1720 5009 perfidiae
1736 4954 1812 5007 suae,
1832 4939 1891 4994 iuteo

173 5035 258 5092 usque
276 5024 482 5092 decreuerunt,
498 5039 533 5080 ne
546 5025 698 5095 superesset
713 5022 796 5088 tecm,
813 5025 844 5078 in
858 5039 910 5095 quc
925 5039 979 5079 noo
994 5022 1203 5080 damnarentur.
1215 5026 1247 5081 m
1264 5023 1350 5098 paulo
1370 5030 1446 5098 post.
1473 5025 1635 5100 omnesqui
1658 5027 1725 5084 illos
1742 5028 1889 5093 ciderunt,

174 5111 255 5180 quasi
269 5111 402 5180 quaedum
420 5115 546 5185 cmctaqia
560 5115 731 5184 resaperunt.

210 5201 236 5250 t.
253 5196 325 5253 Cum
341 5214 494 5272 erumpere
505 5201 534 5256 ia
551 5200 833 5274 apertamberesim
848 5199 949 5267 voluit,
968 5217 1026 5273 quo
1043 5206 1141 5274 posset
1155 5201 1277 5258 liberius
1298 5209 1461 5273 pervertere
1485 5209 1598 5260 mentes
1620 5203 1794 5273 hominum,
1813 5220 1891 5260 aun·

173 5283 249 5340 tium
266 5285 435 5342 monastice
449 5287 515 5342 vite
531 5289 681 5346 remisisse
694 5308 701 5358 ;
719 5296 747 5346 et
757 5294 828 5345 sunl
843 5289 893 5362 qui
909 5293 1024 5361 puteal,
1046 5295 1075 5346 el
1089 5289 1283 5360 Hieronymus
1296 5288 1412 5347 videtur
1427 5292 1568 5361 indicare,
1583 5309 1649 5348 cum
1666 5291 1707 5348 illi
1725 5294 1894 5366 exprobrat

173 5371 224 5428 lib.
242 5389 261 5438 1,
279 5387 349 5428 num
367 5374 410 5441 ao,
426 5375 503 5445 quod
519 5381 579 5446 post
589 5377 727 5434 sordidam
754 5381 886 5440 tunicare,
898 5387 923 5434 et
937 5378 1025 5433 nudos
1041 5379 1131 5450 pedes,
1156 5386 1181 5435 et
1201 5379 1338 5434 cibarium
1358 5395 1469 5451 panem,
1496 5385 1522 5437 et
1545 5397 1623 5453 aquae
1642 5386 1750 5454 poteram
1769 5381 1808 5438 nd
1823 5398 1892 5438 can·

173 5461 358 5527 didasuestes‚
374 5462 533 5519 etnitidam
551 5467 648 5530 celem,
664 5467 699 5524 cd
723 5469 844 5523 mulsam
866 5471 891 5522 ct
915 5467 1069 5524 elaboratas
1093 5482 1199 5533 carnes,
1224 5465 1259 5521 ad
1278 5467 1345 5538 jora
1368 5470 1455 5542 Apicii
1482 5473 1508 5526 et
1545 5472 1674 5540 Panormi,
1699 5471 1740 5530 aa
1772 5471 1892 5528 balneas

172 5566 276 5625 quoque
289 5549 314 5606 el
328 5551 492 5623 fricticulas,
508 5559 534 5608 et
548 5554 662 5623 popinas
684 5569 748 5610 sese
770 5555 934 5612 contulerit.
961 5558 1036 5612 Tum
1052 5555 1125 5612 libro
1149 5555 1277 5611 secundo
1301 5554 1377 5613 circa
1402 5558 1552 5616 mediam:
1575 5561 1651 5627 Ante,
1679 5559 1798 5629 inquit,
1815 5557 1893 5614 nudo

172 5657 232 5698 erus
256 5641 343 5713 pede:
357 5639 435 5698 mode
446 5656 502 5698 non
515 5641 601 5696 solum
618 5641 747 5710 calceato,
761 5647 809 5699 secl
823 5649 850 5699 et
863 5654 975 5703 ornato:
991 5655 1139 5702 lanceam
1165 5647 1258 5701 tunica
1281 5649 1307 5702 et
1337 5648 1416 5718 niqra
1439 5649 1574 5704 subucula
1605 5648 1772 5706 vestiebaris
1787 5665 1800 5710 ,·
1815 5663 1894 5705 nunc
