4054 6168
154 325 243 400 Μ
687 333 803 400 bisen
824 333 942 398 HHBH.
964 329 1116 407 OUAES'I'.
1138 330 1178 395 ΙΝ
1202 331 1340 396 GHNHS.
1777 323 1864 400 im

158 465 315 526 constituit
334 483 401 526 eum
427 483 515 543 saper
547 485 662 527 omnem
687 475 795 526 terram
819 469 942 544 AEgypti.
969 468 1197 538 optinuisse:
1215 462 1862 539 quieobliviscimeleoitDeusomniumln-

156 560 290 629 Proqao
305 557 408 630 Aquila
422 558 627 616 transtulit:«
643 561 678 616 lit
702 559 838 616 clamavit
860 560 890 614 io
915 575 985 615 con·
1039 557 1143 614 horum
1175 570 1318 620 meorum,
1351 558 1379 610 et
1410 555 1507 611 omnis
1539 556 1644 614 domus
1664 557 1755 629 patris
1790 560 1857 616 mei.

157 650 264 720 spectu
279 646 648 734 ajusaqgenioulationem.
659 670 673 698 >i
684 648 876 722 Symmachus
886 649 985 721 ipsum
1039 646 1151 702 Nomen
1167 649 1265 701 autem
1278 644 1400 700 secundi
1415 644 1526 700 vocavit
1542 645 1690 717 liphraim,
1714 648 1785 720 quia
1799 665 1862 706 cre·

157 735 337 793 Hebraicnm
371 752 537 793 sermonem
561 738 758 810 interpretans
782 737 824 794 ait
850 756 856 794 :
882 739 985 794 amino-
1041 749 1121 790 soora
1135 750 1181 790 me
1204 734 1272 789 tacit
1293 734 1371 790 Deus
1393 735 1423 788 in
1448 737 1526 790 terra
1549 733 1726 793 humilitatis
1748 753 1828 794 maa.
1847 761 1861 789 »

156 826 278 882 vitante
292 840 355 880 eum
368 841 476 880 aenean
488 826 600 910 (yma).
613 825 694 882 Unde
710 825 782 881 mihi
797 825 913 882 videtur
927 841 985 881 non
1040 823 1168 879 Observa
1182 826 1299 896 propter
1314 823 1517 895 questionem,
1535 841 1599 895 qua
1621 828 1687 897 post
1710 825 1862 897 paululum
1904 871 1908 881 .

158 917 223 972 tem
238 928 342 985 preco,
358 912 418 969 sive
433 913 657 986 adgeniculatio,
685 931 752 987 qum
776 915 806 970 in
831 914 986 971 salutando
1041 913 1077 969 de
1091 911 1198 985 loseph
1214 910 1282 967 tiliis
1298 912 1490 983 proponenda
1514 917 1568 980 est,
1593 913 1671 982 quod
1695 917 1763 971 ante
1777 915 1863 972 tamis

158 1001 207 1059 vel
230 1000 378 1057 adorando
401 1001 509 1074 tosepb
529 1002 623 1074 accipi
650 1007 756 1074 potest,
772 1002 986 1076 intelligenda:
1041 1006 1168 1073 tempus,
1190 1017 1249 1072 quo
1269 998 1359 1056 Jacob
1390 999 1509 1055 intravit
1533 1000 1563 1056 in
1594 1005 1761 1074 AEgyptnm,
1790 1003 1864 1060 duos

159 1105 253 1162 quam
267 1086 342 1145 illud
358 1090 436 1161 quod
455 1091 565 1147 Hebrai
590 1092 713 1148 tradunt
735 1092 864 1149 dicentes
877 1096 989 1164 patrem
1043 1093 1158 1147 tantum
1168 1088 1275 1160 Joseph
1288 1086 1364 1144 filios
1379 1087 1664 1154 babuerit,ltlanasse
1676 1091 1863 1164 ethhreim.

159 1187 290 1236 marim
313 1178 332 1249 ¹,
362 1183 391 1234 et
414 1178 468 1234 hoo
491 1195 626 1237 sermone
650 1181 829 1250 translerri;
857 1199 894 1237 ns
925 1180 988 1252 (aa)
1041 1178 1169 1234 Honeste
1189 1194 1296 1234 vocans
1320 1178 1356 1233 ab
1380 1193 1423 1247 eo,
1450 1178 1527 1250 quod
1549 1178 1588 1233 sit
1608 1177 1865 1237 oblituslaborum

160 1264 274 1337 quippe
297 1263 405 1320 dieitur
426 1272 516 1337 poter,
553 1283 626 1323 naun
653 1267 712 1354 (Ti)
732 1267 989 1326 delieotmsivete-
1043 1283 1165 1325 suorum
1194 1284 1200 1322 :
1229 1267 1269 1323 ita
1304 1264 1382 1322 enim
1420 1265 1558 1324 Hebraico
1597 1272 1718 1324 vocatur
1755 1269 1866 1326 oblivio.

160 1355 327 1416 mimas:
343 1353 529 1426 significante
554 1355 714 1428 Scriptura,
729 1359 807 1429 quod
819 1359 904 1429 Juxta
919 1374 988 1430 pru·
1044 1357 1185 1428 Ephraim,
1206 1372 1240 1412 eo
1264 1355 1341 1427 qood
1364 1354 1476 1412 auxerit
1499 1371 1567 1412 euni
1592 1360 1677 1413 Deus.
1699 1359 1734 1412 Et
1754 1373 1789 1412 ex
1812 1357 1867 1414 boo

162 1441 296 1500 dentiam
319 1441 439 1515 quidem
461 1447 543 1516 pater
568 1443 701 1500 omnium
717 1446 805 1501 tuerit
821 1465 826 1502 :
843 1447 990 1517 sedjuxta
1044 1444 1123 1502 anim
1146 1442 1287 1500 vocabulo
1321 1444 1351 1499 in
1376 1443 1509 1516 linguam
1538 1448 1669 1502 nostram
1691 1446 1868 1504 transfertur

164 1536 284 1590 satutem
297 1531 475 1589 tenerrimus
488 1531 661 1590 adolescens
675 1539 705 1590 et
718 1551 801 1607 puer.
1044 1541 1231 1604 onpmemnm.

207 1621 371 1692 (versib)
398 1641 412 1670 a
432 1621 468 1677 lit
489 1621 601 1680 vocavit
624 1622 738 1679 Pharao
761 1624 990 1696 nomenJoseph
1081 1623 1160 1696 (Cap.
1195 1622 1289 1679 Xblll.
1314 1653 1349 1663 -
1373 1621 1456 1678 Vars.
1486 1623 1539 1694 tt.)
1569 1645 1583 1673 a
1615 1624 1650 1679 at
1674 1623 1784 1680 detento
1806 1623 1868 1681 viro

163 1709 332 1782 Sapbaneth
366 1709 492 1780 Pharroa,
523 1716 552 1767 et
585 1711 664 1768 dedit
688 1711 714 1767 ei
749 1713 875 1770 aseneth
899 1713 991 1769 filiani
1046 1729 1178 1781 munera,
1204 1710 1315 1782 aliquid
1340 1711 1455 1778 resina,
1479 1715 1509 1766 et
1532 1710 1638 1776 mellis,
1665 1711 1870 1784 thymiamaet

160 1797 329 1871 Pbutipbsr
354 1797 515 1855 sacerdotis
539 1798 719 1871 Heliopoleos
751 1801 780 1856 in
815 1816 945 1858 uxorem.
975 1823 989 1852 o
1045 1804 1172 1857 stactent
1216 1804 1245 1856 et
1268 1799 1477 1871 terebinthum,
1515 1804 1543 1856 et
1567 1816 1665 1856 nuces.
1692 1820 1706 1850 a
1730 1799 1805 1868 Sive,
1838 1806 1870 1857 ut

160 1887 245 1943 Licet
270 1886 410 1943 Hebraice
431 1886 486 1942 boo
511 1903 628 1958 nomen,
653 1889 873 1946 absconditorum
896 1907 991 1961 repor—
1046 1890 1150 1961 Aquila
1169 1893 1198 1944 et
1227 1887 1420 1963 Symmachus
1451 1887 1674 1954 transtulerunt,
1705 1891 1868 1962 umypdeto.

158 1984 251 2034 torem
265 1981 359 2046 sonet,
377 1976 559 2046 tamenquia
569 1977 606 2033 ab
619 1977 752 2051 AEgyptio
768 1979 993 2052 ponitur,ipsius
1048 1978 1157 2035 ideirco
1179 1977 1233 2034 hoo
1258 1977 1420 2050 capitulum
1444 1977 1609 2049 posuimus,
1627 1982 1660 2033 ut
1673 1977 1804 2036 aciamus
1819 1978 1869 2034 ubi

159 2065 272 2138 lingua
288 2065 374 2121 dehet
390 2064 495 2122 habere
511 2066 664 2122 rationem.
695 2067 904 2140 Interpretatur
925 2085 993 2140 ergo
1047 2067 1078 2123 in
1094 2067 1202 2124 nostris
1217 2066 1369 2124 codicibus
1385 2066 1510 2122 babetur
1524 2067 1687 2137 thymiama,
1704 2067 1734 2122 in
1750 2068 1869 2124 Hebraeo

163 2169 303 2212 sermone
326 2154 458 2227 AEgyptio
482 2170 645 2211 sarnnanrrr
671 2172 781 2212 aarum
797 2157 884 2228 (aare
900 2158 993 2228 nina)
1047 2171 1112 2213 esse
1125 2173 1250 2212 ancoras
1266 2155 1375 2227 (nani),
1392 2156 1470 2226 quod
1493 2153 1597 2226 Aquila
1621 2163 1756 2212 storacem
1770 2161 1870 2213 trans-

163 2241 229 2299 sive
240 2247 274 2298 ut
283 2243 475 2316 Septuaginta
484 2243 643 2300 transferre
650 2245 816 2314 voluerunt,
827 2245 994 2302 Psomthom·
1048 2244 1125 2301 tulit.
1142 2245 1182 2300 lla
1197 2261 1254 2316 quo
1269 2245 1363 2300 domm
1392 2245 1505 2299 nechota
1526 2259 1589 2314 qua
1617 2242 1647 2299 in
1664 2244 1740 2299 lsaia
1761 2248 1868 2314 (xxxix,

163 2331 309 2388 Phoaeet.
333 2331 461 2388 Salvator
482 2332 581 2388 inanit
601 2334 622 2400 ²,
647 2335 772 2406 eoquod
796 2336 896 2391 orbem
911 2339 993 2392 tarra
1047 2335 1075 2406 2)
1096 2333 1213 2405 legitur,
1238 2332 1477 2389 manifestissime
1501 2332 1574 2388 celto
1601 2333 1791 2403 thymiamatis
1809 2333 1870 2390 sive

166 2421 208 2478 ab
232 2420 404 2476 imminente
428 2421 515 2478 lamis
538 2421 649 2478 excidio
664 2422 806 2480 liberavit.
827 2425 993 2481 Notandum
1047 2425 1160 2479 storacis
1183 2421 1367 2494 intelligitur,
1392 2421 1470 2492 quod
1492 2421 1522 2476 in
1537 2420 1588 2477 illa
1603 2424 1733 2477 aromata
1756 2420 1871 2478 diversa

164 2513 282 2574 autem,
308 2510 387 2582 quod
419 2509 532 2566 domini
560 2512 709 2583 quondam
734 2517 762 2568 et
784 2513 925 2585 emptoris
947 2515 994 2570 sui
1048 2511 1250 2568 sintcondita.

165 2598 704 2672 tiliamuxoremamsperit⁸,quiad
728 2600 758 2655 id
777 2600 906 2657 locorum
922 2619 993 2675 pon·
1083 2599 1175 2669 (Vere.
1210 2599 1267 2670 tt.)
1298 2621 1311 2649 o
1340 2599 1375 2655 Ht
1408 2597 1555 2664 biberunt,
1589 2601 1618 2654 et
1631 2598 1769 2655 inebriati
1800 2603 1871 2656 sunt

163 2687 239 2745 titan
254 2685 434 2759 Heliopoleos
448 2691 520 2744 arat.
536 2687 636 2760 Neque
650 2689 729 2744 enini
745 2690 789 2745 las
812 2689 924 2762 absquo
939 2690 994 2747 'eu-
1049 2703 1116 2744 euni
1132 2703 1176 2743 eo.
1195 2709 1208 2736 o
1223 2687 1336 2743 idioma
1358 2686 1465 2760 linguas
1493 2687 1615 2743 Hebraea
1638 2691 1694 2756 est,
1708 2691 1740 2743 ut
1753 2687 1870 2744 ebriete-

166 2775 276 2834 nuohis
299 2775 370 2831 idoli
402 2774 482 2832 illius
513 2793 577 2832 asse
601 2777 765 2844 antistitae,
790 2783 825 2834 ut
851 2795 920 2835 vera
944 2779 995 2835 illa
1049 2783 1103 2832 tem
1126 2792 1178 2848 pro
1199 2777 1324 2833 sotietate
1349 2781 1447 2849 ponat,
1471 2775 1602 2832 sioutibi
1629 2792 1636 2830 ι
1662 2777 1695 2831 ln
1714 2775 1871 2834 stillicidiis

164 2866 359 2922 Hebraeorum
385 2881 473 2937 super
497 2866 622 2938 eoquod
644 2867 708 2939 jani
736 2867 875 2940 diximus,
897 2870 994 2941 suspi·
1048 2866 1107 2933 eius
1122 2865 1308 2922 inebriabitur
1322 2867 1333 2901 ⁴
1347 2867 1507 2936 penninons
1521 2865 1609 2934 (Prot.
1624 2881 1697 2933 cxiv,
1714 2865 1766 2934 ll),
1787 2864 1866 2922 haud

165 2953 216 3012 oio
232 2953 448 3026 comprobetur.
1049 2953 1173 3010 dubium
1188 2955 1260 3026 quin
1276 2959 1352 3010 terra
1368 2953 1474 3026 pluviis
1490 2953 1621 3027 irrigata.

159 3029 162 3034 ’
203 3041 299 3114 (Vere.
323 3041 433 3114 50-52.)
458 3064 468 3092 ι
493 3043 528 3098 Ht
549 3042 658 3116 Josaph
685 3044 745 3103 nati
775 3047 845 3101 sunt
868 3046 995 3102 duosslii
1085 3041 1164 3114 (Cap.
1182 3042 1276 3099 XLIV.
1302 3073 1337 3083 -
1363 3046 1445 3098 vers.
1472 3042 1513 3113 2.)
1537 3063 1552 3092 a
1577 3043 1610 3098 tlt
1628 3045 1871 3116 poneargentum

164 3133 330 3202 antequam
364 3130 499 3187 venirent
523 3132 592 3188 anni
616 3133 713 3200 lamis,
736 3150 810 3207 quos
833 3136 945 3207 peperit
969 3135 996 3190 ei
1050 3131 1285 3203 uniuscujusque
1300 3129 1329 3186 in
1346 3147 1395 3188 ore
1410 3130 1531 3201 sacculi,
1557 3135 1587 3188 et
1604 3131 1698 3202 condy
1713 3146 1812 3188 meum
1826 3148 1872 3188 ar-

162 3219 295 3278 Asenetb
320 3218 381 3276 silio
404 3218 593 3292 Pbutipberis
616 3223 776 3279 sacerdotis
803 3223 993 3296 lleliopolaos.
1010 3202 1032 3270 C
1051 3224 1188 3290 geutaum
1203 3220 1214 3256 ⁸
1230 3219 1311 3276 mitte
1325 3219 1354 3274 in
1370 3217 1521 3276 sacculum
1541 3217 1680 3290 junioris.
1705 3241 1719 3269 »
1745 3223 1799 3274 Pro
1812 3235 1874 3276 soc·

165 3308 248 3367 808
272 3307 389 3366 Vocant
410 3312 509 3365 autem
535 3309 644 3382 loseph
669 3326 776 3367 nomen
809 3311 994 3385 primogeniti
1053 3309 1122 3379 aito,
1136 3325 1273 3382 peronem,
1302 3307 1346 3364 vel
1368 3309 1473 3381 solnm,
1501 3307 1530 3363 in
1554 3307 1672 3363 Hebrao
1693 3306 1791 3364 hahet.
1818 3311 1873 3364 Pro

208 3451 217 3484 ¹
252 3449 376 3506 Videtur
407 3455 505 3506 autem
526 3467 561 3506 ex
575 3449 697 3524 Origene
726 3452 872 3510 delibasse
887 3455 937 3527 qui
965 3455 995 3510 in
1052 3451 1161 3508 Pheneo
1183 3450 1299 3507 abunde
1322 3447 1538 3522 disputavimus
1556 3450 1586 3505 in
1611 3447 1750 3521 Apologia
1774 3453 1875 3506 nostra

166 3521 289 3578 munis
312 3520 411 3594 regiis,
434 3525 508 3577 teste
522 3521 748 3591 Monttauconio¹
774 3524 815 3580 ito
837 3524 927 3581 habat
942 3543 948 3581 :
965 3535 997 3584 ia
1073 3538 1104 3577 ro
1120 3523 1302 3592 Hieronymo.
1318 3520 1443 3577 Consule
1463 3537 1555 3591 supra
1576 3518 1825 3576 Commentariun
1843 3520 1873 3576 in

167 3590 299 3654 ’Etpalsdii
334 3593 387 3658 tyri
427 3591 539 3657 Ἀβρήχ,
575 3593 588 3640 d
618 3593 713 3658 [κυρίως
747 3597 881 3658 mastya,
916 3597 997 3660 πατὴρ
1051 3539 1103 3648 llb.
1121 3594 1200 3648 Heor.
1217 3591 1328 3648 Nomia.
1348 3607 1412 3664 cap.
1427 3595 1454 3646 2.
1470 3595 1606 3647 hilarina.

171 3659 291 3720 ἁπαλὸς,
328 3664 369 3710 sat
397 3661 506 3718 ιὶκότως.
536 3661 656 3722 inarato<
692 3665 773 3728 (torte
803 3665 852 3729 lep.
881 3668 907 3713 ὲν
934 3668 998 3713 aaa·
1089 3664 1228 3735 ⁸Regina
1243 3679 1299 3718 ms.
1317 3661 1472 3733 antiquior,
1499 3661 1574 3730 Quod
1598 3660 1716 3716 bominis
1737 3659 1875 3729 quondam

171 3729 240 3794 λοῑς)
267 3733 310 3796 γὰρ
336 3733 369 3781 tto
399 3735 477 3781 saort
499 3732 545 3792 τήν
574 3733 681 3795 ἠλικίαν,
711 3736 741 3794 ὥς
767 3737 849 3802 πατὴρ
877 3737 998 3800 σωτήριον
1053 3733 1252 3806 emptorissui.
1269 3733 1402 3789 Diximus
1424 3748 1492 3788 varo
1515 3747 1606 3803 supra
1630 3731 1659 3784 in
1684 3746 1748 3801 cap.
1764 3747 1873 3800 xxxvii,

169 3799 258 3868 ἀρχήν
296 3803 431 3866 Αἰγυπτίοις
474 3803 651 3864 ἐνεδείξατο.
692 3805 764 3866 δηλοῖ
803 3807 829 3856 at
870 3807 941 3856 netto
981 3810 998 3867 ὴ
1053 3803 1129 3861 bano
1158 3803 1424 3876 opinionemque
1450 3818 1542 3859 unum
1574 3801 1770 3871 eumdemque
1806 3801 1876 3857 iacit

167 3872 264 3934 litat
290 3875 318 3921 τὸ
345 3874 493 3938 γονατζειν.
523 3879 617 3940 φανερὰ
644 3878 691 3942 γάρ
720 3880 786 3929 ἐστιν
813 3878 830 3938 ἡ
858 3879 927 3944 φωνή
954 3879 998 3926 τοῦ
1052 3876 1168 3944 barum,
1184 3879 1211 3932 et
1226 3879 1326 3948 postea
1349 3890 1480 3930 socerum
1506 3871 1626 3944 tosepbi
1652 3870 1873 3944 Phutipbarem‚

164 3951 250 4015 stoa.
288 3944 457 4002 Hebroioam
503 3946 606 4002 botet-
630 3948 746 4016 Abiecit,
784 3950 853 4020 qaod
888 3951 999 4021 proprie
1052 3963 1087 4004 ex
1110 3946 1275 4020 apocrypho
1300 3946 1374 4002 libro
1398 3945 1534 4014 Hebreos,
1567 3960 1602 4000 en
1627 3958 1752 4016 quorum
1784 3959 1874 3999 sensu

167 4020 256 4088 pater
277 4019 360 4072 tener
381 4017 530 4088 ripnificot.
555 4017 625 4073 Nom
647 4035 710 4074 cam
733 4025 812 4076 cotom
833 4028 997 4090 interesset,
1053 4018 1172 4076 Hieron.
1187 4017 1327 4089 loquitur,
1339 4015 1497 4088 derivasse,
1507 4013 1703 4087 sublestaque
1717 4030 1782 4070 esse
1795 4013 1874 4072 fidei.

187 4087 254 4142 ami·
279 4094 358 4156 poter
383 4089 533 4144 solnmrem
591 4091 743 4162 incipotom
767 4093 997 4164 AEpyptiisexhi-
1053 4093 1081 4147 S.
1105 4089 1298 4164 Augustinus,
1323 4089 1429 4154 Quaest.
1443 4089 1504 4158 136,
1530 4086 1623 4143 multa
1637 4085 1774 4160 proponit
1788 4102 1875 4172 argu·

207 4158 240 4213 i't.
266 4157 329 4212 Hae
347 4174 401 4215 voe
422 4162 548 4216 antemi
569 4159 634 4216 recti
661 4161 733 4217 nittit
753 4163 832 4219 atiud
851 4163 998 4234 significat,
1054 4166 1162 4233 menta,
1177 4165 1209 4217 nt
1224 4160 1348 4217 alterum
1364 4159 1462 4216 abillo
1478 4159 1626 4216 diversum
1641 4156 1877 4214 exstitisseevin·

167 4244 256 4302 qaam
281 4243 378 4302 genua
393 4230 517 4288 Hectore.
534 4231 617 4288 diora
640 4234 739 4306 qnippe
760 4239 797 4290 est
820 4249 873 4290 vox
893 4251 999 4307 proeco-
1053 4237 1109 4301 aat,
1129 4249 1193 4305 qua
1208 4231 1326 4289 videsis.
1344 4233 1409 4304 Ipsa
1432 4229 1560 4286 nominis
1580 4230 1670 4312 huy'us
1685 4227 1875 4312 Hhutipbaris

167 4301 226 4356 ⁷2²3·
1054 4306 1199 4362 elementa
1213 4303 1243 4359 in
1269 4303 1408 4360 Hebraico
1434 4304 1525 4368 textu,
1541 4302 1577 4358 ab
1592 4301 1651 4356 iltis
1666 4301 1781 4357 diversa
1795 4303 1874 4370 sunt,

207 4369 314 4426 ¹Scite
343 4369 537 4444 Hieronymus
563 4372 598 4430 ad
627 4373 681 4456 AEg
701 4373 826 4448 ptiaoam
855 4375 998 4450 originem
1054 4375 1330 4449 quaealtariussive
1355 4373 1442 4446 primi
1466 4389 1570 4429 noman
1594 4387 1657 4428 com
1681 4375 1774 4427 onunt
1795 4387 1802 4438 ;
1826 4369 1876 4427 ille

169 4439 438 4526 hsquoesreisrt,
465 4444 583 4501 tametsi
612 4391 700 4501 nihily
717 4447 747 4501 in
774 4447 810 4502 iis
839 4447 888 4518 sit,
919 4448 998 4518 quod
1053 4389 1876 4525 enimtosepbiherusscribiturimetntBiasivee‘as

166 4511 344 4569 Hebraicam
359 4513 564 4588 etymologiam
589 4531 647 4571 non
672 4533 705 4572 ss
727 4517 776 4586 iat,
799 4519 887 4589 juxta
909 4534 997 4590 quam
1054 4534 1183 4585 soceros,
1200 4517 1315 4574 duobus
1341 4516 1449 4586 verbis,
1475 4521 1563 4588 atqua
1578 4514 1634 4571 alia
1659 4515 1757 4570 addita
1772 4530 1802 4569 in
1817 4457 1876 4570 llas

166 4583 551 4712 pervulgataapudomnes
578 4585 688 4643 estilla
714 4589 925 4662 interpretatio,
940 4572 1036 4660 qual)
1053 4590 1159 4655 littora,
1174 4598 1318 4678 pistule·
1546 4657 1552 4668 ,
1612 4609 1616 4618 ’
1677 4657 1683 4669 ,
1791 4657 1796 4666 ,

190 4655 495 4714 somthom-Pbanach
532 4659 710 4715 obscurorum
740 4676 833 4716 rernm
862 4662 996 4732 interpres
1087 4662 1180 4716 ‘lisa
1198 4659 1289 4717 nostri
1306 4657 1448 4716 toetahitar
1471 4674 1478 4712 :
1503 4658 1623 4729 quidam
1647 4661 1734 4712 etiem
1750 4671 1809 4712 sais
1823 4670 1875 4737 pro

166 4725 280 4782 dicitur
303 4727 364 4783 sive
383 4729 433 4811 qai
454 4729 560 4785 occulta
583 4729 658 4785 olore
680 4735 813 4803 exposuit.
831 4732 997 4788 Barnardus
1051 4733 1120 4803 ejas.
1142 4735 1216 4787 Sane
1239 4731 1426 4788 inebriabitur
1444 4729 1474 4784 in
1495 4727 1577 4784 nulla
1599 4727 1688 4784 veteri
1712 4727 1814 4782 Latina
1828 4741 1875 4780 in·

167 4801 271 4878 tamen
286 4797 316 4854 in
329 4795 411 4854 Notis
422 4799 458 4855 ad
472 4800 631 4884 toeapbum
645 4799 719 4857 duos
736 4803 846 4874 proiert
859 4802 997 4884 antiquos
1051 4803 1258 4875 terpretntione
1274 4801 1402 4857 invenire
1418 4805 1472 4857 est.

168 4867 328 4939 Scriptura
345 4869 469 4937 codices,
497 4885 547 4942 qui
574 4871 802 4945 Hieronymianoe
822 4873 996 4947 expositioni
1086 4874 1097 4908 ⁸
1122 4873 1213 4944 Condy
1235 4887 1326 4928 meum
1349 4881 1518 4943 arpentenrn.
1545 4869 1654 4942 Gondy,
1675 4868 1753 4940 quod
1777 4867 1875 4924 Graes

166 4937 372 5012 suffragentur
402 4959 408 4996 ι
437 4942 670 4998 eentnnuchum
696 4959 801 5016 nempe
830 4945 996 5012 Arabicum,
1051 4940 1136 4998 ilbodo
1161 4944 1308 5009 scribitur,
1326 4942 1456 5014 pacatam
1470 4943 1610 4998 Persicam
1638 4939 1874 5012 significatapud

166 5009 287 5093 pridem
317 5011 353 5092 ab
378 5011 512 5086 AEgyptia
534 5029 624 5069 manu
644 5013 883 5087 descriptum,in
912 5017 997 5142 cuppa
1051 5016 1259 5143 grammaticos
1280 5018 1403 5079 aracos.
1437 5011 1598 5086 Hesychius
1632 5011 1701 5066 dicit
1715 5027 1780 5067 esse
1791 5025 1875 5082 poen·

165 5080 328 5154 marginali
354 5087 422 5140 nota
461 5083 688 5161 Ψονθομφανὲγ,
727 5085 859 5143 Arabicis
899 5103 950 5143 ver
972 5087 997 5143 is

656 5149 663 5160 Ἣ
1063 5105 1110 5142 nm
1123 5088 1303 5144 barbaricam
1318 5084 1532 5141 :Nicomachus
1560 5083 1700 5138 Persicam
1726 5097 1785 5138 erse
1797 5097 1876 5154 pomt-

165 5161 294 5211 serootoi·
335 5155 433 5211 mandi
469 5154 686 5230 intorpretatur,
720 5161 750 5214 et
786 5157 996 5215 octateuchum
1052 5160 1110 5216 lum
1135 5159 1228 5215 voluit
1252 5175 1258 5213 :
1282 5157 1441 5214 Athenaeus
1469 5170 1537 5210 vero
1562 5154 1718 5210 Asiaticam
1737 5153 1876 5226 pomtom,

164 5229 304 5282 Gratum
319 5224 431 5300 collegii
447 5226 619 5284 Oxoniensis
640 5227 669 5283 in
699 5245 756 5356 spuo
779 5230 996 5356 ll'ootoppaoiss,
1051 5230 1153 5287 decem
1169 5228 1330 5303 cotylarum
1345 5244 1448 5300 capax.
1465 5226 1608 5281 Murrina.

165 5295 183 5352 d
211 5295 270 5350 ἐστι
293 5296 384 5372 σωτὴρ
412 5301 461 5352 τοῦ
486 5295 590 5372 κόσμου
620 5304 702 5356 Ptoiti
722 5302 931 5368 orn-atonem,
970 5303 998 5357 id
1088 5303 1235 5372 -Condy
1251 5299 1376 5371 explicat
1390 5298 1534 5355 Diodorus
1563 5293 1779 5371 ἁπλοπορτήιον,
1796 5294 1873 5378 quod

164 5375 219 5439 est,
253 5369 385 5424 Seroator
415 5369 523 5427 mandi.
559 5370 632 5427 Vide
658 5377 687 5426 ct
716 5373 754 5428 Le
783 5373 931 5445 Hoyniuni
961 5374 995 5428 iol
1052 5377 1107 5438 ost,
1130 5374 1248 5444 simplae
1268 5371 1406 5442 poculum.
1445 5367 1603 5426 Asiaticum
1629 5385 1679 5424 vas
1707 5366 1876 5424 essatradit

171 5439 258 5496 Vario
281 5455 370 5508 samo,
419 5482 425 5494 .
452 5441 505 5497 loe
532 5442 599 5499 lom
630 5459 695 5498 voro
727 5443 755 5500 in
785 5444 894 5500 nostris
924 5461 994 5500 nise.
1052 5443 1210 5500 Menander
1238 5443 1266 5498 in
1297 5443 1443 5500 adulatore
1471 5459 1477 5497 :
1504 5441 1653 5496 Persicum
1681 5437 1875 5495 Nicomachus

164 5509 278 5584 legitur
305 5457 414 5566 Foneed
438 5514 513 5580 tone.
544 5519 573 5570 at
609 5513 704 5570 Gracc
733 5516 897 5589 Spomotbon
924 5517 996 5588 pto-
1051 5513 1460 5572 abithonaolaudatuslib.
1478 5509 1872 5593 ix‚c.8';·ltelandospart.

169 5583 237 5640 ml
1052 5587 1065 5641 1
1082 5584 1201 5644 Dissert.
1217 5585 1337 5645 Miscell.
1360 5583 1489 5641 Indicam
1513 5599 1641 5640 nominis
1669 5582 1811 5655 originem
1825 5575 1876 5629 ao

206 5625 410 5726 -'Soptnnett
425 5653 545 5713 Pinnae.
574 5656 615 5715 De
629 5656 683 5715 hoo
712 5657 829 5718 nomine
844 5657 997 5732 Sophanem
1052 5661 1107 5714 oet.
