4066 6162
203 279 263 350 did
825 273 858 346 Sa
878 275 1036 346 sussen
1056 272 1291 348 uluaeltltl.
1842 271 1901 346 ila

206 417 302 492 debet,
318 413 376 476 nlsi
391 415 532 476 honorem
546 431 634 490 quem
649 413 787 476 omnibus
801 416 943 476 debemus
952 415 1028 488 eois·
1041 415 1070 484 Α
1083 416 1135 490 qui
1150 419 1179 475 ts
1191 415 1374 487 offenderita
1388 409 1504 474 christo
1519 407 1742 476 excluditurifli
1752 411 1899 490 proprium

206 505 312 583 oepls'l
328 507 382 565 Fac
398 524 416 565 a
430 511 458 564 ιι
477 506 665 564 ordinatum:
687 505 765 563 idem
790 506 826 563 ab
848 522 882 563 eo
905 505 1027 574 audies;
1083 506 1269 564 defendimus
1285 505 1494 581 principatum,
1510 505 1631 564 ostende
1646 522 1700 563 nes
1723 505 1753 563 in
1776 507 1902 580 paroecia

206 597 380 671 quodame
396 594 765 654 misellohominsssncte
779 595 925 653 memorie
950 593 1028 652 soa
1083 599 1134 652 tua
1155 595 1263 654 habere
1284 595 1465 669 episcopum.
1492 593 1573 660 Quod
1592 593 1645 650 tibi
1680 611 1737 651 non
1770 611 1903 654 comma·

204 685 361 761 episcopus
376 684 517 742 Paulinus
533 684 653 741 audivit.
670 708 684 736 a
701 684 778 742 Num
808 685 904 758 rogavi
930 688 970 750 te,
996 687 1029 740 ut
1082 685 1256 756 aioavimus,
1281 685 1348 742 lldei
1372 688 1435 742 est:
1471 684 1626 759 responde,
1650 688 1679 741 et
1708 683 1902 743 ordinationis

204 775 379 835 ordinarer?
393 773 423 830 Si
438 774 481 830 sic
497 773 712 849 presbyterium
730 774 849 841 tribuis,
873 777 906 830 ut
928 789 1028 831 mone·
1081 775 1147 831 erit.

204 865 294 922 chum
307 863 392 921 nobis
407 880 465 920 non
481 863 607 933 coleras,
620 867 653 919 tu
668 863 776 921 videris
790 863 826 919 de
837 862 950 935 judicio
965 866 1026 918 tuo.
1117 863 1161 919 tl.
1180 883 1192 914 ι
1209 861 1398 920 Occasionem
1414 878 1531 936 quoque
1547 862 1664 936 lingunt
1685 862 1815 921 aliarum
1830 863 1904 921 litte·

203 952 255 1011 Sin
270 956 368 1010 antem
385 953 440 1009 sub
456 952 574 1010 nomina
589 953 751 1026 presbyteri
766 951 845 1009 tellis
860 951 944 1019 mihi,
961 968 1026 1024 pro·
1081 968 1192 1020 rarum,
1215 968 1289 1024 quas
1312 951 1416 1008 dicunt
1439 951 1494 1008 sibi
1518 951 1673 1024 scripsisse
1696 952 1902 1026 ltpiphauium.

204 1045 269 1116 pter
286 1041 364 1115 quod
393 1041 535 1098 soeculum
566 1040 720 1114 dereliqui,
749 1058 801 1116 ego
830 1039 922 1097 habeo
949 1040 1026 1113 quod
1081 1039 1254 1113 Quanquam
1270 1040 1352 1096 dabit
1366 1039 1415 1096 ille
1433 1039 1576 1097 rationem
1601 1057 1654 1113 pro
1677 1041 1814 1099 omnibus
1839 1059 1905 1115 que

203 1145 319 1203 semper
333 1129 422 1187 habui
439 1145 446 1184 ι
461 1128 575 1185 nullum
592 1128 778 1203 dispendium
799 1129 827 1186 in
844 1129 1027 1186 ordinatione
1081 1133 1163 1201 gesta
1179 1132 1248 1186 sunt
1263 1131 1331 1185 ante
1345 1127 1474 1186 tribunal
1489 1128 1607 1198 Christi,
1632 1129 1682 1186 ubi
1697 1131 1790 1202 major
1803 1136 1833 1188 et
1847 1131 1904 1188 mi·-

203 1234 310 1292 pesaus
324 1235 366 1276 es.
385 1240 399 1268 a
1081 1233 1135 1274 eor
1150 1217 1260 1290 absque
1275 1217 1336 1274 ulla
1360 1233 1552 1291 personarum
1574 1217 1742 1291 acceptioue
1761 1219 1905 1290 judicabi-

239 1307 283 1364 te.
300 1307 486 1380 Competeeles
501 1309 531 1362 ie
547 1308 676 1364 Ecclesia.
688 1308 727 1364 lo
741 1324 822 1381 specu
837 1309 948 1364 Domini
959 1323 1025 1379 pro·
1080 1310 1138 1363 tur.
1153 1307 1289 1364 Attamen
1305 1307 1451 1380 quomodo
1466 1310 1592 1379 possunt
1604 1305 1684 1364 illius
1699 1307 1756 1363 niti
1770 1307 1905 1380 epistola,

201 1395 305 1452 hibitus
327 1397 519 1468 Hieronymus.
547 1415 612 1449 -ι
635 1396 672 1452 Ut
696 1413 754 1453 non
779 1395 956 1464 scinderent,
982 1395 1026 1452 in·
1081 1411 1170 1468 quam
1185 1395 1222 1452 de
1237 1394 1422 1452 ordinatione
1436 1393 1601 1452 Paulinieni
1617 1393 1773 1466 illicita,ct
1787 1395 1907 1454 illorum

201 1482 276 1556 quit,
292 1500 369 1554 eam,
385 1499 483 1556 nequo
497 1485 648 1557 proprium
664 1484 721 1541 sibi
735 1485 864 1540 lacerent
877 1483 1027 1557 princips-
1081 1483 1213 1556 quicum
1229 1499 1263 1541 eo
1279 1487 1359 1550 sunt,
1375 1501 1392 1540 a
1406 1483 1491 1541 nebia
1506 1486 1663 1557 coargutus
1673 1484 1795 1558 scripsit
1805 1504 1815 1541 :
1830 1485 1909 1542 sieut

200 1573 276 1629 tum.
292 1593 307 1624 ι
323 1572 394 1637 Quis
409 1572 518 1629 scindit
533 1572 691 1629 Ecclesiam
702 1573 916 1645 tNos,quorum
929 1572 1026 1629 omnis
1080 1577 1109 1629 et
1123 1572 1190 1646 ipss
1212 1573 1276 1646 ejus
1304 1571 1428 1646 epistole
1456 1572 1486 1628 in
1502 1571 1620 1630 exordio
1635 1588 1689 1630 suo
1706 1573 1875 1646 significat?
1890 1597 1906 1626 ι

201 1660 309 1717 domus
323 1659 470 1718 Bethleem
485 1661 514 1717 in
534 1659 664 1718 Ecclesia
686 1659 905 1719 communicati
927 1663 971 1718 An
994 1667 1025 1718 tu
1080 1665 1158 1734 liego
1188 1677 1252 1732 qua
1277 1665 1360 1718 tanta
1386 1669 1432 1717 ost
1467 1659 1593 1730 cecitas,
1617 1660 1793 1728 Cimmeriis,
1825 1663 1909 1719 sicut

201 1747 252 1822 qui
267 1753 318 1805 aut
332 1749 405 1806 bene
420 1749 526 1819 credis,
543 1753 571 1806 et
586 1752 710 1824 superbe
726 1751 762 1807 de
778 1751 834 1807 fide
863 1755 943 1808 taces
955 1767 962 1806 :
975 1755 1027 1807 eut
1043 1783 1067 1850 B
1081 1749 1176 1817 siunt,
1201 1748 1330 1806 tenebris
1358 1747 1513 1806 involuta?
1533 1748 1609 1805 Dicit
1636 1765 1690 1806 nes
1717 1749 1908 1807 occasionem

201 1835 289 1908 male,
314 1839 343 1894 et
363 1853 429 1894 vers
454 1836 565 1894 scindis
590 1837 770 1896 Ecclesiam?
788 1843 846 1896 Nos
863 1839 1028 1898 scindimus
1082 1838 1201 1913 llngcre,
1217 1843 1247 1895 et
1265 1837 1418 1912 Epiphanii
1435 1837 1577 1895 adversus
1601 1853 1634 1894 se
1649 1835 1760 1895 litteras
1776 1855 1833 1895 non
1849 1837 1907 1902 ha·

201 1925 372 1994 Ecclesiam,
396 1925 447 1998 qui
479 1930 548 1983 ante
581 1943 691 2000 peuces
724 1944 840 1985 menses
866 1929 942 1985 circe
965 1929 1026 1985 dies
1080 1927 1159 1996 bere,
1183 1927 1344 2000 statimque
1368 1927 1541 2000 subJ‘uugit:
1569 1948 1583 1978 ιι
1608 1927 1756 1992 Quomodo
1777 1933 1908 2000 possunt

201 2014 400 2080 Ριιιιιιιιιι,
417 2029 484 2071 cum
511 2015 667 2072 ‹rhseuruto
691 2015 762 2084 sole,
785 2017 882 2075 omnis
897 2017 1026 2074 mundus
1080 2015 1160 2073 illius
1175 2016 1229 2073 niti
1245 2015 1379 2088 epistole,
1403 2032 1490 2088 quam
1507 2015 1543 2072 de
1560 2015 1743 2072 ordinatione
1757 2015 1908 2074 Paulinia-

196 2103 383 2177 jamjamque
397 2108 553 2160 venturum
566 2103 698 2177 judicem
712 2105 891 2174 formidaret,
904 2106 1027 2178 quadro·
1081 2105 1111 2162 ni
1125 2104 1238 2170 illicita,
1254 2109 1283 2161 et
1296 2120 1397 2161 eorum
1414 2104 1463 2178 qui
1480 2117 1547 2162 cum
1562 2120 1596 2160 eo
1619 2107 1700 2172 sunt,
1717 2105 1836 2162 anobis
1860 2122 1910 2162 oo·

202 2193 288 2266 ginta
310 2191 433 2248 diversa
454 2192 548 2249 atatis
573 2197 601 2250 et
625 2209 723 2263 serus,
757 2195 944 2269 presbyteris
966 2197 1027 2252 tuis
1081 2198 1203 2269 argutus
1232 2193 1370 2268 scripsit:
1396 2194 1472 2250 sicut
1492 2197 1521 2250 et
1540 2191 1606 2267 ipsa
1629 2193 1693 2266 ejus
1717 2193 1842 2266 epistola
1873 2195 1909 2251 in

202 2281 365 2339 obtulimus
380 2281 595 2354 baptizandos?
610 2283 644 2339 Ει
658 2288 735 2340 certo
754 2284 884 2357 quinque
907 2286 1027 2359 presby·
1080 2283 1197 2341 exordio
1213 2300 1266 2340 suo
1281 2283 1451 2356 signillcatl
1467 2304 1480 2332 u
1496 2283 1558 2340 Non
1575 2281 1718 2339 babemus
1730 2283 1904 2355 epistolem.

203 2369 258 2427 teri
273 2373 358 2428 erant
379 2368 409 2426 in
434 2369 622 2440 monastario,
648 2371 698 2444 qui
724 2388 777 2430 suo
798 2374 865 2446 juro
893 2377 1027 2446 poteraut
1079 2372 1114 2428 lit
1128 2385 1192 2445 qua
1207 2380 1250 2428 esi
1266 2371 1316 2429 illa
1332 2370 1458 2444 epistole
1472 2369 1550 2428 ΔΜ
1565 2387 1629 2443 qua
1648 2371 1680 2428 in
1702 2371 1817 2428 exordio
1841 2388 1906 2430 suo

203 2458 368 2532 baptizare:
386 2459 437 2516 sed
450 2459 608 2518 noluerunt
623 2460 785 2534 quidquem
802 2467 902 2520 contra
917 2467 1026 2521 stome—
1080 2461 1117 2518 de
1140 2459 1313 2518 Pauliniane
1337 2459 1492 2533 loquitur?
1514 2461 1563 2518 ldst
1593 2459 1706 2533 aliquid
1730 2464 1796 2534 post
1818 2477 1910 2518 exor-

203 2547 292 2604 ohum
308 2551 392 2604 tuum
409 2547 513 2616 lacere,
530 2565 565 2604 ue
580 2552 611 2606 et
622 2548 683 2606 ιιι
698 2550 751 2606 tibi
766 2551 802 2607 de
816 2551 873 2608 lide
888 2551 1026 2610 reticendi
1080 2549 1173 2618 dium,
1190 2551 1276 2624 cujus
1289 2555 1321 2606 tu
1338 2550 1423 2606 times
1439 2549 1534 2606 lacere
1557 2548 1747 2610 montionem.
1777 2552 1802 2603 Δ
1816 2553 1844 2606 ιι
1859 2553 1912 2606 ιιι

203 2636 323 2694 daretur
336 2636 461 2693 occasio.
476 2640 519 2692 Αι
535 2653 593 2694 ιιι
615 2641 648 2694 ιι
673 2639 773 2710 petius
793 2639 904 2697 scindis
930 2640 1026 2699 Eccle·
1080 2643 1238 2713 coargutus
1252 2638 1357 2709 saletis,
1373 2655 1432 2711 qua
1447 2636 1638 2696 Paulinianus
1661 2641 1732 2694 erat.
1755 2637 1912 2713 Presbyte-

203 2723 289 2794 siam,
305 2725 356 2797 qui
380 2725 542 2798 precepisti
568 2725 717 2783 Bethleem
741 2728 918 2802 presbyteris
942 2729 1001 2786 tuis
1017 2746 1024 2784 t
1081 2744 1146 2784 rum
1161 2727 1323 2795 ordinas,at
1338 2726 1468 2800 legatum
1483 2726 1576 2783 mittis
1591 2743 1625 2782 ac
1640 2726 1764 2784 socium:
1777 2730 1912 2784 tantam-

204 2829 241 2870 ne
260 2812 494 2886 competentibus
520 2815 628 2872 nostris
650 2815 681 2871 in
704 2816 817 2873 Pascha
845 2817 1025 2888 baptismum
1080 2829 1137 2886 que
1152 2813 1242 2870 babes
1258 2813 1406 2881 liduciam,
1423 2817 1457 2870 ut
1473 2813 1514 2868 ibi
1529 2812 1737 2870 Paulinianum
1762 2814 1911 2872 mentitus

203 2902 364 2970 traderent,
376 2917 452 2974 quos
468 2919 522 2959 uos
537 2903 697 2977 Diospolim
722 2905 829 2978 (lidda)
853 2906 887 2961 sd
913 2907 1026 2963 coales—
1080 2917 1112 2959 os
1127 2917 1241 2974 pueruu
1256 2899 1327 2958 illuc
1341 2917 1464 2975 puerum
1476 2901 1576 2958 mittas
1591 2903 1804 2975 presbyterum.
1820 2903 1913 2960 item·

204 3005 301 3046 sorem
317 2993 346 3046 et
360 2988 530 3063 episcopum
539 2991 676 3050 misimus
686 2993 1027 3068 Dionysiumlbaptizan·
1081 3007 1138 3063 qus
1152 2989 1329 3046 ‘lbeosecam
1345 2990 1404 3062 (Al.
1421 2990 1631 3063 theosobium)
1647 2989 1754 3047 'l'hiriae
1769 2989 1911 3049 Ecclesiae

205 3077 283 3136 dost
296 3077 455 3136 Ecclesiam
473 3081 606 3138 scindere
630 3081 766 3151 dicimur,
791 3083 842 3156 qui
866 3087 946 3140 extra
969 3085 1026 3141 ccl·
1082 3078 1237 3136 diaconum
1254 3079 1325 3136 lacis
1340 3079 1554 3152 presbyterum,
1570 3083 1599 3135 et
1612 3083 1714 3135 contra
1729 3095 1912 3152 sosarmus,

204 3165 281 3224 lulas
296 3172 413 3225 nestros
427 3168 525 3225 lecum
548 3169 683 3227 Ecclesiae
709 3187 765 3228 noo
791 3170 957 3229 habemus?
980 3174 1024 3229 An
1042 3150 1064 3217 G
1082 3167 1221 3239 illiusque
1232 3167 1262 3223 in
1278 3183 1332 3224 nos
1344 3168 1474 3225 abuteris
1489 3167 1666 3240 eloquentie.
1679 3167 1742 3224 sihi
1765 3166 1821 3224 soli
1836 3166 1912 3228 licat

203 3272 261 3313 non
277 3260 310 3314 lu
325 3256 436 3314 scindis
449 3255 674 3332 Ecclesiamqui
692 3259 817 3316 mandas
840 3259 954 3318 clericis
964 3262 1024 3318 luis
1079 3255 1293 3328 bleolssiaejura
1308 3256 1437 3314 calcare:
1451 3261 1484 3314 tu
1498 3256 1642 3330 quidquid
1667 3256 1781 3325 leceris,
1799 3274 1911 3316 norma

202 3349 237 3402 ut
250 3345 276 3403 si
291 3343 358 3419 quis
373 3344 578 3403 Paulinianum
590 3348 627 3404 ab
636 3347 798 3422 Epiphanio
808 3349 943 3423 episcopo
955 3367 1023 3407 eon·
1078 3345 1215 3402 doctrina
1231 3349 1294 3416 est;
1311 3349 1339 3402 et
1352 3362 1410 3402 non
1425 3344 1572 3402 erubescis
1588 3349 1656 3402 ante
1670 3345 1800 3403 tribunal
1821 3345 1908 3404 Chri·

202 3437 350 3493 seoratum
366 3434 568 3509 presbyterum
579 3435 692 3504 dixerit,
701 3436 859 3494 Ecclesiam
871 3439 1023 3512 prohibes·
1077 3435 1100 3492 ti
1113 3434 1308 3507 judicandum
1323 3437 1422 3490 tecum
1436 3433 1633 3507 Epiphaniam
1648 3449 1817 3507 provocare.
1834 3436 1908 3502 Quis

203 3522 515 3595 turintraralixquo
543 3527 675 3596 tempore
697 3525 834 3597 usquein
851 3532 1024 3599 presentem
1078 3527 1245 3596 sequuntur
1284 3526 1352 3596 pest
1393 3522 1449 3579 huc
1495 3520 1670 3595 capitulum,
1712 3521 1775 3579 heo
1813 3527 1907 3580 sunt:

203 3609 281 3668 diem
295 3609 553 3669 videmustantum
570 3628 689 3685 specum
708 3612 840 3683 Domini;
860 3619 889 3671 et
912 3615 1025 3673 bereti·
1080 3611 1186 3670 Mansa
1225 3628 1285 3668 sua
1313 3615 1342 3668 ιι
1380 3611 1487 3668 domus
1521 3609 1743 3668 contubernium
1776 3611 1909 3685 imputat

203 3697 246 3757 cis
260 3698 450 3767 intrantibus,
468 3699 568 3773 procul
584 3701 671 3776 positi
686 3701 881 3774 suspiramus.
1080 3700 1254 3777 Epiphanio,
1270 3700 1431 3774 scribitque
1445 3714 1512 3756 eum
1533 3714 1685 3773 nunquam
1709 3715 1774 3757 esse
1802 3716 1908 3757 secum

239 3788 284 3844 43.
298 3787 395 3844 Nosne
410 3805 525 3861 sumus,
541 3790 590 3862 qui
606 3788 765 3846 Ecclesiam
788 3791 970 3851 scindimus:
988 3811 1025 3850 ιιι
1080 3790 1117 3847 de
1132 3789 1265 3863 origenis
1280 3788 1467 3862 dogmatibus
1483 3787 1625 3858 locutum,
1650 3791 1680 3844 et
1703 3787 1758 3844 sub
1778 3787 1909 3860 jurisju-

206 3873 255 3932 ille
269 3875 320 3948 qui
330 3875 403 3933 vivis
419 3875 760 3947 babitaculum‚mortuis
775 3879 964 3954 sepulchrum
980 3899 1027 3939 ne·
1081 3879 1164 3936 randi
1179 3878 1383 3936 testificatione
1398 3877 1561 3944 confirmat,
1587 3877 1686 3933 dicens
1698 3894 1705 3933 :
1716 3899 1731 3926 a
1747 3876 1788 3932 Nc
1801 3877 1908 3949 suspi-

205 3966 265 4037 gat,
280 3963 331 4035 qui
346 3963 471 4020 l'retrum
487 3963 750 4039 exsiliepostuletl
773 3969 844 4035 Quis
858 3969 1026 4042 potentissi-
1081 3967 1194 4024 cionem
1219 3966 1348 4040 quidem,
1374 3965 1450 4023 sicut
1474 3965 1551 4022 Deus
1573 3963 1658 4022 testis
1680 3969 1733 4033 est,
1758 3979 1910 4037 ριιιιιιιι

208 4066 287 4108 mam
302 4049 383 4108 illam
396 4052 592 4123 leram,totius
603 4056 682 4114 erbis
698 4057 858 4116 cervicibus
871 4059 1027 4116 imminen·
1082 4055 1112 4111 in
1128 4071 1182 4111 nos
1197 4053 1264 4110 lldei
1277 4070 1308 4110 se
1323 4053 1431 4110 habere
1446 4053 1629 4110 monstravit.
1651 4074 1666 4106 s
1692 4050 1761 4110 Nolo
1785 4067 1915 4126 respou-

209 4143 280 4212 tem,
297 4145 398 4198 contre
414 4146 530 4199 nostras
549 4143 1029 4219 cervicesspoeiulitsr¹incitavit‘l
1082 4144 1151 4199 ders
1175 4147 1204 4199 ιι
1228 4157 1349 4215 arguere
1381 4141 1499 4210 acriter,
1529 4158 1565 4198 ne
1590 4141 1712 4215 perJ'urii
1741 4140 1919 4214 episcopum

208 4229 1029 4307 Quisossasauctorum,etinnoxiosoinereshucusqua
1083 4229 1252 4288 convincare
1275 4229 1382 4286 videar.
1418 4228 1526 4286 Presto
1559 4234 1630 4287 sunt
1661 4229 1760 4304 plures
1780 4229 1917 4302 epistolas

202 4317 348 4378 verberari
364 4320 401 4376 ab
417 4320 563 4377 imbribus
577 4319 669 4378 siniti
681 4321 732 4378 llis
748 4338 801 4379 uos
818 4321 1028 4380 blandimentis
1085 4317 1257 4391 llpiphenii:
1274 4334 1334 4374 una
1347 4318 1383 4373 ad
1400 4317 1510 4390 ipsum,
1533 4317 1597 4376 alia
1620 4318 1656 4376 ed
1681 4318 1834 4392 episcopos
1859 4317 1916 4376 Pa·

203 4407 300 4466 bonus
310 4408 411 4464 Pastor
426 4407 530 4465 invitat
544 4409 579 4464 ad
596 4425 707 4481 pacem,
724 4410 801 4466 m
821 4413 850 4466 et
874 4411 1027 4482 preprium
1085 4405 1225 4472 lestines,
1240 4409 1269 4462 et
1293 4422 1387 4479 nuper
1409 4407 1446 4463 ad
1472 4411 1607 4465 liemare
1628 4405 1695 4465 urbi
1718 4406 1913 4480 pontillcem:

201 4495 301 4567 arguit
313 4495 408 4551 lacera
423 4496 638 4569 principatum:
653 4497 704 4569 qui
719 4497 857 4554 omnibus
871 4497 1028 4572 episcopis,
1046 4510 1070 4577 p
1086 4495 1117 4551 in
1132 4493 1240 4567 quibus
1257 4493 1328 4551 dicit
1342 4511 1374 4553 sc
1388 4511 1456 4553 aum
1473 4511 1572 4553 coram
1587 4496 1700 4566 multis,
1726 4496 1762 4553 de
1787 4496 1913 4570 dogma·

202 4586 312 4639 rectem
327 4583 471 4640 duntaxat
485 4583 573 4640 fldem
588 4584 803 4654 tenentibus,et
817 4587 1029 4645 communione
1087 4583 1169 4641 tibus
1197 4589 1379 4658 arguentem,
1405 4601 1464 4642 noa
1488 4585 1631 4644 meruisse
1655 4601 1844 4658 responsum,
1869 4589 1915 4644 to-

203 4674 233 4729 ct
246 4668 390 4730 charitate
405 4671 564 4728 sociamur.
583 4677 625 4728 dn
639 4675 671 4730 tu
687 4671 769 4730 solus
783 4673 913 4733 Ecclesia
935 4692 976 4748 es,
1002 4682 1031 4734 et
1088 4676 1212 4748 tumque
1226 4677 1332 4730 nostra
1347 4673 1497 4748 parvitatis
1512 4674 1595 4732 tostis
1610 4679 1655 4733 ιιι
1670 4674 1911 4734 monasterium⁸.

240 4883 318 4944 ¹llio
332 4881 383 4942 illa
397 4883 470 4943 Dion
493 4882 556 4941 sius
576 4883 741 4956 liddensis,
766 4886 827 4946 sive
854 4889 1034 4963 Diospolita-
1089 4889 1141 4946 sed
1157 4885 1274 4960 repulso
1297 4885 1420 4958 Alarico,
1441 4886 1449 4943 i
1474 4901 1505 4945 ιι
1525 4888 1689 4946 trucidatus
1712 4892 1768 4957 est,
1793 4887 1913 4946 labante

205 4973 264 5014 nus
279 4901 833 5040 est‚eujusanieineditamlipistelam
850 4961 886 5018 dc
901 4961 1034 5034 Origeni·
1089 4959 1198 5016 an395.
1214 4958 1426 5033 Apartiusipse
1466 4959 1558 5016 ieron.
1574 4960 1611 5017 ad
1636 4958 1833 5033 Theophilum
1859 4960 1913 5017 ad·
1950 5005 1953 5010 .

208 5033 320 5086 starum
336 5029 523 5087 damnatione
536 5027 720 5102 vulgavimus
734 5029 764 5088 in
778 5031 866 5105 priori
878 5035 963 5088 tomo
978 5033 1035 5089 sub
1087 5047 1191 5089 versus
1204 5031 1303 5103 ipsum
1317 5030 1461 5087 loannem
1477 5030 1601 5104 epistola
1615 5032 1660 5099 82,
1675 5032 1777 5105 Nuper,
1801 5028 1912 5116 inquit,

209 5113 337 5155 numero
348 5101 394 5158 9ι.
1087 5104 1165 5160 ectu
1177 5102 1365 5176 postulatum
1375 5103 1536 5174 impetrauit
1543 5103 1676 5160 exsilium
1688 5107 1786 5176 ;otque
1806 5109 1917 5160 ameum

244 5167 347 5253 ’Lego
362 5186 429 5227 curn
440 5188 512 5230 msa.
526 5169 686 5244 specialiter
693 5191 705 5236 ,·
720 5173 798 5245 qnod
821 5171 879 5248 logi
902 5175 1035 5246 opertere
1089 5175 1205 5248 implere
1227 5174 1368 5246 potuisset,
1390 5193 1402 5222 ι
1428 5176 1504 5230 eta:
1529 5173 1653 5231 fortasse
1672 5174 1742 5257 quia
1765 5172 1913 5232 trucidato

212 5254 266 5311 pro
281 5241 467 5312 spiritualiter
480 5243 602 5301 Gravius
618 5259 736 5326 quoquc
750 5244 897 5312 decuerat,
913 5248 942 5302 et
968 5261 1036 5301 sen·
1089 5245 1322 5330 statim-liuline,
1338 5242 1512 5316 resumptum
1524 5243 1597 5302 illud
1617 5244 1728 5303 nullius
1753 5249 1818 5303 crat
1843 5261 1913 5302 auc·

209 5309 1037 5470 ἓιὲῑὲιὲ31ιέἶῦξέἑὲιέἱῖιιοιίῗὲιιθιιθιὲιιῐωὲιαιῐιέιἰηιιιέιιιιιίἓιῖ
1089 5321 1271 5443 ωιιηιιᾶιξωιιιι
1297 5384 1394 5469 operis
1421 5385 1608 5470 conclusione
1631 5385 1709 5446 docti
1741 5387 1795 5444 viri
1828 5401 1913 5461 argu·

208 5449 314 5510 volunt
331 5452 474 5510 Rufinum
490 5455 760 5525 Arcadututorem,
789 5458 872 5515 illum
902 5458 1036 5532 perduel-
1091 5455 1393 5522 mentaatur,l1brum
1409 5457 1461 5514 aba
1476 5457 1649 5532 Hieronymo
1668 5476 1726 5518 aon
1741 5459 1835 5517 luisse
1859 5459 1910 5516 ab·

209 5524 281 5595 lem,
298 5523 349 5600 qui
364 5525 471 5582 ducem
486 5523 649 5604 (lotherum
663 5529 813 5588 Alaricum
832 5529 944 5590 vocavit
967 5545 1037 5588 con·
1091 5527 1231 5586 solutum.
1242 5527 1316 5584 Vide
1330 5527 1361 5586 in
1380 5527 1454 5588 benc
1476 5545 1538 5588 ram
1562 5532 1712 5604 prallxam
1735 5530 1804 5590 huic
1836 5529 1910 5588 libro

205 5602 256 5658 tra
266 5595 438 5671 Arcadium,
454 5599 487 5655 ut
501 5596 565 5671 ipsc
588 5597 652 5671 aius
675 5599 833 5675 imperium
857 5605 1036 5678 occuparet3
1090 5599 1336 5659 admonitionem.
