4100 6156
150 281 207 349 aa
679 281 1324 352 acroasoavronsnnounaoa.
1796 291 1863 356 aa

146 418 353 491 Hieronymus,
386 416 520 490 prolusit
534 419 753 490 quodammodo
767 434 882 490 pugnae,
891 433 1035 490 suamque
1044 420 1143 492 potius
1152 421 1267 493 speruit
1276 421 1375 489 iidem,
1387 435 1476 493 quam
1487 419 1554 492 ejus
1563 423 1738 496 expugnarit
1752 422 1861 480 inorsa

146 507 271 564 litatem.
287 507 371 562 Nunc
386 508 504 579 quando
519 508 556 563 nd
572 506 669 580 ipsum
683 505 792 562 librum
807 508 988 574 devenimus,
1006 523 1063 578 quo
1076 508 1215 565 adversus
1225 508 1371 564 insaniam
1383 507 1512 564 hominis
1522 524 1639 565 summo
1650 511 1740 566 animi
1752 512 1856 568 ardore

144 595 293 652 velitatur.
311 601 344 652 nt
359 613 454 653 causae
469 599 619 653 momenta
633 600 785 669 perspecta
800 595 920 665 babeas,
937 595 1004 668 quis
1020 597 1082 668 ipse
1095 595 1275 669 vigilantius
1291 598 1387 665 luerit,
1398 597 1528 670 quidque
1538 603 1639 654 contra
1649 604 1756 657 rectam
1769 601 1858 659 fldem

142 691 257 741 temere
271 686 407 754 senserit,
423 686 645 758 praenotandum
660 688 713 742 est.
730 684 804 740 Hom
829 687 941 741 notione
964 684 1073 740 Collum
1097 685 1167 740 dicit
1190 685 1369 753 Gennadius,
1387 686 1638 756 Colcpurritnrum,
1654 685 1713 742 sive
1727 704 1761 743 ex
1776 688 1860 745 Cales

142 774 247 847 gurris
260 773 356 830 riculo
370 790 460 847 prope
473 775 674 831 Convenarum
690 773 804 839 urbem,
823 773 1033 845 Hieronymus;
1049 773 1127 828 unde
1141 772 1289 846 intelligas
1303 789 1337 830 er
1359 773 1489 830 interiori
1512 772 1597 829 illum
1626 773 1719 830 luisse
1734 777 1859 850 Aquita·

145 865 199 918 nia
213 863 250 918 ad
265 862 376 918 radices
390 863 529 936 Pyrenei.
547 863 639 919 Homo
654 868 726 927 erat.
741 862 843 918 eodem
858 861 1008 918 Gennadio
1018 866 1146 931 anctore,
1161 862 1286 918 rediretur
1296 863 1418 919 trimano
1441 863 1524 919 leude
1546 867 1571 919 et
1589 877 1763 935 presumens
1775 881 1861 938 sumn

145 953 225 1008 cirea
237 965 308 1018 auae,
323 953 421 1024 linquo
432 953 547 1023 politur,
564 969 620 1008 non
633 967 715 1007 sensu
730 949 937 1023 Scriptornmm
951 953 1126 1017 caecitates,
1143 952 1194 1006 sed
1218 951 1242 1007 si
1259 951 1468 1024 Hieronymum
1483 951 1580 1019 audis,
1601 945 1744 1024 imperitia
1758 961 1785 1010 ct
1798 970 1862 1010 oer-

145 1041 368 1110 haecomnia,
383 1049 548 1098 elrermone
561 1039 726 1096 inconditus.
743 1039 782 1096 lix
796 1039 862 1096 vitre
874 1038 1007 1096 instituto
1023 1055 1185 1112 cauponam
1205 1045 1384 1106 exercuerat,
1410 1041 1469 1097 sire
1491 1040 1579 1097 etiam
1602 1045 1675 1098 tuno
1697 1042 1864 1112 exercebat,

144 1147 217 1186 cum
234 1146 327 1186 novus
340 1129 537 1186 Ecclesiarum
553 1130 694 1202 magister
708 1129 809 1184 audire
824 1128 925 1195 veluit,
941 1134 970 1184 et
984 1129 1135 1202 presbyter
1145 1130 1250 1200 jussus
1264 1132 1319 1185 est.
1340 1129 1411 1184 Nam
1437 1134 1466 1185 et
1488 1129 1568 1185 hunc
1592 1130 1717 1202 gradum
1732 1135 1778 1188 est
1791 1147 1864 1188 cona

144 1221 282 1290 secutus,
297 1223 325 1274 el
341 1220 498 1288 Eccbsiom,
520 1223 554 1273 ιιι
574 1217 717 1274 Gennadii
741 1217 838 1274 verbis
859 1217 901 1272 uti
928 1233 1098 1288 prosequar.
1123 1219 1265 1290 Hispaniae
1288 1219 1492 1274 barcilonensis
1512 1219 1655 1290 parochiae
1677 1221 1782 1282 tenuit:
1797 1233 1863 1293 que

144 1323 215 1363 curn
230 1312 311 1364 esset
325 1312 495 1363 sanctorum
510 1307 746 1380 presbyterorum
763 1305 872 1378 Riparii
897 1321 931 1361 ao
949 1305 1090 1361 Desiderii
1134 1306 1270 1379 paroeciis
1291 1307 1483 1374 contermina,
1508 1305 1538 1362 bi
1562 1306 1702 1363 continuo
1726 1307 1864 1365 dolebant

144 1395 277 1452 morbidi
292 1395 421 1469 pastoris
439 1394 546 1453 ricinia
560 1396 693 1468 proprias
707 1396 743 1452 da
759 1395 853 1452 salute
875 1410 942 1452 oves
967 1394 1136 1466 periclitari.
1160 1395 1323 1468 Episcopus
1343 1411 1470 1469 quoque,
1492 1395 1548 1452 auh
1572 1396 1659 1466 cujus
1682 1394 1730 1452 illa
1749 1396 1863 1453 ditione

144 1486 266 1558 egebat,
281 1485 469 1557 patrocinari,
485 1489 509 1542 el
524 1487 694 1557 ooquwrcere
719 1487 811 1557 furori
825 1485 883 1558 ejus
905 1483 986 1540 visua
1009 1489 1063 1552 est,
1088 1485 1326 1558 quandoquidem
1351 1485 1520 1541 admonitus
1545 1485 1691 1558 corripere
1715 1485 1861 1542 iurantem

146 1573 275 1642 distulit,
291 1578 344 1630 aut
360 1574 478 1648 penitus
492 1574 691 1647 praetermisit.

183 1666 210 1718 2.
227 1665 299 1729 Qua
314 1668 414 1719 autem
429 1679 536 1719 vesano
555 1663 562 1716 i
568 1663 672 1736 ngenio
688 1666 873 1719 commentus
887 1665 933 1719 eat
947 1678 1020 1719 nova
1034 1663 1183 1735 dogmata,
1197 1665 1233 1719 nd
1250 1663 1310 1720 baeo
1327 1663 1385 1721 lere
1408 1662 1504 1736 capite
1526 1663 1717 1720 reducuntur.
1733 1663 1865 1737 Negabat

149 1755 178 1808 1ο
194 1768 261 1808 esse
274 1756 431 1822 martyres,
449 1755 501 1808 aut
515 1768 616 1808 eorum
632 1751 771 1824 reliquias
785 1751 979 1817 venerandas,
997 1752 1057 1808 sive
1073 1752 1108 1808 ad
1124 1769 1224 1808 eorum
1241 1752 1375 1824 sepulcra
1395 1751 1424 1806 in
1449 1751 1580 1808 ecclesiis
1601 1751 1865 1824 vigilandum,.ant

150 1840 236 1906 alica,
252 1839 348 1912 quiin
364 1838 598 1896 Christianorum
613 1840 737 1896 coetibus
753 1843 978 1910 consueverant,
993 1839 1120 1895 bonores
1133 1839 1192 1896 illis
1207 1856 1271 1897 esse
1282 1840 1464 1897 deserendos.
1476 1845 1505 1894 ι0
1516 1839 1609 1910 Pej0ri
1622 1839 1719 1896 adbuc
1729 1839 1865 1898 vecordia

151 1929 260 1996 aiebat,
272 1927 394 1985 minime
405 1933 576 1986 sanctorum
587 1928 724 2000 precibus
733 1944 787 1983 nos
798 1927 942 2000 adjurari,
954 1943 1049 2000 neque
1059 1928 1183 1984 terrenis
1194 1929 1273 2001 tangi
1285 1927 1508 1986 necessitatibus
1518 1927 1644 1997 coelitcs;
1656 1928 1734 1984 unde
1743 1931 1771 1984 et
1779 1928 1865 2002 signa

155 2031 221 2088 qna
236 2031 288 2087 per
300 2013 363 2072 illos
378 2014 526 2072 interdum
543 2015 657 2082 fierent,
672 2013 831 2071 incredulis
846 2015 989 2071 duntaxat
1004 2015 1153 2087 prodesse.
1169 2017 1200 2072 3⁰
1215 2015 1376 2072 Nonnullae
1396 2014 1531 2072 iiccleain
1558 2015 1758 2082 ceremonias,
1775 2019 1866 2088 etque

159 2104 245 2159 illam
259 2103 289 2158 in
303 2103 412 2176 primis,
428 2119 527 2160 cereos
540 2103 666 2160 interdiu
682 2103 801 2159 accendi
817 2104 847 2158 in
863 2103 964 2170 Missa,
981 2103 1040 2159 sive
1055 2104 1091 2160 ad
1103 2103 1290 2177 Evangelium
1308 2103 1502 2170 recitandum,
1515 2120 1633 2176 pagane
1644 2103 1865 2176 superstitionis

158 2192 251 2248 ritum
264 2193 378 2248 rorabat
390 2211 397 2262 ;
410 2208 463 2248 nec
473 2193 591 2249 Alleluia
601 2192 712 2248 cantmi
722 2191 846 2258 volebat,
864 2192 942 2249 880
952 2191 1010 2248 nisi
1022 2193 1050 2248 in
1062 2193 1183 2249 Pascha.
1192 2195 1222 2248 ιι
1230 2193 1327 2250 Sensit
1336 2209 1406 2249 suns
1418 2193 1474 2248 sibi
1484 2209 1632 2265 quemque
1646 2192 1770 2249 retinere
1779 2207 1865 2266 possa

154 2281 284 2351 divitias,
300 2297 394 2353 neque
407 2279 621 2336 abdicationem
638 2297 654 2336 a
669 2280 769 2336 saeculi
786 2280 874 2337 rebus
890 2297 984 2353 usque
999 2281 1071 2337 adeo
1086 2282 1193 2337 bonam
1205 2297 1281 2349 esse,
1292 2281 1426 2353 quinimo
1438 2280 1647 2337 monachornm
1662 2283 1866 2352 paupertatem

152 2387 185 2426 ec
200 2369 395 2426 solitudinem
411 2368 553 2426 desidiam
571 2385 604 2424 ac
620 2374 736 2442 turpem
752 2369 852 2443 sugam
868 2368 1044 2444 appellabat.
1061 2370 1257 2434 Quamobrem
1277 2373 1305 2425 et
1319 2367 1528 2441 eleemosynas,
1545 2385 1609 2440 que
1632 2366 1865 2437 Hierosolymam

152 2459 230 2516 mitti
245 2461 470 2527 consueverant,
486 2457 681 2531 improbabat,
699 2458 771 2515 lorte
785 2458 873 2514 etium
888 2457 1047 2530 aliqnando
1063 2457 1234 2530 prohibuit:
1251 2473 1319 2512 nem
1335 2456 1360 2512 si
1374 2456 1403 2511 in
1424 2472 1582 2529 egenorum
1602 2473 1658 2512 usn
1679 2459 1779 2512 assant
1793 2471 1865 2528 opes
1901 2487 1907 2499 .

151 2547 377 2611 distribuenda,
394 2563 451 2603 non
466 2545 532 2603 illes
548 2546 638 2603 semel
655 2547 856 2608 ellundendas,
874 2547 924 2603 sed
950 2545 1093 2619 paulatim
1116 2546 1281 2618 erogandas
1302 2545 1496 2602 asseverabat.
1522 2547 1552 2600 5⁰
1574 2544 1706 2617 Denique
1728 2543 1865 2611 ellutivit,

151 2635 276 2693 elericos
292 2635 415 2690 minime
428 2635 561 2691 omnium
577 2635 682 2692 debere
696 2651 760 2692 esse
775 2635 900 2703 celibes,
916 2637 1056 2706 tantoque
1070 2634 1137 2690 odio
1152 2633 1257 2691 hubuit
1271 2633 1493 2700 continentiam,
1506 2649 1595 2706 quam
1620 2633 1750 2690 heresim
1763 2625 1866 2705 appele

152 2727 244 2792 labat,
260 2729 291 2781 et
305 2724 591 2798 pudicitiam,quanr
603 2725 728 2781 libidinis
752 2725 944 2790 seminarium,
969 2726 1002 2779 ut
1025 2722 1171 2796 episcopis
1194 2722 1283 2780 etiarn
1306 2721 1496 2795 persuaserit,
1520 2722 1631 2778 nemini
1656 2721 1735 2778 cradi
1759 2721 1864 2778 debers

153 2815 334 2883 castitatem,
345 2812 448 2869 'nullos
463 2813 577 2870 celibes
592 2813 721 2870 ordinari
738 2829 842 2885 posaa;
858 2817 887 2870 et
901 2811 958 2870 nisi
988 2816 1117 2869 tumente
1142 2817 1238 2869 uteros
1257 2812 1389 2868 viderent
1411 2811 1600 2880 laminarum,
1627 2811 1748 2868 maritos
1763 2825 1866 2868 earnm

152 2903 271 2960 Christo
287 2902 454 2959 ministerio
469 2903 682 2959 arbitrarentur
695 2900 843 2974 indignos.

188 2994 217 3048 3.
234 2991 322 3048 Hisce
338 2990 484 3047 haeresem
499 2991 640 3048 monstris
661 3007 712 3063 per
726 2989 858 3063 singulas
869 2993 966 3064 partes
982 2991 1139 3063 respondet
1153 2989 1347 3062 Hieronymus
1362 2988 1417 3044 boc
1432 2987 1541 3052 libello,
1558 3004 1646 3060 quern
1656 2992 1690 3044 ιιι
1700 2987 1794 3061 magis
1810 2987 1865 3044 mi*

154 3081 344 3149 rodaccius
358 3081 450 3136 noctis
466 3079 655 3135 imitatione
668 3079 789 3134 dictavit.
806 3079 954 3151 Scriptum
978 3080 1040 3152 ipse
1062 3082 1188 3135 testator
1211 3083 1277 3151 post
1296 3079 1383 3148 ferna
1406 3077 1550 3133 biennium
1570 3093 1606 3133 ex
1628 3092 1686 3149 quo
1710 3075 1865 3148 epistolam

155 3184 247 3242 supra
259 3167 411 3224 laudatam
428 3167 464 3223 ad
480 3166 631 3239 Hiparium
645 3167 680 3222 de
692 3165 803 3236 oiyilr'ir
817 3174 842 3222 et
855 3167 1110 3239 pernoctatio-nilus
1126 3169 1155 3222 in
1171 3167 1293 3222 basilicis
1308 3175 1464 3238 martyrum
1478 3165 1567 3223 dedit.
1582 3169 1652 3221 Eam
1676 3180 1743 3221 vero
1757 3162 1866 3237 episto*
1977 3211 1979 3222 .

156 3259 215 3315 lam
231 3258 268 3314 ad
285 3273 356 3314 anu.
372 3257 408 3313 ro
422 3256 566 3328 pertinere
583 3256 776 3322 ostendimus,
793 3257 871 3312 unde
886 3256 960 3312 liber
974 3257 1030 3312 iste
1044 3257 1079 3312 ad
1095 3257 1148 3312 toti
1167 3255 1206 3312 sit
1227 3255 1427 3312 deducendus.
1454 3255 1484 3310 ld
1507 3271 1593 3327 porro
1617 3257 1733 3310 ιοιιιιιιι
1755 3269 1791 3309 ax
1803 3253 1865 3322 illa,

156 3363 246 3420 quarn
264 3347 294 3402 in
311 3347 370 3402 tine
384 3349 533 3410 causatur,
550 3345 650 3401 subita
659 3345 779 3401 Sisinnii
791 3345 888 3401 fratris
899 3346 929 3400 in
942 3349 1093 3418 AEgyptum
1105 3343 1291 3400 testinatione
1302 3361 1310 3411 3
1322 3342 1369 3400 hic
1380 3343 1531 3416 sequidem
1539 3341 1589 3400 ille
1600 3341 1749 3399 Sisinnins
1759 3345 1804 3398 est
1813 3342 1867 3416 qui

157 3451 218 3490 nno
231 3439 364 3506 ternpore
377 3437 406 3488 et
416 3432 495 3488 hunc
509 3431 616 3488 librum
634 3433 750 3505 Riparie
767 3449 800 3488 ac
812 3431 959 3489 Desiderio
975 3433 1177 3497 deserendum,
1190 3438 1220 3488 et
1234 3432 1465 3488 Commentarios
1484 3431 1515 3487 in
1538 3429 1707 3487 Zachariam
1722 3430 1865 3504 ltxuperic

159 3523 305 3578 Tolosano
318 3509 493 3588 reddendos,
508 3537 525 3576 a
539 3521 570 3577 S.
586 3520 707 3578 Doctore
723 3520 843 3592 accepit,
860 3537 934 3592 ‹yuos
949 3521 1056 3593 ipsein
1072 3521 1239 3594 pretatione
1249 3537 1326 3576 anno
1341 3521 1403 3588 too,
1420 3520 1559 3592 quinceii
1580 3519 1738 3576 conuictus
1752 3519 1866 3576 Arcadii

162 3611 294 3680 duculi,
308 3619 333 3666 et
354 3611 446 3666 Anicii
466 3610 549 3666 Probi
570 3612 650 3683 sartis
673 3626 773 3667 nomen
796 3611 938 3682 imposuit,
963 3627 980 3666 a
1003 3626 1035 3666 so
1058 3614 1184 3667 testatur
1206 3609 1405 3666 elucubratos.
1429 3608 1505 3675 Quin
1529 3607 1617 3664 etiam
1642 3608 1678 3663 ad
1707 3607 1771 3678 ejus
1795 3623 1868 3680 anni

162 3701 254 3755 linem
271 3715 361 3771 usque
374 3699 571 3755 differendum
587 3699 733 3756 constabit
746 3716 781 3755 ex
795 3698 853 3754 alia
869 3696 1002 3771 epistola,
1019 3699 1049 3754 in
1064 3703 1165 3755 nostra
1179 3697 1347 3754 recensione
1361 3697 1424 3766 leo,
1440 3697 1476 3752 nd
1498 3695 1672 3752 Minervium
1698 3700 1727 3752 et
1739 3695 1866 3752 Alexan·

159 3787 260 3855 dmm,
278 3788 307 3843 in
323 3804 381 3860 qua
395 3786 554 3853 sisinnius,
570 3793 621 3859 qni
635 3788 733 3843 ultimo
742 3789 804 3860 jcrm
822 3789 952 3844 autumni
965 3791 1085 3860 tempore
1095 3786 1243 3842 Bethleem
1254 3789 1432 3859 pervenerat,
1444 3783 1528 3857 quasi
1542 3786 1708 3840 moraturus
1718 3784 1769 3854 ibi,
1781 3798 1868 3856 usquc

158 3877 194 3934 od
207 3878 284 3934 dr'em
298 3877 527 3948 Epiphaniorum,
542 3877 649 3932 dicitnr
663 3876 742 3932 baud
758 3875 850 3932 multo
866 3879 941 3949 post,
957 3877 1045 3932 subito
1059 3876 1247 3948 superuenisse
1261 3890 1382 3931 asemona
1396 3889 1424 3930 se
1438 3873 1513 3929 illico
1525 3873 1722 3944 profanarum.

424 4143 432 4152 “
495 4030 574 4226 ο8.
622 4126 961 4228 nusum
1008 4122 1518 4226 nrnnotovmt

734 4297 1020 4358 STHlDONllNSlS
1042 4294 1292 4358 pessumum

555 4443 884 4578 CONTRA
928 4442 1474 4578 VlGlLANTlUM

812 4642 1221 4812 orrannum&

197 4893 269 4950 181
287 4893 314 4952 l.
331 4895 474 4951 loriniani
485 4892 626 4952 damnatio
641 4903 667 4951 el
680 4909 762 4952 more.
786 4897 899 4952 Errores
916 4895 987 4966 Vipi-
1004 4895 1029 4960 Α
1046 4894 1146 4947 norata
1160 4893 1248 4947 suot:
1265 4894 1420 4948 centauros
1435 4894 1464 4948 et
1478 4891 1601 4960 sirenas,
1627 4888 1731 4946 udulas
1752 4889 1781 4943 et
1794 4903 1869 4943 ono·

162 4981 276 5040 nutriet
291 4983 480 5056 blsaphemiae.
495 5013 530 5023 -
545 4981 638 5040 Multa
657 4982 686 5038 in
708 4983 778 5040 orbe
793 4986 926 5038 monstra
940 4997 988 5054 ge·
1044 4978 1185 5037 crotalos¹
1198 4979 1227 5034 in
1245 4978 1320 5034 lsaia
1334 4979 1398 5050 (lae.
1417 4996 1469 5034 xm
1492 4987 1518 5035 et
1540 4979 1635 5050 xxxiv)
1659 4976 1795 5050 legimus.
1810 4975 1867 5033 Job

161 5178 168 5190 .
196 5106 205 5139 ¹
220 5106 294 5190 Edd-
308 5105 445 5191 Martiae.
456 5109 496 5189 Ιιι
519 5103 643 5191 vallars.
666 5106 776 5190 babent
800 5103 920 5188 titulum
934 5103 988 5160 bu·
1044 5105 1113 5186 orbe
1128 5105 1259 5159 monstra
1274 5105 1412 5228 {onerata
1426 5102 1637 5184 sunttiirenes
1660 5103 1792 5158 monstra
1805 5099 1868 5156 ma'·

156 5178 424 5306 mittitote
439 5176 990 5311 littlitttttttfttttttltt
1044 5175 1327 5303 tittatttitti
1349 5191 1434 5300 itio
1452 5171 1793 5302 obtimini?
1810 5183 1868 5300 tt

160 5266 291 5403 operula
304 5319 472 5392 Hieronymi
489 5319 519 5374 in
540 5265 718 5403 quibusllam
743 5317 826 5402 libris
850 5335 922 5402 mss.
939 5317 989 5400 de·
1043 5335 1111 5375 aves
1127 5318 1162 5373 ab
1177 5286 1453 5373 'ululando'dictas
1480 5316 1646 5387 Leviatban,
1671 5317 1701 5372 id
1727 5285 1773 5372 es'r
1787 5283 1870 5372 octus

161 5397 431 5518 praratrofflxuno·
448 5389 990 5474 ms.codroe'Clumacensracirenobrs
1078 5461 1089 5494 α
1586 5459 1592 5471 ι
1627 5459 1632 5471 Ι
1728 5403 1777 5443 ma
1820 5401 1866 5448 ua.

173 5469 249 5531 teet,
267 5480 297 5518 ιιι
325 5479 359 5519 eo
385 5478 465 5518 emm
494 5465 535 5518 rte
562 5479 619 5518 rnor
643 5467 664 5516 rt
678 5462 833 5517 Tractatus
859 5477 989 5534 presens
1104 5459 1173 5515 Hrat
1194 5462 1280 5514 antea
1300 5458 1481 5515 ononoratcs.
1508 5459 1660 5524 Martialis,
1682 5459 1768 5532 Turpe
1803 5471 1867 5514 ooc-

161 5540 264 5590 oontra
278 5531 494 5664 Vrlyiluntinm:
511 5554 525 5582 ιι
541 5479 672 5590 loelllr
686 5537 734 5588 Ab
748 5531 989 5616 VIGlde'llUlll
1043 5531 1224 5613 notbpotlur
1246 5530 1404 5613 onocrotali.
1434 5530 1527 5587 Codex
1549 5531 1742 5616 bononiensis
1765 5543 1868 5612 money

161 5605 302 5664 nonsart
342 5603 466 5666 HNTHM
481 5603 683 5666 lOVINtANO.
710 5603 803 5664 Multa
826 5604 944 5682 quidem
959 5620 989 5662 ιιι
1044 5606 1125 5660 ateru
1139 5605 1167 5661 S.
1184 5599 1342 5662 salvatoris
1358 5618 1414 5660 non
1430 5601 1529 5674 hebet,
1546 5619 1575 5661 m
1588 5603 1662 5662 traso
1676 5603 1801 5676 tenemur.
