4066 6162
232 295 297 368 aar
750 380 751 386 Ν
852 301 887 365 s.
910 295 1067 364 ananau
1088 293 1323 362 amnouvur.
1844 303 1900 370 aar

233 435 343 510 proprii
358 431 487 508 eorporis
502 434 655 490 tribuens:
673 434 794 491 undeet
809 449 911 491 omues
931 434 973 490 sio
995 446 1060 504 spe·
1074 431 1099 498 Α
1115 429 1180 486 dias
1195 429 1371 503 suspicetur.
1388 429 1484 486 Credit
1496 445 1559 488 essa
1573 431 1648 502 quod
1662 429 1766 488 dieitur.
1783 435 1899 494 senode

232 542 334 583 ramus
348 539 500 596 resurgere
515 539 549 578 ex
563 522 698 592 mortuis,
714 523 791 579 siout
815 521 864 578 illa
889 519 1055 578 resurrexit.
1115 535 1160 575 res
1175 519 1254 575 enim
1269 522 1339 576 sunt
1353 535 1440 576 aures
1453 519 1564 592 populi.
1582 537 1667 594 quem
1690 523 1830 581 sacerdotia
1843 525 1903 582 ani·

187 658 196 675 .
229 615 293 672 Nou
308 613 340 671 in
355 612 421 670 eliis
437 611 615 683 quibusdem
628 611 791 685 peregrinis
802 610 871 668 etin
883 608 986 668 alianis
997 626 1060 665 oor·
1114 623 1192 664 mus.

233 701 366 776 poribus,
376 716 441 772 qun
457 705 650 756 assumuntur
664 700 693 756 in
710 700 933 774 phantasmate:
954 698 1059 756 eadsi·
1147 699 1423 770 25.1tarumatque
1444 696 1549 754 iterum
1574 702 1612 766 te,
1634 699 1729 764 leuior,
1755 716 1906 760 eommoueo

232 795 282 847 out
294 790 357 863 ipsa
370 788 401 844 iu
418 786 468 844 illo
483 804 613 860 oorpore,
630 789 709 861 quod
732 789 809 861 apud
835 804 888 844 uos
912 787 942 844 io
956 790 1058 845 sanato
1113 788 1146 842 ut
1160 785 1332 858 patientiam
1351 790 1505 854 lensensi
1528 787 1624 845 diseas
1648 789 1721 861 quod
1743 804 1792 862 ego
1804 805 1907 864 quoque

234 877 369 952 sepulcro
380 877 536 934 eonditum
552 877 730 934 resurrexit:
747 877 831 934 itaet
851 894 905 933 nos
930 875 960 932 in
984 875 1058 949 ipsis
1112 891 1164 948 per
1178 875 1368 948 patientiam⁵
1381 875 1489 944 didici3
1507 880 1640 936 ettamen
1651 881 1799 951 numquam
1808 879 1906 938 vultam

234 967 417 1040 oorporibus.
434 965 540 1039 quibus
557 981 635 1023 nune
651 965 879 1032 oiroumdamur,
895 971 925 1022 at
945 965 975 1021 in
991 963 1056 1038 qui·
1112 963 1247 1021 draoonis
1262 963 1402 1036 evolvam,
1418 969 1448 1022 et
1462 966 1568 1040 dogma
1587 965 1718 1040 Origenls
1738 967 1773 1023 de
1794 983 1906 1026 resurre-

235 1058 291 1114 bue
306 1073 384 1112 nuno
399 1053 567 1127 sepelimur,
584 1054 686 1111 eadem
702 1055 815 1112 ratione
832 1054 1058 1127 atvisiouesps·
1111 1051 1206 1110 otioue
1230 1053 1357 1110 breviter
1380 1071 1522 1128 exponam
1546 1053 1614 1126 (non
1638 1054 1715 1112 enim
1739 1056 1835 1129 poteria
1855 1055 1906 1114 vim

233 1161 336 1202 ramus
360 1146 540 1216 resurgeret
564 1145 632 1210 Quae
667 1142 746 1200 enlm
773 1145 860 1216 juxta
882 1142 1056 1218 Apostolum
1112 1141 1187 1199 eolre
1200 1141 1335 1211 antidoti,
1350 1143 1406 1199 uisi
1420 1157 1533 1200 venena
1547 1143 1746 1217 perspexeris),
1769 1143 1832 1200 illud
1845 1143 1905 1200 dili·

233 1233 417 1290 seminantur
438 1231 469 1288 in
494 1232 691 1305 corruptione,
717 1236 841 1306 surgent
868 1233 899 1289 iu
923 1233 1057 1290 inrorru·
1111 1235 1212 1302 genter
1225 1231 1348 1290 observa
1361 1231 1629 1306 etoauterelagens
1642 1233 1905 1306 numera:quoduo

231 1322 347 1394 ptione;
364 1338 428 1394 que
442 1322 630 1378 seminantur
644 1321 673 1376 in
689 1321 883 1395 ignobilitate,
894 1321 1056 1396 surgentio
1110 1320 1172 1376 vies
1184 1320 1426 1390 resurreetiooem
1443 1321 1599 1378 nominans
1619 1320 1755 1392 eorporis,
1778 1337 1810 1377 ne
1831 1320 1908 1380 semol

230 1409 334 1482 gloria.
355 1409 551 1466 «Seminatur
565 1425 672 1482 eorpus
687 1409 827 1478 animale,
839 1415 941 1483 surget
950 1427 1056 1482 eorpus
1111 1409 1230 1481 quidem
1252 1410 1351 1466 earnis
1374 1409 1515 1467 inseruit:
1549 1413 1774 1483 serpentumque
1799 1409 1846 1466 tibi
1866 1409 1908 1478 ait,

230 1497 382 1569 spirituale
398 1499 422 1570 (l
441 1496 501 1554 Cor.
525 1515 572 1554 xv.
595 1498 658 1570 tl);
682 1499 717 1554 de
741 1497 849 1570 quibus
872 1502 901 1554 et
924 1497 1057 1555 Salvator
1110 1497 1188 1570 quod
1203 1497 1238 1554 de
1253 1496 1398 1554 industria
1412 1497 1608 1570 pretermisit.
1624 1497 1776 1571 Diuitergo
1789 1497 1910 1572 Origeum

229 1587 338 1646 doeens
350 1587 537 1644 looutusost:
553 1585 719 1653 «Quienim
735 1587 817 1661 digni
830 1587 1056 1644 luerintaaoulo
1110 1587 1184 1644 m
1202 1585 1231 1642 in
1248 1585 1383 1659 pluribus
1395 1585 1479 1654 loeis,
1495 1591 1524 1643 et
1539 1587 1667 1644 maxime
1681 1587 1712 1643 in
1735 1586 1803 1644 libro
1821 1587 1852 1642 de
1864 1587 1910 1644 de·

229 1673 289 1744 illo,
309 1681 338 1733 et
361 1676 574 1734 resurrectione
598 1692 632 1732 ex
661 1676 796 1744 mortuis,
824 1693 918 1749 neque
944 1676 1056 1733 nubant
1109 1677 1277 1734 surrectione
1291 1680 1406 1748 quarto,
1422 1676 1490 1732 etin
1505 1676 1693 1749 depositione
1711 1676 1790 1751 primi
1804 1674 1908 1750 psalmi,

230 1781 324 1839 nequo
340 1766 506 1834 nubentur;
521 1765 710 1839 nequeenim
726 1764 803 1822 ultre
819 1764 891 1822 mori
907 1769 1054 1838 poterunt,
1110 1769 1139 1820 et
1154 1764 1183 1820 in
1198 1764 1391 1834 stromatibus,
1408 1764 1554 1839 duplioem
1570 1782 1698 1823 errorem
1712 1764 1809 1822 versari
1822 1764 1849 1822 in
1863 1765 1910 1820 llo·

229 1855 281 1916 sed
297 1858 383 1912 arunt
395 1855 472 1911 siout
486 1853 582 1928 angeli
597 1853 659 1920 Dei,
675 1871 742 1910 oum
759 1854 836 1911 sint²
853 1853 905 1909 lilii
926 1871 1055 1912 resurre·
1110 1851 1198 1910 alesia
1212 1872 1218 1921 ;
1236 1859 1402 1911 nostrorum
1418 1858 1447 1911 et
1467 1853 1690 1912 hereticorum:
1716 1877 1729 1906 a
1744 1853 1795 1910 Nos
1807 1851 1910 1926 simpli·

229 1942 335 2000 ationis
350 1943 426 2016 (tuo.
442 1959 489 2014 nx,
504 1943 550 2006 35,
571 1941 628 2014 36).
647 1964 661 1991 u
1110 1957 1157 1999 ees
1183 1947 1211 1998 et
1233 1942 1430 2016 philosaroae⁶
1452 1943 1559 2012 dicere,
1583 1944 1663 2016 quod
1688 1943 1782 2000 eedem
1803 1958 1871 2010 ossa,
1884 1944 1911 2000 et

264 2032 310 2088 ll.
326 2031 453 2088 Rursum
469 2030 501 2086 in
516 2029 574 2088 alia
593 2033 675 2102 perte
705 2028 850 2103 lipistolae‚
873 2029 929 2086 hoo
953 2033 1009 2098 eat,
1024 2029 1055 2085 iu
1110 2031 1242 2105 sanguis,
1258 2035 1288 2088 et
1301 2049 1380 2101 auro,
1399 2030 1499 2100 idest,
1514 2033 1616 2091 vultus
1632 2038 1662 2091 et
1675 2033 1809 2101 mambra,
1821 2030 1912 2090 totius·

228 2121 286 2177 fine
301 2137 423 2178 suorum
446 2123 637 2188 traotatuum,
649 2123 682 2175 ut
696 2118 818 2176 auribus
842 2117 979 2176 illuderet
1002 2135 1056 2176 ne·
1111 2137 1167 2194 que
1182 2137 1322 2194 compago
1338 2121 1468 2194 eorporis
1483 2127 1620 2196 resurgat
1640 2123 1670 2179 iu
1692 2122 1840 2180 novissima
1853 2120 1910 2177 dia:

231 2207 397 2279 scientium,
408 2208 564 2282 strepitum
572 2206 794 2266 resurreetionis
805 2224 839 2264 eo
849 2223 988 2281 pompam
1001 2207 1055 2264 baa
1110 2209 1221 2267 seilicet
1231 2214 1264 2267 ut
1272 2210 1397 2282 pedibus
1409 2210 1608 2282 ambulemus,
1621 2227 1771 2286 operemur
1780 2209 1910 2278 manibus,

230 2299 385 2356 verborum
410 2297 603 2371 ambiguitate
630 2296 765 2354 libravit:
792 2297 876 2354 «Sed
901 2313 996 2370 neque
1020 2297 1055 2353 de
1109 2298 1262 2356 videamus
1277 2298 1380 2370 oeulis,
1406 2300 1528 2358 auribus
1553 2301 1721 2368 audiamus,
1745 2300 1911 2358 airouml'era-

229 2388 358 2445 seeundo
373 2386 500 2461 glorioso
516 2388 640 2444 adventu
657 2386 771 2444 Domini
790 2385 881 2444 nostri
891 2385 961 2442 Jesu
972 2384 1055 2443 Chri·
1110 2405 1234 2461 musque
1248 2391 1378 2445 ventrem
1394 2388 1603 2462 insatiabilem,
1619 2387 1912 2448 etstomaohumoiboe

229 2476 266 2533 sti
282 2477 508 2546 intermisimus,
526 2475 928 2550 quiveuturusestiugloria
944 2475 1054 2546 suaju·
1110 2482 1352 2550 oouooquentam.
1377 2475 1565 2550 Consequens
1587 2482 1690 2536 autem
1713 2495 1783 2546 esse,
1805 2476 1914 2550 quiisla

228 2565 326 2622 diearo
339 2565 419 2622 vivos
434 2569 464 2621 et
479 2569 631 2632 mortuos;
650 2565 714 2636 ipse
729 2565 808 2622 enim
824 2563 979 2621 suscitabit
989 2580 1055 2620 om·
1109 2567 1276 2635 credamus,
1291 2567 1386 2624 dicere
1402 2583 1455 2624 noe
1471 2568 1550 2641 quod
1568 2571 1598 2624 et
1621 2565 1828 2626 comedendum
1841 2561 1915 2622 nobis

232 2669 284 2709 nes
299 2657 441 2720 mortuos,
455 2657 566 2710 etanta
580 2651 810 2710 suumtribunul
834 2653 912 2710 480
935 2669 997 2710 esse
1012 2654 1054 2709 la·
1110 2656 1159 2725 sit,
1175 2659 1204 2712 et
1218 2656 1391 2724 bibendum,
1404 2655 1563 2730 digerenda
1577 2661 1721 2726 oteramo,
1740 2655 1913 2714 edundeudur

230 2742 288 2798 olet
302 2759 309 2810 ;
325 2745 355 2798 at
369 2741 528 2814 uniruique
543 2741 645 2798 reddet
660 2742 824 2800 seeundum
840 2742 919 2815 quod
933 2743 1055 2816 egitper
1110 2744 1226 2813 humor,
1248 2745 1387 2801 duoendae
1412 2761 1527 2812 uxores,
1553 2744 1643 2802 libari
1667 2745 1840 2819 proereaudi.
1861 2742 1913 2808 Quo

230 2845 349 2903 corpus,
365 2829 425 2887 sivo
439 2831 551 2887 honum
566 2830 627 2887 sive
643 2829 775 2900 malum;
803 2829 915 2888 scilieet
937 2836 989 2889 aut
1003 2847 1054 2887 eo·
1109 2833 1187 2892 euim
1204 2833 1337 2890 membre
1351 2832 1500 2907 genitalia,
1517 2833 1542 2888 si
1555 2835 1670 2907 nuptia
1685 2831 1912 2897 noneruntlduo

230 2920 381 2976 renaudus
396 2918 426 2974 in
442 2934 571 2992 corpore,
589 2919 666 2993 quod
681 2923 760 2977 caste
778 2917 837 2993 egit
852 2920 989 2992 etjuete;
1005 2924 1056 2976 aut
1110 2922 1223 2990 dantes,
1236 2920 1261 2978 si
1276 2921 1336 2977 eibi
1352 2937 1410 2978 uon
1437 2921 1564 2978 molendi
1589 2925 1687 2980 sunt?
1708 2925 1769 2991 Ouo
1790 2923 1913 2980 venbret

231 3007 485 3077 ooudamnandus,
500 3008 578 3081 quod
589 3007 787 3080 voluptatibus
798 3007 1054 3082 pariteriuiquita·
1110 3009 1178 3076 eibi,
1195 3009 1220 3066 si
1230 3009 1315 3082 juxta
1331 3008 1505 3082 Apostolum
1521 3014 1549 3066 et
1563 3010 1612 3068 bio
1626 3019 1657 3069 et
1669 3011 1711 3068 illi
1721 3007 1912 3072 destruentur?

231 3097 371 3171 tibusque
381 3097 509 3155 servivit.
522 3119 536 3148 »
546 3097 693 3170 Hooquod
703 3097 733 3153 in
744 3096 899 3170 Evangelio
911 3095 1052 3170 legimus:
1110 3097 1174 3171 ipso
1188 3096 1295 3155 iterum
1310 3097 1474 3156 elementa:
1492 3121 1507 3150 κ
1523 3099 1595 3156 Caro
1610 3103 1640 3156 et
1664 3101 1783 3175 sanguis
1804 3112 1912 3172 regnum

230 3185 263 3242 ln
287 3186 540 3245 eonsummatione
565 3185 678 3254 mundi,
705 3188 731 3241 ei
753 3187 816 3257 deri
841 3193 927 3258 potest
948 3185 1051 3257 (dotti.
1068 3168 1090 3237 C
1109 3187 1159 3244 llei
1175 3203 1232 3244 non
1249 3186 1451 3259 possidebunt,
1468 3205 1561 3261 neque
1575 3190 1727 3264 corruptio
1742 3185 1915 3260 incorruptio·

228 3291 305 3344 xxiv,
329 3275 386 3348 at),
411 3275 512 3331 seduci
535 3275 622 3331 etiam
648 3274 765 3341 eleetos,
791 3275 820 3330 in
844 3274 899 3331 boo
923 3274 1050 3348 capitulo
1107 3293 1173 3333 nem
1188 3277 1213 3350 (l
1226 3275 1287 3332 Cor.
1307 3293 1354 3344 xv,
1379 3275 1437 3348 58).
1457 3278 1552 3334 »Haeo
1573 3294 1626 3334 uos
1654 3279 1913 3338 innoooutasetru·

227 3364 481 3437 comprobemue³.
504 3362 594 3420 Audit
616 3363 723 3436 vulgus
745 3364 896 3420 indootum
919 3368 1051 3422 mortuos
1106 3366 1195 3424 stioos
1210 3364 1316 3422 asserit
1331 3364 1436 3422 dieera.
1452 3389 1466 3417 o
1482 3366 1639 3424 Haretiooe
1662 3385 1743 3438 vero,
1758 3370 1788 3424 iu
1803 3379 1914 3440 quarum

227 3457 256 3508 et
271 3451 420 3525 sepultos:
436 3451 519 3509 audit
533 3453 776 3510 resurrectionem
793 3456 987 3521 mortuorum,
1003 3469 1050 3509 ve·
1105 3459 1187 3529 parte
1204 3457 1273 3512 suut
1288 3454 1429 3523 Marcion,
1447 3455 1574 3528 Apelles,
1598 3455 1788 3526 Valentinus,
1802 3453 1913 3512 urnam.

228 3541 314 3598 ritate
326 3546 355 3598 et
369 3557 427 3597 non
442 3541 591 3615 putativa:
609 3539 691 3598 audit
710 3540 855 3614 primitiae
880 3557 984 3599 masse
999 3559 1051 3598 no·
1105 3559 1211 3602 nomen
1227 3543 1347 3600 insania
1362 3543 1479 3616 ponitus
1494 3549 1523 3601 et
1536 3545 1633 3602 earnis
1645 3551 1679 3603 et
1693 3546 1819 3621 eorporis
1832 3559 1914 3602 resur·

227 3634 356 3688 atrorum
376 3646 542 3703 corporum,
558 3628 588 3686 in
603 3629 719 3687 Domini
734 3646 854 3703 corpore
870 3631 905 3687 ad
922 3631 1051 3688 eoelestia
1104 3635 1264 3690 rectionem
1295 3649 1419 3707 negare:
1452 3638 1480 3690 et
1505 3633 1630 3692 salutem
1656 3639 1776 3696 tantum
1800 3635 1915 3692 tribuere

227 3719 416 3792 pervenisse:
434 3719 517 3776 audit
531 3723 757 3788 resurrooturos,
775 3735 832 3776 nou
848 3721 877 3775 in
888 3720 1051 3794 peregrinis
1104 3722 1219 3794 anima,
1236 3722 1403 3795 frustraque
1418 3739 1471 3778 uos
1482 3721 1578 3779 dieare
1589 3723 1624 3780 ad
1635 3724 1802 3800 exemplum
1812 3719 1915 3782 Domini

226 3806 390 3880 alienisque
398 3807 580 3879 corporibus,
595 3824 658 3880 quae
668 3808 902 3864 assumunturiu
913 3796 1052 3882 pba‘ntas·
1104 3815 1330 3880 resurreoturos,
1347 3827 1410 3868 evm
1425 3810 1489 3884 ipso
1504 3827 1620 3884 quoque
1635 3811 1816 3874 Dominusln
1830 3811 1915 3886 phau·

227 3897 316 3964 mate,
333 3893 384 3952 sed
399 3895 476 3952 sieut
490 3896 615 3953 surrexit
629 3896 773 3953 Dominus
788 3897 818 3953 in
829 3915 958 3970 corpore,
971 3898 1050 3970 quod
1103 3904 1229 3958 mamete
1253 3899 1464 3957 resurrexerit:
1488 3904 1516 3957 et
1540 3917 1599 3958 uon
1624 3899 1723 3960 solum
1755 3897 1915 3960 resurrectio

227 3983 305 4056 apud
321 3999 375 4040 uos
389 3983 418 4038 in
435 3987 536 4040 saneto
551 3984 685 4057 sepulcro
708 3985 859 4043 eonditum
879 3986 992 4058 jacuit:
1009 3987 1050 4044 ita
1104 3990 1179 4060 ejus,
1196 3988 1247 4046 sed
1263 3991 1292 4044 at
1305 3987 1370 4060 ipsa
1383 3986 1522 4046 nativitas
1531 3991 1571 4060 τῷ
1586 3983 1676 4044 δοκεῖν
1687 3991 1718 4048 id
1729 3994 1782 4058 est,
1795 3985 1916 4064 putative

227 4078 257 4130 at
271 4088 324 4130 uos
338 4071 368 4128 iu
385 4071 456 4146 ipsis
470 4073 653 4146 corporibus,
670 4073 777 4147 quibus
797 4075 1049 4133 nunoeiroumde·
1102 4077 1166 4134 visa
1180 4076 1276 4150 magis
1292 4075 1340 4144 sit,
1356 4093 1444 4149 quam
1461 4076 1558 4134 luerit.
1575 4077 1637 4136 Sibi
1659 4086 1759 4139 autem
1773 4083 1917 4148 utramque

227 4179 295 4218 mur
309 4167 337 4219 et
351 4161 519 4236 sepelimur,
534 4162 564 4219 in
580 4161 627 4220 dia
644 4163 747 4237 judieii
773 4168 998 4223 resurrooturoe.
1015 4165 1050 4220 lit
1104 4164 1258 4237 dieplioera
1272 4165 1460 4234 senteutiam,
1477 4166 1576 4240 lugere
1590 4183 1622 4226 ee
1636 4173 1665 4226 et
1684 4176 1848 4228 nostrorum
1859 4181 1917 4222 oar·

226 4251 330 4309 naboe
344 4268 449 4328 pqrum
463 4251 530 4325 quis
549 4252 740 4320 existimaret,
764 4253 846 4309 addit
868 4252 899 4308 in
920 4257 1049 4310 extremo
1104 4270 1166 4322 nes,
1182 4257 1211 4310 et
1230 4253 1433 4310 beretioorum
1457 4255 1685 4328 phantasmata:
1710 4259 1781 4333 quia
1805 4249 1919 4328 utraque

227 4340 373 4414 capitulo:
391 4365 405 4392 (ι
423 4343 457 4398 ut
478 4341 636 4413 uniruique
658 4341 759 4397 reddet
782 4340 945 4397 secuudum
970 4342 1048 4414 quod
1103 4358 1171 4414 pare
1179 4340 1209 4398 in
1221 4341 1401 4398 eontrarium
1412 4343 1506 4402 nimia
1517 4345 1650 4415 ait3aliis
1666 4347 1758 4407 iidem
1766 4343 1920 4406 volentibus

226 4429 286 4502 egit
299 4446 350 4502 per
365 4431 496 4503 eorpusl,
513 4429 573 4486 sive
592 4430 713 4496 bonum,
736 4427 795 4484 sive
820 4427 951 4484 malum:
967 4429 1050 4487 soili-
1103 4447 1214 4488 eaesae
1229 4431 1307 4503 quod
1322 4431 1432 4490 luerint
1449 4434 1500 4501 [dl.
1513 4451 1572 4492 uon
1587 4437 1704 4509 eruut];
1722 4437 1790 4496 aliis
1802 4448 1921 4496 resurre-

226 4520 273 4572 aet
286 4519 335 4572 eut
351 4517 535 4573 coronandus
550 4517 580 4572 iu
602 4532 723 4590 torpore
744 4517 821 4589 quod
844 4521 923 4574 easta
946 4517 1006 4592 egit
1020 4523 1050 4576 et
1065 4539 1088 4605 D
1105 4518 1231 4576 otionem
1247 4535 1404 4592 corporum
1418 4522 1538 4580 omniuo
1553 4524 1780 4600 denegantibus.
1791 4527 1920 4594 Ouatuor,

222 4606 321 4677 juste:
338 4608 390 4660 eut
405 4604 657 4670 condemnandus,
674 4605 751 4677 quod
777 4604 978 4680 voluptatibus
994 4607 1050 4664 ini·
1104 4606 1211 4680 inquit,
1226 4607 1461 4680 elementosunt,
1478 4611 1663 4686 pbilosophis
1686 4631 1805 4690 quoque
1821 4617 1886 4672 nota
1897 4610 1923 4666 ei

226 4693 447 4768 quitatibusque
467 4693 594 4750 servivit.
614 4716 624 4744 ι
652 4693 716 4750 llao
739 4694 874 4764 audiens,
898 4696 1049 4756 indoctum
1105 4695 1238 4768 medicis,
1256 4696 1292 4754 da
1310 4698 1418 4772 quibus
1433 4717 1535 4759 amnes
1550 4719 1597 4760 res
1611 4707 1640 4760 et
1663 4720 1787 4779 eorpora
1800 4703 1921 4762 bumana

222 4781 342 4858 tulgus,
356 4782 478 4840 intanto
494 4786 690 4853 mortuorum,
713 4783 820 4859 sepulti
847 4787 988 4859 eorporis,
1004 4803 1051 4845 ro-
1105 4789 1334 4862 oompatesuut,
1349 4792 1437 4860 terra,
1460 4807 1548 4865 aqua,
1564 4807 1623 4862 aar,
1646 4797 1676 4850 at
1698 4793 1787 4867 iguis.
1810 4793 1920 4863 uenam

221 4873 416 4932 eurraotionis
431 4871 540 4942 sonitu,
558 4871 670 4930 nullam
686 4872 966 4948 stropham‚{nullas
979 4877 1051 4933 insi·
1105 4875 1135 4931 in
1151 4875 1302 4946 carnibus,
1319 4878 1461 4936 aeremia
1480 4878 1584 4949 halitu,
1606 4897 1715 4953 aquam
1738 4882 1770 4940 in
1794 4883 1921 4942 humore

263 5033 316 5087 ι8.
331 5033 434 5091 Cruois
459 5051 514 5094 ms.
543 5034 642 5092 dedan
667 5036 774 5092 ratione
797 5044 823 5092 et
838 5036 968 5108 jussione
988 5053 1050 5109 spe·
1141 5037 1389 5104 ‘anteambula
1404 5054 1523 5110 corpore.

226 5119 332 5168 ramos,
348 5110 403 5161 eto.
1141 5108 1235 5166 ⁸C0d.
1252 5109 1282 5166 S.
1299 5108 1410 5166 Crucis.
1432 5111 1486 5165 Per·
1508 5109 1627 5166 muttum
1648 5111 1823 5183 patientiam.
1839 5103 1921 5166 Paulo

262 5173 365 5256 ’Idam
381 5191 436 5231 ms.
460 5179 531 5260 siem
553 5178 645 5250 angeli
666 5178 699 5232 a'n
723 5178 798 5244 coelo,
824 5193 886 5234 eom
907 5180 973 5243 sint,
993 5180 1048 5236 eto.
1106 5184 1174 5252 post
1186 5184 1259 5246 arat,
1275 5181 1312 5235 lle
1326 5183 1536 5238 resurrectioni:
1551 5182 1679 5238 breuiter.
1693 5188 1748 5240 ato.

228 5243 373 5314 lntegrrue
401 5249 429 5300 et
449 5253 540 5327 ‚Juxta
565 5247 700 5332 Granum
735 5247 880 5332 Vulgatu's
908 5249 1051 5332 interpres
1141 5251 1271 5334 bidem,
1294 5249 1478 5320 philosarcas,
1509 5251 1537 5309 id
1561 5261 1599 5310 eat
1630 5261 1763 5312 omowres
1788 5252 1922 5314 earnium,

226 5315 467 5443 {quoleaonqalrs
492 5323 568 5387 sont,
597 5328 623 5376 et
645 5319 698 5390 filu
725 5323 790 5376 sant
819 5321 876 5388 uer,
902 5325 1050 5388 armetur,
1106 5317 1434 5448 eoqlrlqolaptloeoaipfi.
1486 5395 1545 5452 ιΜ
1712 5397 1730 5451 d
1876 5405 1913 5448 no

275 5428 281 5442 .
1189 5408 1316 5449 arsroum
1330 5409 1399 5448 nom
1835 5409 1863 5449 m
1913 5417 1924 5430 ·

222 5475 225 5480 ·
262 5458 284 5513 ⁸.
299 5453 389 5512 Vetus
404 5455 475 5513 edit.
490 5459 522 5513 lo
537 5457 587 5514 lior
600 5461 720 5530 capitolo
735 5465 875 5533 operator,
896 5464 1052 5520 rumturbo
1106 5466 1167 5519 tut:
1195 5469 1225 5520 at
1256 5409 1516 5535 llieronyoiiisesud
1540 5410 1924 5544 Gigguniupiavlirmrgepieit.

223 5528 368 5614 imperim,
388 5534 437 5582 out
459 5529 567 5612 uutqars,
589 5533 667 5595 sta.;
692 5536 721 5586 et
745 5548 822 5597 mox,
847 5539 909 5592 lton
928 5536 1053 5608 putative
1107 5534 1184 5605 quod
1213 5535 1304 5608 soror,
1320 5537 1433 5596 insanio
1459 5535 1678 5614 iuterpretatur,
1708 5541 1767 5598 siva
1784 5534 1924 5612 petrin·

227 5617 276 5660 ooo
300 5605 363 5670 tarr,
378 5615 410 5654 oc
431 5604 572 5671 prrmrttos
596 5615 693 5657 morse
715 5608 874 5662 nemorum
895 5622 1050 5682 corporum,
1104 5620 1198 5664 saeva

229 5683 257 5750 rt
327 5685 486 5752 mwrport,
499 5673 554 5733 sto.
829 5691 832 5696 ’
