<?xml version="1.0" encoding="UTF-8"?>
<!DOCTYPE html PUBLIC "-//W3C//DTD XHTML 1.0 Transitional//EN"
    "http://www.w3.org/TR/xhtml1/DTD/xhtml1-transitional.dtd">
<html xmlns="http://www.w3.org/1999/xhtml" xml:lang="en" lang="en">
 <head>
  <title>
</title>
<meta http-equiv="Content-Type" content="text/html;charset=utf-8" />
  <meta name='ocr-system' content='tesseract 3.04.00' />
  <meta name='ocr-capabilities' content='ocr_page ocr_carea ocr_par ocr_line ocrx_word'/>
</head>
<body>
  <div class='ocr_page' id='page_1' title='image "./patrologiaecurs01goog/patrologiaecurs01goog_0716.png"; bbox 0 0 4068 6170; ppageno 0'>
   <div class='ocr_carea' id='block_1_1' title="bbox 120 257 1874 371">
    <p class='ocr_par' dir='ltr' id='par_1_1' title="bbox 120 257 1874 371">
     <span class='ocr_line' id='line_1_1' title="bbox 120 257 1874 371; baseline 0.005 -13"><span class='ocrx_word' id='word_1_1' title='bbox 120 311 121 314; x_wconf 10' lang='grc' dir='ltr'><strong><em>κ</em></strong></span> <span class='ocrx_word' id='word_1_2' title='bbox 163 295 238 362; x_wconf 82' lang='lat' dir='ltr'><strong>rur</strong></span> <span class='ocrx_word' id='word_1_3' title='bbox 641 295 793 371; x_wconf 78' lang='lat' dir='ltr'><strong>onasr.</strong></span> <span class='ocrx_word' id='word_1_4' title='bbox 816 295 997 362; x_wconf 82' lang='lat' dir='ltr'><strong>anselm.</strong></span> <span class='ocrx_word' id='word_1_5' title='bbox 1021 299 1061 359; x_wconf 87' lang='grc' dir='ltr'><strong>ιιι</strong></span> <span class='ocrx_word' id='word_1_6' title='bbox 1083 257 1163 361; x_wconf 77' lang='grc' dir='ltr'><strong>ιιι.Ι</strong></span> <span class='ocrx_word' id='word_1_7' title='bbox 1183 298 1208 362; x_wconf 93' lang='grc' dir='ltr'><strong>ιι</strong></span> <span class='ocrx_word' id='word_1_8' title='bbox 1232 299 1381 366; x_wconf 80' lang='lat' dir='ltr'><strong>anona.</strong></span> <span class='ocrx_word' id='word_1_9' title='bbox 1743 323 1745 330; x_wconf 66' lang='lat'><strong>,</strong></span> <span class='ocrx_word' id='word_1_10' title='bbox 1784 279 1874 368; x_wconf 72' lang='grc' dir='ltr'><strong><em>ιιιι</em></strong></span> 
     </span>
    </p>
   </div>
   <div class='ocr_carea' id='block_1_2' title="bbox 157 425 1881 5304">
    <p class='ocr_par' dir='ltr' id='par_1_2' title="bbox 157 425 1881 5304">
     <span class='ocr_line' id='line_1_2' title="bbox 158 425 1863 506; baseline 0.004 -22"><span class='ocrx_word' id='word_1_11' title='bbox 158 431 238 485; x_wconf 89' lang='lat' dir='ltr'><strong>suat.</strong></span> <span class='ocrx_word' id='word_1_12' title='bbox 255 426 334 486; x_wconf 79' lang='lat' dir='ltr'><strong>Abiit</strong></span> <span class='ocrx_word' id='word_1_13' title='bbox 345 425 462 497; x_wconf 86' lang='lat' dir='ltr'><strong>aneilla,</strong></span> <span class='ocrx_word' id='word_1_14' title='bbox 478 432 508 486; x_wconf 91' lang='lat' dir='ltr'><strong>et</strong></span> <span class='ocrx_word' id='word_1_15' title='bbox 520 429 665 487; x_wconf 90' lang='lat' dir='ltr'><strong>nuntiavit</strong></span> <span class='ocrx_word' id='word_1_16' title='bbox 677 430 729 486; x_wconf 88' lang='lat' dir='ltr'><strong>eis.</strong></span> <span class='ocrx_word' id='word_1_17' title='bbox 752 431 786 486; x_wconf 77' lang='lat' dir='ltr'><strong>lit</strong></span> <span class='ocrx_word' id='word_1_18' title='bbox 808 428 847 486; x_wconf 91' lang='lat' dir='ltr'><strong>illi</strong></span> <span class='ocrx_word' id='word_1_19' title='bbox 862 429 982 503; x_wconf 83' lang='lat' dir='ltr'><strong>protecti</strong></span> <span class='ocrx_word' id='word_1_20' title='bbox 998 437 1024 500; x_wconf 74' lang='grc' dir='ltr'><strong>Α</strong></span> <span class='ocrx_word' id='word_1_21' title='bbox 1041 430 1137 486; x_wconf 89' lang='lat' dir='ltr'><strong>adhuc</strong></span> <span class='ocrx_word' id='word_1_22' title='bbox 1153 430 1269 502; x_wconf 86' lang='lat' dir='ltr'><strong>viveret,</strong></span> <span class='ocrx_word' id='word_1_23' title='bbox 1286 432 1415 502; x_wconf 88' lang='lat' dir='ltr'><strong>titulum,</strong></span> <span class='ocrx_word' id='word_1_24' title='bbox 1427 433 1477 506; x_wconf 86' lang='lat' dir='ltr'><strong>qui</strong></span> <span class='ocrx_word' id='word_1_25' title='bbox 1492 436 1536 491; x_wconf 89' lang='lat' dir='ltr'><strong>est</strong></span> <span class='ocrx_word' id='word_1_26' title='bbox 1562 433 1592 489; x_wconf 90' lang='lat' dir='ltr'><strong>in</strong></span> <span class='ocrx_word' id='word_1_27' title='bbox 1613 431 1686 490; x_wconf 88' lang='lat' dir='ltr'><strong>valle</strong></span> <span class='ocrx_word' id='word_1_28' title='bbox 1706 435 1792 506; x_wconf 83' lang='lat' dir='ltr'><strong>regis.</strong></span> <span class='ocrx_word' id='word_1_29' title='bbox 1814 435 1863 492; x_wconf 87' lang='lat' dir='ltr'><strong>Di·</strong></span> 
     </span>
     <span class='ocr_line' id='line_1_3' title="bbox 159 516 1863 592; baseline 0.004 -18"><span class='ocrx_word' id='word_1_30' title='bbox 159 521 238 575; x_wconf 90' lang='grc' dir='ltr'><strong><em>ιιιιιι.</em></strong></span> <span class='ocrx_word' id='word_1_31' title='bbox 256 539 270 568; x_wconf 90' lang='grc' dir='ltr'><strong>ιι</strong></span> <span class='ocrx_word' id='word_1_32' title='bbox 286 520 351 574; x_wconf 76' lang='lat' dir='ltr'><strong>flac</strong></span> <span class='ocrx_word' id='word_1_33' title='bbox 365 516 472 574; x_wconf 89' lang='lat' dir='ltr'><strong>aneilla</strong></span> <span class='ocrx_word' id='word_1_34' title='bbox 487 518 572 591; x_wconf 90' lang='lat' dir='ltr'><strong>quasi</strong></span> <span class='ocrx_word' id='word_1_35' title='bbox 588 517 701 574; x_wconf 78' lang='lat' dir='ltr'><strong>lavandi</strong></span> <span class='ocrx_word' id='word_1_36' title='bbox 717 519 811 592; x_wconf 83' lang='lat' dir='ltr'><strong>gratia</strong></span> <span class='ocrx_word' id='word_1_37' title='bbox 826 534 893 575; x_wconf 86' lang='lat' dir='ltr'><strong>cum</strong></span> <span class='ocrx_word' id='word_1_38' title='bbox 909 535 983 592; x_wconf 88' lang='lat' dir='ltr'><strong>pan·</strong></span> <span class='ocrx_word' id='word_1_39' title='bbox 1040 523 1121 575; x_wconf 80' lang='lat' dir='ltr'>xerat</span> <span class='ocrx_word' id='word_1_40' title='bbox 1140 521 1238 576; x_wconf 91' lang='lat' dir='ltr'><strong>enim:</strong></span> <span class='ocrx_word' id='word_1_41' title='bbox 1259 521 1322 578; x_wconf 91' lang='lat' dir='ltr'><strong>Non</strong></span> <span class='ocrx_word' id='word_1_42' title='bbox 1342 521 1435 578; x_wconf 91' lang='lat' dir='ltr'><strong>habeo</strong></span> <span class='ocrx_word' id='word_1_43' title='bbox 1456 522 1560 592; x_wconf 89' lang='lat' dir='ltr'><strong>illium,</strong></span> <span class='ocrx_word' id='word_1_44' title='bbox 1579 527 1608 579; x_wconf 93' lang='lat' dir='ltr'><strong>et</strong></span> <span class='ocrx_word' id='word_1_45' title='bbox 1626 523 1681 580; x_wconf 90' lang='lat' dir='ltr'><strong>hoe</strong></span> <span class='ocrx_word' id='word_1_46' title='bbox 1700 523 1755 579; x_wconf 92' lang='lat' dir='ltr'><strong>erit</strong></span> <span class='ocrx_word' id='word_1_47' title='bbox 1770 523 1863 580; x_wconf 88' lang='lat' dir='ltr'><strong>moni·</strong></span> 
     </span>
     <span class='ocr_line' id='line_1_4' title="bbox 159 606 1862 684; baseline 0.004 -22"><span class='ocrx_word' id='word_1_48' title='bbox 159 607 206 663; x_wconf 90' lang='lat' dir='ltr'><strong>nis</strong></span> <span class='ocrx_word' id='word_1_49' title='bbox 221 607 256 663; x_wconf 90' lang='lat' dir='ltr'><strong>ad</strong></span> <span class='ocrx_word' id='word_1_50' title='bbox 275 607 383 663; x_wconf 83' lang='lat' dir='ltr'><strong>iontem</strong></span> <span class='ocrx_word' id='word_1_51' title='bbox 400 606 488 680; x_wconf 84' lang='lat' dir='ltr'><strong>Roget</strong></span> <span class='ocrx_word' id='word_1_52' title='bbox 504 606 587 676; x_wconf 90' lang='lat' dir='ltr'><strong>ierat,</strong></span> <span class='ocrx_word' id='word_1_53' title='bbox 604 612 636 664; x_wconf 88' lang='lat' dir='ltr'><strong>ut</strong></span> <span class='ocrx_word' id='word_1_54' title='bbox 651 607 768 680; x_wconf 90' lang='lat' dir='ltr'><strong>penitus</strong></span> <span class='ocrx_word' id='word_1_55' title='bbox 794 623 840 662; x_wconf 92' lang='lat' dir='ltr'><strong>res</strong></span> <span class='ocrx_word' id='word_1_56' title='bbox 857 624 914 662; x_wconf 90' lang='lat' dir='ltr'><strong>non</strong></span> <span class='ocrx_word' id='word_1_57' title='bbox 934 608 984 663; x_wconf 92' lang='lat' dir='ltr'><strong>de·</strong></span> <span class='ocrx_word' id='word_1_58' title='bbox 1040 611 1172 665; x_wconf 90' lang='lat' dir='ltr'><strong>mentum</strong></span> <span class='ocrx_word' id='word_1_59' title='bbox 1193 609 1320 666; x_wconf 89' lang='lat' dir='ltr'><strong>nominis</strong></span> <span class='ocrx_word' id='word_1_60' title='bbox 1340 610 1414 673; x_wconf 90' lang='lat' dir='ltr'><strong>mei:</strong></span> <span class='ocrx_word' id='word_1_61' title='bbox 1428 611 1597 684; x_wconf 85' lang='lat' dir='ltr'><strong>vocavitque</strong></span> <span class='ocrx_word' id='word_1_62' title='bbox 1612 612 1731 668; x_wconf 89' lang='lat' dir='ltr'><strong>titulum</strong></span> <span class='ocrx_word' id='word_1_63' title='bbox 1744 611 1862 669; x_wconf 88' lang='lat' dir='ltr'><strong>namins</strong></span> 
     </span>
     <span class='ocr_line' id='line_1_5' title="bbox 158 694 1863 773; baseline 0.004 -22"><span class='ocrx_word' id='word_1_64' title='bbox 158 694 397 768; x_wconf 77' lang='lat' dir='ltr'><strong>prehenderetur.</strong></span> <span class='ocrx_word' id='word_1_65' title='bbox 423 697 497 753; x_wconf 90' lang='lat' dir='ltr'><strong>Puer</strong></span> <span class='ocrx_word' id='word_1_66' title='bbox 528 701 637 768; x_wconf 87' lang='lat' dir='ltr'><strong>autem,</strong></span> <span class='ocrx_word' id='word_1_67' title='bbox 672 695 722 769; x_wconf 89' lang='lat' dir='ltr'><strong>qui</strong></span> <span class='ocrx_word' id='word_1_68' title='bbox 757 712 817 754; x_wconf 88' lang='lat' dir='ltr'><strong>rem</strong></span> <span class='ocrx_word' id='word_1_69' title='bbox 847 695 985 752; x_wconf 84' lang='lat' dir='ltr'><strong>indicavit</strong></span> <span class='ocrx_word' id='word_1_70' title='bbox 1039 713 1103 766; x_wconf 86' lang='lat' dir='ltr'><strong>suo,</strong></span> <span class='ocrx_word' id='word_1_71' title='bbox 1124 701 1153 753; x_wconf 92' lang='lat' dir='ltr'><strong>et</strong></span> <span class='ocrx_word' id='word_1_72' title='bbox 1172 697 1316 770; x_wconf 88' lang='lat' dir='ltr'><strong>apellatur</strong></span> <span class='ocrx_word' id='word_1_73' title='bbox 1331 716 1436 756; x_wconf 91' lang='lat' dir='ltr'><strong>manus</strong></span> <span class='ocrx_word' id='word_1_74' title='bbox 1456 699 1603 768; x_wconf 72' lang='lat' dir='ltr'><strong>absalom,</strong></span> <span class='ocrx_word' id='word_1_75' title='bbox 1621 716 1714 773; x_wconf 90' lang='lat' dir='ltr'><strong>usque</strong></span> <span class='ocrx_word' id='word_1_76' title='bbox 1732 700 1762 756; x_wconf 93' lang='lat' dir='ltr'><strong>in</strong></span> <span class='ocrx_word' id='word_1_77' title='bbox 1782 699 1863 758; x_wconf 88' lang='lat' dir='ltr'><strong>hune</strong></span> 
     </span>
     <span class='ocr_line' id='line_1_6' title="bbox 159 783 1858 862; baseline 0.004 -22"><span class='ocrx_word' id='word_1_78' title='bbox 159 783 305 855; x_wconf 70' lang='lat' dir='ltr'><strong>absalom,</strong></span> <span class='ocrx_word' id='word_1_79' title='bbox 326 783 406 842; x_wconf 84' lang='lat' dir='ltr'><strong>illius</strong></span> <span class='ocrx_word' id='word_1_80' title='bbox 431 784 564 858; x_wconf 86' lang='lat' dir='ltr'><strong>ejusdem</strong></span> <span class='ocrx_word' id='word_1_81' title='bbox 588 784 699 841; x_wconf 81' lang='lat' dir='ltr'><strong>aneilla</strong></span> <span class='ocrx_word' id='word_1_82' title='bbox 724 783 863 856; x_wconf 87' lang='lat' dir='ltr'><strong>parvulae</strong></span> <span class='ocrx_word' id='word_1_83' title='bbox 878 783 986 841; x_wconf 89' lang='lat' dir='ltr'><strong>dicitnr</strong></span> <span class='ocrx_word' id='word_1_84' title='bbox 1039 784 1128 841; x_wconf 89' lang='lat' dir='ltr'><strong>diem.</strong></span> <span class='ocrx_word' id='word_1_85' title='bbox 1150 807 1164 837; x_wconf 91' lang='grc' dir='ltr'><strong>ιι</strong></span> <span class='ocrx_word' id='word_1_86' title='bbox 1187 786 1237 843; x_wconf 88' lang='lat' dir='ltr'><strong>llic</strong></span> <span class='ocrx_word' id='word_1_87' title='bbox 1256 786 1337 844; x_wconf 90' lang='lat' dir='ltr'><strong>loeus</strong></span> <span class='ocrx_word' id='word_1_88' title='bbox 1357 788 1501 861; x_wconf 81' lang='lat' dir='ltr'><strong>superiori</strong></span> <span class='ocrx_word' id='word_1_89' title='bbox 1521 787 1583 845; x_wconf 91' lang='lat' dir='ltr'><strong>loco</strong></span> <span class='ocrx_word' id='word_1_90' title='bbox 1603 788 1784 862; x_wconf 85' lang='lat' dir='ltr'><strong>copulandus</strong></span> <span class='ocrx_word' id='word_1_91' title='bbox 1803 792 1858 859; x_wconf 89' lang='lat' dir='ltr'><strong>est,</strong></span> 
     </span>
     <span class='ocr_line' id='line_1_7' title="bbox 160 873 1863 949; baseline 0.004 -21"><span class='ocrx_word' id='word_1_92' title='bbox 160 873 262 929; x_wconf 84' lang='lat' dir='ltr'><strong>luisse.</strong></span> <span class='ocrx_word' id='word_1_93' title='bbox 1040 875 1089 930; x_wconf 89' lang='lat' dir='ltr'><strong>ubi</strong></span> <span class='ocrx_word' id='word_1_94' title='bbox 1109 875 1215 932; x_wconf 91' lang='lat' dir='ltr'><strong>dicitur</strong></span> <span class='ocrx_word' id='word_1_95' title='bbox 1230 877 1315 949; x_wconf 85' lang='lat' dir='ltr'><strong>(Vera.</strong></span> <span class='ocrx_word' id='word_1_96' title='bbox 1336 877 1402 942; x_wconf 66' lang='lat' dir='ltr'><strong>lit:</strong></span> <span class='ocrx_word' id='word_1_97' title='bbox 1427 901 1437 928; x_wconf 83' lang='lat'><em>·</em></span> <span class='ocrx_word' id='word_1_98' title='bbox 1457 877 1538 933; x_wconf 80' lang='lat' dir='ltr'>Tulit</span> <span class='ocrx_word' id='word_1_99' title='bbox 1565 877 1637 935; x_wconf 84' lang='lat' dir='ltr'><strong>Joeb</strong></span> <span class='ocrx_word' id='word_1_100' title='bbox 1667 883 1726 934; x_wconf 89' lang='lat' dir='ltr'><strong>tres</strong></span> <span class='ocrx_word' id='word_1_101' title='bbox 1745 876 1863 935; x_wconf 85' lang='lat' dir='ltr'><strong>lanceas</strong></span> 
     </span>
     <span class='ocr_line' id='line_1_8' title="bbox 195 961 1862 1038; baseline 0.005 -22"><span class='ocrx_word' id='word_1_102' title='bbox 195 961 289 1033; x_wconf 86' lang='lat' dir='ltr'><strong>(Vera.</strong></span> <span class='ocrx_word' id='word_1_103' title='bbox 304 962 361 1031; x_wconf 85' lang='grc' dir='ltr'><strong><em>2ι).</em></strong></span> <span class='ocrx_word' id='word_1_104' title='bbox 379 984 393 1012; x_wconf 88' lang='grc' dir='ltr'><strong>ιι</strong></span> <span class='ocrx_word' id='word_1_105' title='bbox 408 962 534 1036; x_wconf 79' lang='lat' dir='ltr'><strong>surgite,</strong></span> <span class='ocrx_word' id='word_1_106' title='bbox 551 967 579 1019; x_wconf 90' lang='lat' dir='ltr'><strong>st</strong></span> <span class='ocrx_word' id='word_1_107' title='bbox 593 963 717 1020; x_wconf 86' lang='lat' dir='ltr'><strong>transite</strong></span> <span class='ocrx_word' id='word_1_108' title='bbox 740 962 798 1020; x_wconf 89' lang='lat' dir='ltr'><strong>cito</strong></span> <span class='ocrx_word' id='word_1_109' title='bbox 818 962 952 1019; x_wconf 80' lang='lat' dir='ltr'><strong>fluvium.</strong></span> <span class='ocrx_word' id='word_1_110' title='bbox 971 983 984 1010; x_wconf 89' lang='grc' dir='ltr'><strong>ιι</strong></span> <span class='ocrx_word' id='word_1_111' title='bbox 1039 963 1069 1019; x_wconf 92' lang='lat' dir='ltr'><strong>in</strong></span> <span class='ocrx_word' id='word_1_112' title='bbox 1083 980 1171 1020; x_wconf 89' lang='lat' dir='ltr'><strong>manu</strong></span> <span class='ocrx_word' id='word_1_113' title='bbox 1188 981 1252 1033; x_wconf 90' lang='lat' dir='ltr'><strong>sua,</strong></span> <span class='ocrx_word' id='word_1_114' title='bbox 1268 970 1297 1022; x_wconf 90' lang='lat' dir='ltr'><strong>et</strong></span> <span class='ocrx_word' id='word_1_115' title='bbox 1314 964 1409 1021; x_wconf 85' lang='lat' dir='ltr'><strong>iailxit</strong></span> <span class='ocrx_word' id='word_1_116' title='bbox 1423 982 1473 1023; x_wconf 89' lang='lat' dir='ltr'><strong>eas</strong></span> <span class='ocrx_word' id='word_1_117' title='bbox 1488 966 1517 1022; x_wconf 91' lang='lat' dir='ltr'><strong>in</strong></span> <span class='ocrx_word' id='word_1_118' title='bbox 1533 967 1619 1024; x_wconf 89' lang='lat' dir='ltr'><strong>corde</strong></span> <span class='ocrx_word' id='word_1_119' title='bbox 1634 965 1782 1038; x_wconf 69' lang='lat' dir='ltr'><strong>absalom,</strong></span> <span class='ocrx_word' id='word_1_120' title='bbox 1794 982 1862 1025; x_wconf 88' lang='lat' dir='ltr'><strong>eum</strong></span> 
     </span>
     <span class='ocr_line' id='line_1_9' title="bbox 158 1049 1861 1127; baseline 0.004 -20"><span class='ocrx_word' id='word_1_121' title='bbox 158 1051 269 1107; x_wconf 66' lang='lat' dir='ltr'><strong>Hebraei</strong></span> <span class='ocrx_word' id='word_1_122' title='bbox 291 1051 320 1106; x_wconf 94' lang='lat' dir='ltr'><strong>in</strong></span> <span class='ocrx_word' id='word_1_123' title='bbox 342 1051 397 1108; x_wconf 91' lang='lat' dir='ltr'><strong>hoo</strong></span> <span class='ocrx_word' id='word_1_124' title='bbox 419 1050 482 1108; x_wconf 90' lang='lat' dir='ltr'><strong>loco</strong></span> <span class='ocrx_word' id='word_1_125' title='bbox 505 1069 562 1107; x_wconf 91' lang='lat' dir='ltr'><strong>non</strong></span> <span class='ocrx_word' id='word_1_126' title='bbox 588 1052 721 1123; x_wconf 83' lang='lat' dir='ltr'><strong>fluvium,</strong></span> <span class='ocrx_word' id='word_1_127' title='bbox 746 1051 796 1108; x_wconf 86' lang='lat' dir='ltr'><strong>sed</strong></span> <span class='ocrx_word' id='word_1_128' title='bbox 819 1049 984 1124; x_wconf 80' lang='lat' dir='ltr'><strong>aquamba·</strong></span> <span class='ocrx_word' id='word_1_129' title='bbox 1039 1052 1135 1110; x_wconf 89' lang='lat' dir='ltr'><strong>adhuc</strong></span> <span class='ocrx_word' id='word_1_130' title='bbox 1154 1052 1309 1127; x_wconf 78' lang='lat' dir='ltr'><strong>palpitaret</strong></span> <span class='ocrx_word' id='word_1_131' title='bbox 1337 1053 1451 1110; x_wconf 83' lang='lat' dir='ltr'><strong>bareas</strong></span> <span class='ocrx_word' id='word_1_132' title='bbox 1488 1056 1621 1127; x_wconf 80' lang='lat' dir='ltr'><strong>quercui.</strong></span> <span class='ocrx_word' id='word_1_133' title='bbox 1642 1077 1656 1106; x_wconf 86' lang='grc' dir='ltr'><strong>ιι</strong></span> <span class='ocrx_word' id='word_1_134' title='bbox 1695 1055 1861 1113; x_wconf 76' lang='lat' dir='ltr'><strong>Hebraeus:</strong></span> 
     </span>
     <span class='ocr_line' id='line_1_10' title="bbox 157 1138 1864 1216; baseline 0.003 -21"><span class='ocrx_word' id='word_1_135' title='bbox 157 1138 237 1204; x_wconf 86' lang='lat' dir='ltr'><strong>beat,</strong></span> <span class='ocrx_word' id='word_1_136' title='bbox 254 1157 317 1212; x_wconf 84' lang='lat' dir='ltr'><strong>quae</strong></span> <span class='ocrx_word' id='word_1_137' title='bbox 331 1139 470 1197; x_wconf 74' lang='lat' dir='ltr'><strong>dardanis</strong></span> <span class='ocrx_word' id='word_1_138' title='bbox 485 1139 592 1196; x_wconf 89' lang='lat' dir='ltr'><strong>ssavius</strong></span> <span class='ocrx_word' id='word_1_139' title='bbox 608 1139 790 1214; x_wconf 77' lang='lat' dir='ltr'><strong>intelligitur.</strong></span> <span class='ocrx_word' id='word_1_140' title='bbox 1042 1165 1052 1192; x_wconf 87' lang='grc' dir='ltr'><strong>ι</strong></span> <span class='ocrx_word' id='word_1_141' title='bbox 1075 1140 1147 1198; x_wconf 86' lang='lat' dir='ltr'><strong>Cum</strong></span> <span class='ocrx_word' id='word_1_142' title='bbox 1167 1141 1262 1198; x_wconf 88' lang='lat' dir='ltr'><strong>adbuc</strong></span> <span class='ocrx_word' id='word_1_143' title='bbox 1281 1142 1389 1199; x_wconf 89' lang='lat' dir='ltr'><strong>viveret</strong></span> <span class='ocrx_word' id='word_1_144' title='bbox 1407 1142 1520 1199; x_wconf 79' lang='lat' dir='ltr'><strong>harene</strong></span> <span class='ocrx_word' id='word_1_145' title='bbox 1549 1143 1577 1198; x_wconf 91' lang='lat' dir='ltr'><strong>in</strong></span> <span class='ocrx_word' id='word_1_146' title='bbox 1598 1159 1742 1216; x_wconf 75' lang='lat' dir='ltr'><strong>quercu.»</strong></span> <span class='ocrx_word' id='word_1_147' title='bbox 1762 1145 1797 1200; x_wconf 77' lang='lat' dir='ltr'><strong>ut</strong></span> <span class='ocrx_word' id='word_1_148' title='bbox 1815 1143 1864 1200; x_wconf 87' lang='lat' dir='ltr'><strong>hie</strong></span> 
     </span>
     <span class='ocr_line' id='line_1_11' title="bbox 192 1227 1856 1304; baseline 0.002 -20"><span class='ocrx_word' id='word_1_149' title='bbox 192 1227 285 1296; x_wconf 90' lang='lat' dir='ltr'><strong>(Vers.</strong></span> <span class='ocrx_word' id='word_1_150' title='bbox 302 1229 358 1300; x_wconf 86' lang='grc' dir='ltr'><strong><em>2ι).</em></strong></span> <span class='ocrx_word' id='word_1_151' title='bbox 375 1252 389 1279; x_wconf 88' lang='grc' dir='ltr'><strong>ιι</strong></span> <span class='ocrx_word' id='word_1_152' title='bbox 408 1228 497 1286; x_wconf 81' lang='lat' dir='ltr'><strong>navia</strong></span> <span class='ocrx_word' id='word_1_153' title='bbox 514 1232 612 1286; x_wconf 86' lang='lat' dir='ltr'><strong>autem</strong></span> <span class='ocrx_word' id='word_1_154' title='bbox 626 1228 704 1285; x_wconf 86' lang='lat' dir='ltr'><strong>venit</strong></span> <span class='ocrx_word' id='word_1_155' title='bbox 719 1231 749 1286; x_wconf 93' lang='lat' dir='ltr'><strong>in</strong></span> <span class='ocrx_word' id='word_1_156' title='bbox 770 1233 877 1299; x_wconf 91' lang='lat' dir='ltr'><strong>castra,</strong></span> <span class='ocrx_word' id='word_1_157' title='bbox 895 1247 984 1302; x_wconf 75' lang='lat' dir='ltr'><strong>»qua</strong></span> <span class='ocrx_word' id='word_1_158' title='bbox 1035 1230 1221 1304; x_wconf 83' lang='lat' dir='ltr'><strong>jungendum</strong></span> <span class='ocrx_word' id='word_1_159' title='bbox 1238 1235 1301 1288; x_wconf 92' lang='lat' dir='ltr'><strong>est:</strong></span> <span class='ocrx_word' id='word_1_160' title='bbox 1324 1253 1337 1282; x_wconf 89' lang='grc' dir='ltr'><strong>ιι</strong></span> <span class='ocrx_word' id='word_1_161' title='bbox 1359 1230 1446 1287; x_wconf 86' lang='grc' dir='ltr'><strong><em>Ροιιο</em></strong></span> <span class='ocrx_word' id='word_1_162' title='bbox 1469 1231 1607 1288; x_wconf 70' lang='lat' dir='ltr'><strong>absalom</strong></span> <span class='ocrx_word' id='word_1_163' title='bbox 1632 1236 1762 1289; x_wconf 83' lang='lat' dir='ltr'><strong>erexerat</strong></span> <span class='ocrx_word' id='word_1_164' title='bbox 1788 1231 1856 1302; x_wconf 91' lang='lat' dir='ltr'><strong>sibi,</strong></span> 
     </span>
     <span class='ocr_line' id='line_1_12' title="bbox 158 1315 1863 1394; baseline 0.001 -22"><span class='ocrx_word' id='word_1_165' title='bbox 158 1318 279 1374; x_wconf 85' lang='grc' dir='ltr'><strong><em>ιιιιιιιιιιιι</em></strong></span> <span class='ocrx_word' id='word_1_166' title='bbox 297 1317 434 1374; x_wconf 87' lang='lat' dir='ltr'><strong>tlebraiee</strong></span> <span class='ocrx_word' id='word_1_167' title='bbox 448 1315 606 1391; x_wconf 86' lang='lat' dir='ltr'><strong>leguntur:</strong></span> <span class='ocrx_word' id='word_1_168' title='bbox 623 1318 653 1375; x_wconf 89' lang='lat' dir='ltr'><strong>in</strong></span> <span class='ocrx_word' id='word_1_169' title='bbox 667 1335 725 1392; x_wconf 91' lang='lat' dir='ltr'><strong>quo</strong></span> <span class='ocrx_word' id='word_1_170' title='bbox 742 1318 804 1375; x_wconf 91' lang='lat' dir='ltr'><strong>loco</strong></span> <span class='ocrx_word' id='word_1_171' title='bbox 823 1318 901 1374; x_wconf 86' lang='lat' dir='ltr'><strong>obvii</strong></span> <span class='ocrx_word' id='word_1_172' title='bbox 922 1319 983 1376; x_wconf 86' lang='lat' dir='ltr'><strong>lue·</strong></span> <span class='ocrx_word' id='word_1_173' title='bbox 1039 1334 1106 1374; x_wconf 90' lang='lat' dir='ltr'><strong>cum</strong></span> <span class='ocrx_word' id='word_1_174' title='bbox 1121 1317 1218 1375; x_wconf 90' lang='lat' dir='ltr'><strong>adbuc</strong></span> <span class='ocrx_word' id='word_1_175' title='bbox 1233 1320 1349 1387; x_wconf 89' lang='lat' dir='ltr'><strong>viveret,</strong></span> <span class='ocrx_word' id='word_1_176' title='bbox 1365 1319 1485 1377; x_wconf 91' lang='lat' dir='ltr'><strong>titulum</strong></span> <span class='ocrx_word' id='word_1_177' title='bbox 1500 1320 1550 1392; x_wconf 93' lang='lat' dir='ltr'><strong>qui</strong></span> <span class='ocrx_word' id='word_1_178' title='bbox 1564 1325 1610 1376; x_wconf 89' lang='lat' dir='ltr'><strong>est</strong></span> <span class='ocrx_word' id='word_1_179' title='bbox 1625 1320 1735 1377; x_wconf 90' lang='lat' dir='ltr'><strong>invalte</strong></span> <span class='ocrx_word' id='word_1_180' title='bbox 1745 1321 1836 1394; x_wconf 80' lang='lat' dir='ltr'><strong>regis,</strong></span> <span class='ocrx_word' id='word_1_181' title='bbox 1848 1340 1863 1371; x_wconf 92' lang='grc' dir='ltr'><strong>ιι</strong></span> 
     </span>
     <span class='ocr_line' id='line_1_13' title="bbox 159 1405 1865 1482; baseline 0.003 -21"><span class='ocrx_word' id='word_1_182' title='bbox 159 1410 227 1463; x_wconf 91' lang='lat' dir='ltr'><strong>runt</strong></span> <span class='ocrx_word' id='word_1_183' title='bbox 251 1405 348 1479; x_wconf 81' lang='lat' dir='ltr'><strong>angeli</strong></span> <span class='ocrx_word' id='word_1_184' title='bbox 372 1405 423 1463; x_wconf 86' lang='lat' dir='ltr'><strong>Dei</strong></span> <span class='ocrx_word' id='word_1_185' title='bbox 444 1406 546 1473; x_wconf 85' lang='lat' dir='ltr'><strong>Jacob,</strong></span> <span class='ocrx_word' id='word_1_186' title='bbox 572 1406 649 1464; x_wconf 89' lang='lat' dir='ltr'><strong>sicut</strong></span> <span class='ocrx_word' id='word_1_187' title='bbox 673 1407 704 1462; x_wconf 94' lang='lat' dir='ltr'><strong>in</strong></span> <span class='ocrx_word' id='word_1_188' title='bbox 728 1407 833 1466; x_wconf 85' lang='lat' dir='ltr'><strong>Genesi</strong></span> <span class='ocrx_word' id='word_1_189' title='bbox 856 1406 983 1482; x_wconf 85' lang='lat' dir='ltr'><strong>legitur:</strong></span> <span class='ocrx_word' id='word_1_190' title='bbox 1039 1409 1068 1463; x_wconf 89' lang='lat' dir='ltr'><strong>et</strong></span> <span class='ocrx_word' id='word_1_191' title='bbox 1090 1411 1194 1463; x_wconf 86' lang='lat' dir='ltr'><strong>eaetera</strong></span> <span class='ocrx_word' id='word_1_192' title='bbox 1222 1425 1285 1480; x_wconf 82' lang='lat' dir='ltr'><strong>qua</strong></span> <span class='ocrx_word' id='word_1_193' title='bbox 1305 1414 1480 1480; x_wconf 88' lang='lat' dir='ltr'><strong>sequuntur.</strong></span> <span class='ocrx_word' id='word_1_194' title='bbox 1497 1409 1629 1465; x_wconf 84' lang='lat' dir='ltr'><strong>Tradunt</strong></span> <span class='ocrx_word' id='word_1_195' title='bbox 1659 1409 1770 1478; x_wconf 82' lang='lat' dir='ltr'><strong>Hebrai</strong></span> <span class='ocrx_word' id='word_1_196' title='bbox 1786 1409 1865 1482; x_wconf 87' lang='lat' dir='ltr'><strong>quod</strong></span> 
     </span>
     <span class='ocr_line' id='line_1_14' title="bbox 158 1494 1865 1571; baseline 0.005 -25"><span class='ocrx_word' id='word_1_197' title='bbox 158 1517 173 1546; x_wconf 92' lang='grc' dir='ltr'><strong>ιι</strong></span> <span class='ocrx_word' id='word_1_198' title='bbox 190 1494 350 1552; x_wconf 72' lang='lat' dir='ltr'><strong>sevocavit</strong></span> <span class='ocrx_word' id='word_1_199' title='bbox 365 1495 455 1552; x_wconf 86' lang='lat' dir='ltr'><strong>Jacob</strong></span> <span class='ocrx_word' id='word_1_200' title='bbox 471 1512 577 1553; x_wconf 91' lang='lat' dir='ltr'><strong>nomen</strong></span> <span class='ocrx_word' id='word_1_201' title='bbox 597 1494 653 1552; x_wconf 89' lang='lat' dir='ltr'><strong>loci</strong></span> <span class='ocrx_word' id='word_1_202' title='bbox 664 1495 803 1564; x_wconf 89' lang='lat' dir='ltr'><strong>Manaim,</strong></span> <span class='ocrx_word' id='word_1_203' title='bbox 824 1495 852 1552; x_wconf 93' lang='lat' dir='ltr'><strong>id</strong></span> <span class='ocrx_word' id='word_1_204' title='bbox 873 1502 918 1553; x_wconf 88' lang='lat' dir='ltr'><strong>eet</strong></span> <span class='ocrx_word' id='word_1_205' title='bbox 936 1513 984 1554; x_wconf 92' lang='lat' dir='ltr'><strong>ca·</strong></span> <span class='ocrx_word' id='word_1_206' title='bbox 1039 1494 1189 1568; x_wconf 84' lang='lat' dir='ltr'><strong>depositae</strong></span> <span class='ocrx_word' id='word_1_207' title='bbox 1200 1496 1356 1569; x_wconf 90' lang='lat' dir='ltr'><strong>dequereu</strong></span> <span class='ocrx_word' id='word_1_208' title='bbox 1370 1496 1865 1571; x_wconf 88' lang='lat' dir='ltr'><strong>petieritsibiinduciasantequam</strong></span> 
     </span>
     <span class='ocr_line' id='line_1_15' title="bbox 159 1582 1865 1656; baseline 0.002 -15"><span class='ocrx_word' id='word_1_209' title='bbox 159 1587 220 1641; x_wconf 86' lang='lat' dir='ltr'><strong>stra</strong></span> <span class='ocrx_word' id='word_1_210' title='bbox 239 1605 253 1634; x_wconf 88' lang='grc' dir='ltr'><strong>ιι</strong></span> <span class='ocrx_word' id='word_1_211' title='bbox 274 1585 354 1652; x_wconf 82' lang='lat' dir='ltr'><strong>(Gen.</strong></span> <span class='ocrx_word' id='word_1_212' title='bbox 374 1601 463 1656; x_wconf 77' lang='lat' dir='ltr'><strong>anxir,</strong></span> <span class='ocrx_word' id='word_1_213' title='bbox 482 1584 522 1655; x_wconf 89' lang='grc'><strong>2).</strong></span> <span class='ocrx_word' id='word_1_214' title='bbox 1038 1582 1241 1656; x_wconf 84' lang='lat' dir='ltr'><strong>perimeretur,</strong></span> <span class='ocrx_word' id='word_1_215' title='bbox 1257 1588 1290 1640; x_wconf 90' lang='lat' dir='ltr'><strong>ut</strong></span> <span class='ocrx_word' id='word_1_216' title='bbox 1305 1586 1412 1642; x_wconf 85' lang='lat' dir='ltr'><strong>taceret</strong></span> <span class='ocrx_word' id='word_1_217' title='bbox 1427 1584 1483 1641; x_wconf 89' lang='lat' dir='ltr'><strong>eibi</strong></span> <span class='ocrx_word' id='word_1_218' title='bbox 1499 1584 1618 1641; x_wconf 90' lang='lat' dir='ltr'><strong>titulum</strong></span> <span class='ocrx_word' id='word_1_219' title='bbox 1633 1585 1670 1642; x_wconf 91' lang='lat' dir='ltr'><strong>ob</strong></span> <span class='ocrx_word' id='word_1_220' title='bbox 1690 1585 1865 1644; x_wconf 88' lang='lat' dir='ltr'><strong>memoriam</strong></span> 
     </span>
     <span class='ocr_line' id='line_1_16' title="bbox 194 1671 1866 1746; baseline 0.004 -21"><span class='ocrx_word' id='word_1_221' title='bbox 194 1671 288 1745; x_wconf 86' lang='lat' dir='ltr'><strong>(Vere.</strong></span> <span class='ocrx_word' id='word_1_222' title='bbox 308 1673 366 1739; x_wconf 89' lang='grc'>25.)</span> <span class='ocrx_word' id='word_1_223' title='bbox 387 1693 401 1722; x_wconf 88' lang='grc' dir='ltr'><strong>ιι</strong></span> <span class='ocrx_word' id='word_1_224' title='bbox 422 1678 531 1729; x_wconf 80' lang='lat' dir='ltr'><strong>Amase</strong></span> <span class='ocrx_word' id='word_1_225' title='bbox 550 1677 649 1729; x_wconf 90' lang='lat' dir='ltr'><strong>autem</strong></span> <span class='ocrx_word' id='word_1_226' title='bbox 669 1677 731 1730; x_wconf 90' lang='lat' dir='ltr'><strong>erat</strong></span> <span class='ocrx_word' id='word_1_227' title='bbox 752 1672 830 1730; x_wconf 83' lang='lat' dir='ltr'><strong>filius</strong></span> <span class='ocrx_word' id='word_1_228' title='bbox 850 1672 915 1742; x_wconf 91' lang='lat' dir='ltr'><strong>viri,</strong></span> <span class='ocrx_word' id='word_1_229' title='bbox 933 1673 983 1746; x_wconf 88' lang='lat' dir='ltr'><strong>qui</strong></span> <span class='ocrx_word' id='word_1_230' title='bbox 1038 1671 1096 1738; x_wconf 85' lang='lat' dir='ltr'><strong>sui,</strong></span> <span class='ocrx_word' id='word_1_231' title='bbox 1113 1687 1146 1727; x_wconf 92' lang='lat' dir='ltr'><strong>eo</strong></span> <span class='ocrx_word' id='word_1_232' title='bbox 1162 1672 1240 1743; x_wconf 88' lang='lat' dir='ltr'><strong>quod</strong></span> <span class='ocrx_word' id='word_1_233' title='bbox 1256 1688 1313 1728; x_wconf 93' lang='lat' dir='ltr'><strong>non</strong></span> <span class='ocrx_word' id='word_1_234' title='bbox 1328 1672 1449 1730; x_wconf 88' lang='lat' dir='ltr'><strong>haberet</strong></span> <span class='ocrx_word' id='word_1_235' title='bbox 1465 1672 1558 1729; x_wconf 85' lang='lat' dir='ltr'><strong>illium</strong></span> <span class='ocrx_word' id='word_1_236' title='bbox 1583 1672 1684 1742; x_wconf 89' lang='lat' dir='ltr'><strong>talem,</strong></span> <span class='ocrx_word' id='word_1_237' title='bbox 1710 1673 1761 1746; x_wconf 92' lang='lat' dir='ltr'><strong>qui</strong></span> <span class='ocrx_word' id='word_1_238' title='bbox 1776 1689 1866 1746; x_wconf 79' lang='lat' dir='ltr'><strong>regno</strong></span> 
     </span>
     <span class='ocr_line' id='line_1_17' title="bbox 159 1758 1862 1862; baseline 0.001 -45"><span class='ocrx_word' id='word_1_239' title='bbox 159 1760 319 1817; x_wconf 86' lang='lat' dir='ltr'><strong>vocabatur</strong></span> <span class='ocrx_word' id='word_1_240' title='bbox 332 1758 434 1817; x_wconf 85' lang='lat' dir='ltr'><strong>Jethra</strong></span> <span class='ocrx_word' id='word_1_241' title='bbox 453 1761 489 1816; x_wconf 91' lang='lat' dir='ltr'><strong>de</strong></span> <span class='ocrx_word' id='word_1_242' title='bbox 507 1759 642 1818; x_wconf 79' lang='lat' dir='ltr'><strong>iezraele.</strong></span> <span class='ocrx_word' id='word_1_243' title='bbox 665 1783 680 1811; x_wconf 87' lang='grc' dir='ltr'><strong>ιι</strong></span> <span class='ocrx_word' id='word_1_244' title='bbox 701 1762 732 1817; x_wconf 92' lang='lat' dir='ltr'><strong>In</strong></span> <span class='ocrx_word' id='word_1_245' title='bbox 756 1759 896 1817; x_wconf 83' lang='lat' dir='ltr'><strong>Hebraico</strong></span> <span class='ocrx_word' id='word_1_246' title='bbox 916 1759 984 1834; x_wconf 80' lang='lat' dir='ltr'><strong>legl-</strong></span> <span class='ocrx_word' id='word_1_247' title='bbox 999 1797 1023 1862; x_wconf 74' lang='lat' dir='ltr'><strong>B</strong></span> <span class='ocrx_word' id='word_1_248' title='bbox 1038 1759 1146 1832; x_wconf 79' lang='lat' dir='ltr'><strong>dignus</strong></span> <span class='ocrx_word' id='word_1_249' title='bbox 1161 1763 1248 1816; x_wconf 85' lang='lat' dir='ltr'><strong>esset.</strong></span> <span class='ocrx_word' id='word_1_250' title='bbox 1269 1761 1393 1817; x_wconf 85' lang='lat' dir='ltr'><strong>Putabat</strong></span> <span class='ocrx_word' id='word_1_251' title='bbox 1407 1761 1486 1818; x_wconf 89' lang='lat' dir='ltr'><strong>enim</strong></span> <span class='ocrx_word' id='word_1_252' title='bbox 1503 1761 1579 1818; x_wconf 84' lang='lat' dir='ltr'><strong>illios</strong></span> <span class='ocrx_word' id='word_1_253' title='bbox 1598 1778 1668 1818; x_wconf 90' lang='lat' dir='ltr'><strong>suns</strong></span> <span class='ocrx_word' id='word_1_254' title='bbox 1691 1778 1749 1818; x_wconf 91' lang='lat' dir='ltr'><strong>non</strong></span> <span class='ocrx_word' id='word_1_255' title='bbox 1765 1760 1862 1818; x_wconf 90' lang='lat' dir='ltr'><strong>sulum</strong></span> 
     </span>
     <span class='ocr_line' id='line_1_18' title="bbox 159 1847 1864 1922; baseline 0 -16"><span class='ocrx_word' id='word_1_256' title='bbox 159 1849 224 1906; x_wconf 89' lang='lat' dir='ltr'><strong>lur:</strong></span> <span class='ocrx_word' id='word_1_257' title='bbox 238 1848 332 1906; x_wconf 78' lang='lat' dir='ltr'><strong>lettre</strong></span> <span class='ocrx_word' id='word_1_258' title='bbox 350 1848 508 1906; x_wconf 78' lang='lat' dir='ltr'><strong>ismaelites.</strong></span> <span class='ocrx_word' id='word_1_259' title='bbox 534 1848 615 1905; x_wconf 89' lang='lat' dir='ltr'><strong>Uada</strong></span> <span class='ocrx_word' id='word_1_260' title='bbox 642 1853 673 1906; x_wconf 91' lang='lat' dir='ltr'><strong>et</strong></span> <span class='ocrx_word' id='word_1_261' title='bbox 690 1849 720 1904; x_wconf 89' lang='lat' dir='ltr'><strong>ia</strong></span> <span class='ocrx_word' id='word_1_262' title='bbox 740 1849 983 1922; x_wconf 84' lang='lat' dir='ltr'><strong>Paralipomenon</strong></span> <span class='ocrx_word' id='word_1_263' title='bbox 1040 1865 1128 1920; x_wconf 85' lang='lat' dir='ltr'><strong>regno</strong></span> <span class='ocrx_word' id='word_1_264' title='bbox 1143 1847 1290 1921; x_wconf 83' lang='lat' dir='ltr'><strong>indignos,</strong></span> <span class='ocrx_word' id='word_1_265' title='bbox 1313 1865 1414 1905; x_wconf 90' lang='lat' dir='ltr'><strong>verum</strong></span> <span class='ocrx_word' id='word_1_266' title='bbox 1439 1850 1526 1906; x_wconf 90' lang='lat' dir='ltr'><strong>etiam</strong></span> <span class='ocrx_word' id='word_1_267' title='bbox 1551 1850 1586 1905; x_wconf 92' lang='lat' dir='ltr'><strong>nb</strong></span> <span class='ocrx_word' id='word_1_268' title='bbox 1609 1854 1864 1922; x_wconf 82' lang='lat' dir='ltr'><strong>peccatumsuam</strong></span> 
     </span>
     <span class='ocr_line' id='line_1_19' title="bbox 159 1937 1863 2012; baseline 0 -17"><span class='ocrx_word' id='word_1_269' title='bbox 159 1940 200 1996; x_wconf 84' lang='lat' dir='ltr'><strong>ita</strong></span> <span class='ocrx_word' id='word_1_270' title='bbox 216 1938 341 2012; x_wconf 83' lang='lat' dir='ltr'><strong>legitur:</strong></span> <span class='ocrx_word' id='word_1_271' title='bbox 358 1963 371 1988; x_wconf 88' lang='grc' dir='ltr'><strong>ιι</strong></span> <span class='ocrx_word' id='word_1_272' title='bbox 389 1937 500 2012; x_wconf 69' lang='lat' dir='ltr'><strong>abigail</strong></span> <span class='ocrx_word' id='word_1_273' title='bbox 517 1942 616 1994; x_wconf 89' lang='lat' dir='ltr'><strong>autem</strong></span> <span class='ocrx_word' id='word_1_274' title='bbox 635 1939 738 2011; x_wconf 89' lang='lat' dir='ltr'><strong>genuit</strong></span> <span class='ocrx_word' id='word_1_275' title='bbox 757 1945 878 2007; x_wconf 74' lang='lat' dir='ltr'><strong>amasa,</strong></span> <span class='ocrx_word' id='word_1_276' title='bbox 899 1939 985 2010; x_wconf 89' lang='lat' dir='ltr'><strong>cujus</strong></span> <span class='ocrx_word' id='word_1_277' title='bbox 1039 1938 1116 2010; x_wconf 91' lang='lat' dir='ltr'><strong>qaod</strong></span> <span class='ocrx_word' id='word_1_278' title='bbox 1132 1937 1162 1992; x_wconf 94' lang='lat' dir='ltr'><strong>in</strong></span> <span class='ocrx_word' id='word_1_279' title='bbox 1179 1940 1291 2010; x_wconf 90' lang='lat' dir='ltr'><strong>patrem</strong></span> <span class='ocrx_word' id='word_1_280' title='bbox 1316 1944 1457 2011; x_wconf 77' lang='lat' dir='ltr'><strong>gesserat,</strong></span> <span class='ocrx_word' id='word_1_281' title='bbox 1484 1938 1616 2010; x_wconf 76' lang='lat' dir='ltr'><strong>prasenti</strong></span> <span class='ocrx_word' id='word_1_282' title='bbox 1639 1939 1699 1995; x_wconf 87' lang='lat' dir='ltr'><strong>vita</strong></span> <span class='ocrx_word' id='word_1_283' title='bbox 1714 1938 1863 2012; x_wconf 80' lang='lat' dir='ltr'><strong>indignos.</strong></span> 
     </span>
     <span class='ocr_line' id='line_1_20' title="bbox 159 2025 1864 2104; baseline -0.001 -19"><span class='ocrx_word' id='word_1_284' title='bbox 159 2033 241 2104; x_wconf 88' lang='lat' dir='ltr'><strong>pater</strong></span> <span class='ocrx_word' id='word_1_285' title='bbox 255 2027 310 2084; x_wconf 90' lang='lat' dir='ltr'><strong>luit</strong></span> <span class='ocrx_word' id='word_1_286' title='bbox 338 2027 439 2086; x_wconf 84' lang='lat' dir='ltr'><strong>Jetber</strong></span> <span class='ocrx_word' id='word_1_287' title='bbox 468 2026 628 2084; x_wconf 86' lang='lat' dir='ltr'><strong>ismaelites</strong></span> <span class='ocrx_word' id='word_1_288' title='bbox 658 2028 681 2100; x_wconf 85' lang='lat'><strong>(1</strong></span> <span class='ocrx_word' id='word_1_289' title='bbox 709 2027 806 2084; x_wconf 85' lang='lat' dir='ltr'><strong>Paret.</strong></span> <span class='ocrx_word' id='word_1_290' title='bbox 836 2043 867 2099; x_wconf 94' lang='grc' dir='ltr'><strong>ιι,</strong></span> <span class='ocrx_word' id='word_1_291' title='bbox 898 2027 952 2096; x_wconf 86' lang='grc'>17).</span> <span class='ocrx_word' id='word_1_292' title='bbox 969 2049 984 2077; x_wconf 87' lang='grc' dir='ltr'><strong>ιι</strong></span> <span class='ocrx_word' id='word_1_293' title='bbox 1040 2025 1504 2099; x_wconf 87' lang='lat' dir='ltr'><strong>laquetitulomanumdicitur</strong></span> <span class='ocrx_word' id='word_1_294' title='bbox 1526 2026 1671 2098; x_wconf 82' lang='lat' dir='ltr'><strong>delinisse,</strong></span> <span class='ocrx_word' id='word_1_295' title='bbox 1697 2027 1864 2102; x_wconf 79' lang='lat' dir='ltr'><strong>etllguram</strong></span> 
     </span>
     <span class='ocr_line' id='line_1_21' title="bbox 160 2114 1863 2188; baseline -0.001 -14"><span class='ocrx_word' id='word_1_296' title='bbox 160 2116 418 2174; x_wconf 85' lang='lat' dir='ltr'><strong>lsrnaelitasenim</strong></span> <span class='ocrx_word' id='word_1_297' title='bbox 438 2116 516 2173; x_wconf 90' lang='lat' dir='ltr'><strong>idem</strong></span> <span class='ocrx_word' id='word_1_298' title='bbox 547 2115 798 2187; x_wconf 86' lang='lat' dir='ltr'><strong>Jethervoeatur,</strong></span> <span class='ocrx_word' id='word_1_299' title='bbox 819 2115 888 2188; x_wconf 89' lang='lat' dir='ltr'><strong>quia</strong></span> <span class='ocrx_word' id='word_1_300' title='bbox 908 2115 986 2172; x_wconf 84' lang='lat' dir='ltr'><strong>filius</strong></span> <span class='ocrx_word' id='word_1_301' title='bbox 1040 2131 1145 2171; x_wconf 91' lang='lat' dir='ltr'><strong>manue</strong></span> <span class='ocrx_word' id='word_1_302' title='bbox 1170 2132 1230 2170; x_wconf 79' lang='lat' dir='ltr'><strong>sua</strong></span> <span class='ocrx_word' id='word_1_303' title='bbox 1253 2115 1442 2186; x_wconf 86' lang='lat' dir='ltr'><strong>expressisse,</strong></span> <span class='ocrx_word' id='word_1_304' title='bbox 1468 2122 1496 2171; x_wconf 92' lang='lat' dir='ltr'><strong>et</strong></span> <span class='ocrx_word' id='word_1_305' title='bbox 1518 2115 1554 2171; x_wconf 91' lang='lat' dir='ltr'><strong>ob</strong></span> <span class='ocrx_word' id='word_1_306' title='bbox 1579 2114 1632 2170; x_wconf 88' lang='lat' dir='ltr'><strong>hon</strong></span> <span class='ocrx_word' id='word_1_307' title='bbox 1665 2115 1783 2172; x_wconf 89' lang='lat' dir='ltr'><strong>titulum</strong></span> <span class='ocrx_word' id='word_1_308' title='bbox 1807 2116 1863 2173; x_wconf 87' lang='lat' dir='ltr'><strong>hoc</strong></span> 
     </span>
     <span class='ocr_line' id='line_1_22' title="bbox 158 2201 1863 2279; baseline -0.001 -17"><span class='ocrx_word' id='word_1_309' title='bbox 158 2209 223 2279; x_wconf 87' lang='lat' dir='ltr'><strong>ejus</strong></span> <span class='ocrx_word' id='word_1_310' title='bbox 243 2207 360 2273; x_wconf 83' lang='lat' dir='ltr'><strong>Arcaea,</strong></span> <span class='ocrx_word' id='word_1_311' title='bbox 372 2204 602 2279; x_wconf 87' lang='lat' dir='ltr'><strong>operalsmaelie</strong></span> <span class='ocrx_word' id='word_1_312' title='bbox 613 2204 758 2273; x_wconf 88' lang='lat' dir='ltr'><strong>imitatus,</strong></span> <span class='ocrx_word' id='word_1_313' title='bbox 771 2203 861 2261; x_wconf 86' lang='lat' dir='ltr'><strong>David</strong></span> <span class='ocrx_word' id='word_1_314' title='bbox 873 2203 986 2278; x_wconf 80' lang='lat' dir='ltr'><strong>lugien-</strong></span> <span class='ocrx_word' id='word_1_315' title='bbox 1040 2204 1127 2260; x_wconf 90' lang='lat' dir='ltr'><strong>modo</strong></span> <span class='ocrx_word' id='word_1_316' title='bbox 1142 2203 1256 2260; x_wconf 89' lang='lat' dir='ltr'><strong>vocari:</strong></span> <span class='ocrx_word' id='word_1_317' title='bbox 1273 2225 1287 2253; x_wconf 88' lang='grc' dir='ltr'><strong>ιι</strong></span> <span class='ocrx_word' id='word_1_318' title='bbox 1312 2203 1489 2276; x_wconf 87' lang='lat' dir='ltr'><strong>Vocavitqne</strong></span> <span class='ocrx_word' id='word_1_319' title='bbox 1513 2201 1633 2260; x_wconf 90' lang='lat' dir='ltr'><strong>titulum</strong></span> <span class='ocrx_word' id='word_1_320' title='bbox 1661 2203 1780 2261; x_wconf 89' lang='lat' dir='ltr'><strong>nomine</strong></span> <span class='ocrx_word' id='word_1_321' title='bbox 1794 2219 1863 2273; x_wconf 88' lang='lat' dir='ltr'><strong>sao,</strong></span> 
     </span>
     <span class='ocr_line' id='line_1_23' title="bbox 158 2290 1861 2368; baseline -0.002 -15"><span class='ocrx_word' id='word_1_322' title='bbox 158 2302 217 2354; x_wconf 90' lang='lat' dir='ltr'><strong>tem</strong></span> <span class='ocrx_word' id='word_1_323' title='bbox 238 2311 424 2368; x_wconf 89' lang='lat' dir='ltr'><strong>nequaquam</strong></span> <span class='ocrx_word' id='word_1_324' title='bbox 454 2297 499 2350; x_wconf 90' lang='lat' dir='ltr'><strong>est</strong></span> <span class='ocrx_word' id='word_1_325' title='bbox 527 2293 683 2351; x_wconf 88' lang='lat' dir='ltr'><strong>comitatus</strong></span> <span class='ocrx_word' id='word_1_326' title='bbox 709 2294 756 2350; x_wconf 90' lang='lat' dir='ltr'><strong>eui</strong></span> <span class='ocrx_word' id='word_1_327' title='bbox 785 2293 918 2350; x_wconf 76' lang='lat' dir='ltr'><strong>dixerat:</strong></span> <span class='ocrx_word' id='word_1_328' title='bbox 937 2293 986 2350; x_wconf 83' lang='lat' dir='ltr'><strong>Tei</strong></span> <span class='ocrx_word' id='word_1_329' title='bbox 1040 2297 1068 2348; x_wconf 88' lang='lat' dir='ltr'><strong>et</strong></span> <span class='ocrx_word' id='word_1_330' title='bbox 1099 2290 1264 2365; x_wconf 90' lang='lat' dir='ltr'><strong>appellatur</strong></span> <span class='ocrx_word' id='word_1_331' title='bbox 1300 2309 1406 2348; x_wconf 89' lang='lat' dir='ltr'><strong>manus</strong></span> <span class='ocrx_word' id='word_1_332' title='bbox 1443 2291 1592 2354; x_wconf 73' lang='lat' dir='ltr'><strong>absalom.</strong></span> <span class='ocrx_word' id='word_1_333' title='bbox 1614 2292 1757 2364; x_wconf 88' lang='lat' dir='ltr'><strong>usquein</strong></span> <span class='ocrx_word' id='word_1_334' title='bbox 1780 2291 1861 2350; x_wconf 88' lang='lat' dir='ltr'><strong>huno</strong></span> 
     </span>
     <span class='ocr_line' id='line_1_24' title="bbox 158 2379 1866 2455; baseline -0.002 -13"><span class='ocrx_word' id='word_1_335' title='bbox 158 2399 300 2453; x_wconf 63' lang='lat' dir='ltr'><strong>scineae</strong></span> <span class='ocrx_word' id='word_1_336' title='bbox 330 2382 428 2452; x_wconf 86' lang='lat' dir='ltr'><strong>David,</strong></span> <span class='ocrx_word' id='word_1_337' title='bbox 458 2389 485 2440; x_wconf 85' lang='lat' dir='ltr'><strong>et</strong></span> <span class='ocrx_word' id='word_1_338' title='bbox 514 2387 603 2440; x_wconf 84' lang='lat' dir='ltr'><strong>tecvm</strong></span> <span class='ocrx_word' id='word_1_339' title='bbox 621 2383 676 2454; x_wconf 82' lang='lat' dir='ltr'><strong>filii</strong></span> <span class='ocrx_word' id='word_1_340' title='bbox 703 2384 758 2438; x_wconf 79' lang='lat' dir='ltr'><strong>lani</strong></span> <span class='ocrx_word' id='word_1_341' title='bbox 777 2383 801 2454; x_wconf 74' lang='lat' dir='ltr'><strong>(l</strong></span> <span class='ocrx_word' id='word_1_342' title='bbox 818 2382 912 2438; x_wconf 82' lang='lat' dir='ltr'><strong>Perat.</strong></span> <span class='ocrx_word' id='word_1_343' title='bbox 933 2398 984 2454; x_wconf 79' lang='lat' dir='ltr'><strong>xri,</strong></span> <span class='ocrx_word' id='word_1_344' title='bbox 1040 2380 1128 2438; x_wconf 91' lang='lat' dir='ltr'><strong>diem.</strong></span> <span class='ocrx_word' id='word_1_345' title='bbox 1144 2402 1158 2433; x_wconf 91' lang='grc' dir='ltr'><strong>ιι</strong></span> <span class='ocrx_word' id='word_1_346' title='bbox 1178 2380 1258 2444; x_wconf 82' lang='lat' dir='ltr'><strong>Quod</strong></span> <span class='ocrx_word' id='word_1_347' title='bbox 1279 2396 1345 2437; x_wconf 90' lang='lat' dir='ltr'><strong>vero</strong></span> <span class='ocrx_word' id='word_1_348' title='bbox 1374 2379 1480 2454; x_wconf 81' lang='lat' dir='ltr'><strong>legitur</strong></span> <span class='ocrx_word' id='word_1_349' title='bbox 1508 2383 1587 2454; x_wconf 82' lang='lat' dir='ltr'><strong>(nere.</strong></span> <span class='ocrx_word' id='word_1_350' title='bbox 1618 2381 1866 2455; x_wconf 82' lang='lat' dir='ltr'><strong>17):«1ltpre·</strong></span> 
     </span>
     <span class='ocr_line' id='line_1_25' title="bbox 161 2468 1862 2545; baseline -0.002 -16"><span class='ocrx_word' id='word_1_351' title='bbox 161 2476 215 2545; x_wconf 76' lang='lat'><strong>18).</strong></span> <span class='ocrx_word' id='word_1_352' title='bbox 234 2475 265 2530; x_wconf 92' lang='lat' dir='ltr'><strong>ln</strong></span> <span class='ocrx_word' id='word_1_353' title='bbox 280 2472 355 2529; x_wconf 90' lang='lat' dir='ltr'><strong>libro</strong></span> <span class='ocrx_word' id='word_1_354' title='bbox 370 2488 437 2529; x_wconf 91' lang='lat' dir='ltr'><strong>vero</strong></span> <span class='ocrx_word' id='word_1_355' title='bbox 451 2469 597 2528; x_wconf 86' lang='lat' dir='ltr'><strong>Samuelis</strong></span> <span class='ocrx_word' id='word_1_356' title='bbox 612 2471 720 2528; x_wconf 91' lang='lat' dir='ltr'><strong>ideireo</strong></span> <span class='ocrx_word' id='word_1_357' title='bbox 734 2471 836 2528; x_wconf 85' lang='lat' dir='ltr'><strong>letbra</strong></span> <span class='ocrx_word' id='word_1_358' title='bbox 850 2469 985 2528; x_wconf 81' lang='lat' dir='ltr'><strong>iezraeli·</strong></span> <span class='ocrx_word' id='word_1_359' title='bbox 1036 2471 1254 2542; x_wconf 82' lang='lat' dir='ltr'><strong>jecerunteum</strong></span> <span class='ocrx_word' id='word_1_360' title='bbox 1280 2468 1309 2524; x_wconf 91' lang='lat' dir='ltr'><strong>ln</strong></span> <span class='ocrx_word' id='word_1_361' title='bbox 1341 2468 1494 2526; x_wconf 89' lang='lat' dir='ltr'><strong>saltumin</strong></span> <span class='ocrx_word' id='word_1_362' title='bbox 1529 2468 1639 2525; x_wconf 87' lang='lat' dir='ltr'><strong>loveam</strong></span> <span class='ocrx_word' id='word_1_363' title='bbox 1659 2469 1811 2542; x_wconf 80' lang='lat' dir='ltr'><strong>grandom,</strong></span> <span class='ocrx_word' id='word_1_364' title='bbox 1831 2473 1862 2527; x_wconf 89' lang='lat' dir='ltr'><strong>et</strong></span> 
     </span>
     <span class='ocr_line' id='line_1_26' title="bbox 160 2556 1863 2634; baseline -0.002 -16"><span class='ocrx_word' id='word_1_365' title='bbox 160 2568 203 2618; x_wconf 90' lang='lat' dir='ltr'><strong>tes</strong></span> <span class='ocrx_word' id='word_1_366' title='bbox 219 2565 347 2631; x_wconf 88' lang='lat' dir='ltr'><strong>vocatur,</strong></span> <span class='ocrx_word' id='word_1_367' title='bbox 364 2563 434 2634; x_wconf 89' lang='lat' dir='ltr'><strong>quia</strong></span> <span class='ocrx_word' id='word_1_368' title='bbox 449 2565 599 2633; x_wconf 86' lang='lat' dir='ltr'><strong>peceatum</strong></span> <span class='ocrx_word' id='word_1_369' title='bbox 618 2565 730 2616; x_wconf 70' lang='lat' dir='ltr'><strong>Amase</strong></span> <span class='ocrx_word' id='word_1_370' title='bbox 745 2559 799 2615; x_wconf 83' lang='lat' dir='ltr'><strong>filii</strong></span> <span class='ocrx_word' id='word_1_371' title='bbox 815 2561 890 2631; x_wconf 89' lang='lat' dir='ltr'><strong>ejus,</strong></span> <span class='ocrx_word' id='word_1_372' title='bbox 907 2559 985 2632; x_wconf 89' lang='lat' dir='ltr'><strong>quod</strong></span> <span class='ocrx_word' id='word_1_373' title='bbox 1040 2561 1296 2629; x_wconf 87' lang='lat' dir='ltr'><strong>comportaverunt</strong></span> <span class='ocrx_word' id='word_1_374' title='bbox 1310 2573 1398 2629; x_wconf 90' lang='lat' dir='ltr'><strong>super</strong></span> <span class='ocrx_word' id='word_1_375' title='bbox 1410 2572 1476 2612; x_wconf 88' lang='lat' dir='ltr'><strong>eam</strong></span> <span class='ocrx_word' id='word_1_376' title='bbox 1493 2573 1628 2612; x_wconf 88' lang='lat' dir='ltr'><strong>acervum</strong></span> <span class='ocrx_word' id='word_1_377' title='bbox 1652 2556 1785 2630; x_wconf 89' lang='lat' dir='ltr'><strong>lapidum</strong></span> <span class='ocrx_word' id='word_1_378' title='bbox 1799 2571 1863 2615; x_wconf 81' lang='lat' dir='ltr'><strong>ma·</strong></span> 
     </span>
     <span class='ocr_line' id='line_1_27' title="bbox 160 2643 1864 2724; baseline -0.004 -16"><span class='ocrx_word' id='word_1_379' title='bbox 160 2653 189 2709; x_wconf 91' lang='lat' dir='ltr'><strong>in</strong></span> <span class='ocrx_word' id='word_1_380' title='bbox 205 2650 294 2708; x_wconf 87' lang='lat' dir='ltr'><strong>David</strong></span> <span class='ocrx_word' id='word_1_381' title='bbox 311 2653 525 2724; x_wconf 82' lang='lat' dir='ltr'><strong>perpetraverat</strong></span> <span class='ocrx_word' id='word_1_382' title='bbox 538 2648 622 2720; x_wconf 87' lang='lat' dir='ltr'><strong>Joab,</strong></span> <span class='ocrx_word' id='word_1_383' title='bbox 638 2665 717 2715; x_wconf 89' lang='lat' dir='ltr'><strong>eum,</strong></span> <span class='ocrx_word' id='word_1_384' title='bbox 732 2647 762 2704; x_wconf 91' lang='lat' dir='ltr'><strong>id</strong></span> <span class='ocrx_word' id='word_1_385' title='bbox 778 2653 823 2705; x_wconf 90' lang='lat' dir='ltr'><strong>est</strong></span> <span class='ocrx_word' id='word_1_386' title='bbox 842 2653 984 2706; x_wconf 78' lang='lat' dir='ltr'><strong>Amasum</strong></span> <span class='ocrx_word' id='word_1_387' title='bbox 1026 2661 1131 2719; x_wconf 73' lang='lat' dir='ltr'><strong>,gnum</strong></span> <span class='ocrx_word' id='word_1_388' title='bbox 1148 2644 1255 2714; x_wconf 90' lang='lat' dir='ltr'><strong>nimis;</strong></span> <span class='ocrx_word' id='word_1_389' title='bbox 1273 2667 1287 2694; x_wconf 87' lang='grc' dir='ltr'><strong>ιι</strong></span> <span class='ocrx_word' id='word_1_390' title='bbox 1303 2645 1464 2719; x_wconf 72' lang='lat' dir='ltr'><strong>proiectum</strong></span> <span class='ocrx_word' id='word_1_391' title='bbox 1489 2662 1556 2702; x_wconf 90' lang='lat' dir='ltr'><strong>eum</strong></span> <span class='ocrx_word' id='word_1_392' title='bbox 1572 2645 1600 2700; x_wconf 94' lang='lat' dir='ltr'><strong>in</strong></span> <span class='ocrx_word' id='word_1_393' title='bbox 1626 2643 1733 2702; x_wconf 90' lang='lat' dir='ltr'><strong>saltum</strong></span> <span class='ocrx_word' id='word_1_394' title='bbox 1750 2645 1864 2704; x_wconf 77' lang='lat' dir='ltr'><strong>Hebraei</strong></span> 
     </span>
     <span class='ocr_line' id='line_1_28' title="bbox 160 2732 1867 2813; baseline -0.004 -16"><span class='ocrx_word' id='word_1_395' title='bbox 160 2740 340 2813; x_wconf 77' lang='lat' dir='ltr'><strong>percutiente</strong></span> <span class='ocrx_word' id='word_1_396' title='bbox 355 2738 484 2795; x_wconf 90' lang='lat' dir='ltr'><strong>delatum</strong></span> <span class='ocrx_word' id='word_1_397' title='bbox 499 2743 555 2794; x_wconf 89' lang='lat' dir='ltr'><strong>est.</strong></span> <span class='ocrx_word' id='word_1_398' title='bbox 1041 2735 1152 2801; x_wconf 88' lang='lat' dir='ltr'><strong>dicunt,</strong></span> <span class='ocrx_word' id='word_1_399' title='bbox 1166 2751 1199 2790; x_wconf 89' lang='lat' dir='ltr'><strong>eo</strong></span> <span class='ocrx_word' id='word_1_400' title='bbox 1213 2732 1292 2806; x_wconf 90' lang='lat' dir='ltr'><strong>quud</strong></span> <span class='ocrx_word' id='word_1_401' title='bbox 1305 2732 1402 2806; x_wconf 83' lang='lat' dir='ltr'><strong>gladio</strong></span> <span class='ocrx_word' id='word_1_402' title='bbox 1415 2738 1593 2807; x_wconf 85' lang='lat' dir='ltr'><strong>peremptus,</strong></span> <span class='ocrx_word' id='word_1_403' title='bbox 1610 2732 1759 2807; x_wconf 86' lang='lat' dir='ltr'><strong>lapidibus</strong></span> <span class='ocrx_word' id='word_1_404' title='bbox 1782 2732 1867 2791; x_wconf 88' lang='lat' dir='ltr'><strong>obrui</strong></span> 
     </span>
     <span class='ocr_line' id='line_1_29' title="bbox 199 2820 1866 2902; baseline -0.004 -17"><span class='ocrx_word' id='word_1_405' title='bbox 199 2827 292 2902; x_wconf 75' lang='lat' dir='ltr'><strong>(leid).</strong></span> <span class='ocrx_word' id='word_1_406' title='bbox 309 2851 323 2879; x_wconf 95' lang='grc' dir='ltr'><strong>ιι</strong></span> <span class='ocrx_word' id='word_1_407' title='bbox 340 2827 393 2893; x_wconf 85' lang='lat' dir='ltr'><strong>Qui</strong></span> <span class='ocrx_word' id='word_1_408' title='bbox 409 2827 562 2900; x_wconf 85' lang='lat' dir='ltr'><strong>ingressus</strong></span> <span class='ocrx_word' id='word_1_409' title='bbox 574 2829 620 2882; x_wconf 88' lang='lat' dir='ltr'><strong>est</strong></span> <span class='ocrx_word' id='word_1_410' title='bbox 634 2825 669 2881; x_wconf 89' lang='lat' dir='ltr'><strong>ad</strong></span> <span class='ocrx_word' id='word_1_411' title='bbox 682 2823 796 2898; x_wconf 82' lang='lat' dir='ltr'><strong>Abigail</strong></span> <span class='ocrx_word' id='word_1_412' title='bbox 812 2823 987 2882; x_wconf 88' lang='lat' dir='ltr'><strong>illiamNaas</strong></span> <span class='ocrx_word' id='word_1_413' title='bbox 1041 2823 1174 2880; x_wconf 90' lang='lat' dir='ltr'><strong>deberet:</strong></span> <span class='ocrx_word' id='word_1_414' title='bbox 1192 2822 1300 2896; x_wconf 89' lang='lat' dir='ltr'><strong>quippe</strong></span> <span class='ocrx_word' id='word_1_415' title='bbox 1314 2821 1384 2895; x_wconf 82' lang='lat' dir='ltr'><strong>quie</strong></span> <span class='ocrx_word' id='word_1_416' title='bbox 1406 2820 1651 2878; x_wconf 81' lang='lat' dir='ltr'><strong>sceleratissimus</strong></span> <span class='ocrx_word' id='word_1_417' title='bbox 1675 2827 1747 2890; x_wconf 91' lang='lat' dir='ltr'><strong>erat,</strong></span> <span class='ocrx_word' id='word_1_418' title='bbox 1773 2826 1803 2878; x_wconf 89' lang='lat' dir='ltr'><strong>et</strong></span> <span class='ocrx_word' id='word_1_419' title='bbox 1815 2837 1866 2895; x_wconf 80' lang='lat' dir='ltr'><strong>ge·</strong></span> 
     </span>
     <span class='ocr_line' id='line_1_30' title="bbox 160 2909 1867 2986; baseline -0.004 -12"><span class='ocrx_word' id='word_1_420' title='bbox 160 2933 293 2974; x_wconf 83' lang='lat' dir='ltr'><strong>semrom</strong></span> <span class='ocrx_word' id='word_1_421' title='bbox 312 2915 429 2974; x_wconf 86' lang='lat' dir='ltr'><strong>Sarvia.</strong></span> <span class='ocrx_word' id='word_1_422' title='bbox 450 2937 465 2966; x_wconf 91' lang='grc' dir='ltr'><strong>ιι</strong></span> <span class='ocrx_word' id='word_1_423' title='bbox 487 2913 563 2972; x_wconf 88' lang='lat' dir='ltr'><strong>Naaa</strong></span> <span class='ocrx_word' id='word_1_424' title='bbox 574 2913 783 2986; x_wconf 88' lang='lat' dir='ltr'><strong>interpretatur</strong></span> <span class='ocrx_word' id='word_1_425' title='bbox 802 2914 924 2971; x_wconf 81' lang='lat' dir='ltr'><strong>celeber.</strong></span> <span class='ocrx_word' id='word_1_426' title='bbox 941 2912 987 2969; x_wconf 91' lang='lat' dir='ltr'><strong>ld·</strong></span> <span class='ocrx_word' id='word_1_427' title='bbox 1042 2912 1127 2968; x_wconf 80' lang='lat' dir='ltr'><strong>mina</strong></span> <span class='ocrx_word' id='word_1_428' title='bbox 1143 2910 1206 2967; x_wconf 89' lang='lat' dir='ltr'><strong>neci</strong></span> <span class='ocrx_word' id='word_1_429' title='bbox 1220 2911 1374 2979; x_wconf 88' lang='lat' dir='ltr'><strong>obnoxius,</strong></span> <span class='ocrx_word' id='word_1_430' title='bbox 1390 2909 1502 2968; x_wconf 88' lang='lat' dir='ltr'><strong>seilicet</strong></span> <span class='ocrx_word' id='word_1_431' title='bbox 1517 2911 1566 2983; x_wconf 90' lang='lat' dir='ltr'><strong>qui</strong></span> <span class='ocrx_word' id='word_1_432' title='bbox 1583 2914 1612 2967; x_wconf 92' lang='lat' dir='ltr'><strong>et</strong></span> <span class='ocrx_word' id='word_1_433' title='bbox 1626 2915 1737 2984; x_wconf 90' lang='lat' dir='ltr'><strong>patrem</strong></span> <span class='ocrx_word' id='word_1_434' title='bbox 1763 2912 1867 2968; x_wconf 85' lang='lat' dir='ltr'><strong>cantra</strong></span> 
     </span>
     <span class='ocr_line' id='line_1_31' title="bbox 160 2998 1863 3077; baseline -0.005 -15"><span class='ocrx_word' id='word_1_435' title='bbox 160 3007 237 3062; x_wconf 90' lang='lat' dir='ltr'><strong>circo</strong></span> <span class='ocrx_word' id='word_1_436' title='bbox 253 3005 383 3076; x_wconf 86' lang='lat' dir='ltr'><strong>colaber,</strong></span> <span class='ocrx_word' id='word_1_437' title='bbox 399 3001 598 3077; x_wconf 88' lang='lat' dir='ltr'><strong>quianullum</strong></span> <span class='ocrx_word' id='word_1_438' title='bbox 624 3003 780 3060; x_wconf 85' lang='lat' dir='ltr'><strong>admisisse</strong></span> <span class='ocrx_word' id='word_1_439' title='bbox 800 3002 985 3060; x_wconf 80' lang='lat' dir='ltr'><strong>mortiterum</strong></span> <span class='ocrx_word' id='word_1_440' title='bbox 1041 2999 1114 3074; x_wconf 85' lang='lat' dir='ltr'><strong>legis</strong></span> <span class='ocrx_word' id='word_1_441' title='bbox 1125 3003 1300 3074; x_wconf 77' lang='lat' dir='ltr'><strong>preceptum</strong></span> <span class='ocrx_word' id='word_1_442' title='bbox 1312 2999 1395 3056; x_wconf 88' lang='lat' dir='ltr'><strong>valde</strong></span> <span class='ocrx_word' id='word_1_443' title='bbox 1405 2998 1638 3066; x_wconf 89' lang='lat' dir='ltr'><strong>dehonorarit‚et</strong></span> <span class='ocrx_word' id='word_1_444' title='bbox 1648 2998 1863 3072; x_wconf 89' lang='lat' dir='ltr'><strong>turpitudinem</strong></span> 
     </span>
     <span class='ocr_line' id='line_1_32' title="bbox 161 3088 1268 3169; baseline -0.007 -17"><span class='ocrx_word' id='word_1_445' title='bbox 161 3095 332 3169; x_wconf 87' lang='lat' dir='ltr'><strong>perhibetur</strong></span> <span class='ocrx_word' id='word_1_446' title='bbox 345 3098 508 3168; x_wconf 88' lang='lat' dir='ltr'><strong>peecatum,</strong></span> <span class='ocrx_word' id='word_1_447' title='bbox 524 3092 581 3150; x_wconf 91' lang='lat' dir='ltr'><strong>nisi</strong></span> <span class='ocrx_word' id='word_1_448' title='bbox 595 3091 623 3148; x_wconf 91' lang='lat' dir='ltr'><strong>in</strong></span> <span class='ocrx_word' id='word_1_449' title='bbox 649 3092 727 3165; x_wconf 92' lang='lat' dir='ltr'><strong>quod</strong></span> <span class='ocrx_word' id='word_1_450' title='bbox 751 3089 934 3166; x_wconf 81' lang='lat' dir='ltr'><strong>originaliter</strong></span> <span class='ocrx_word' id='word_1_451' title='bbox 951 3091 987 3148; x_wconf 91' lang='lat' dir='ltr'><strong>de</strong></span> <span class='ocrx_word' id='word_1_452' title='bbox 1042 3090 1107 3162; x_wconf 87' lang='lat' dir='ltr'><strong>ejus</strong></span> <span class='ocrx_word' id='word_1_453' title='bbox 1123 3088 1268 3146; x_wconf 82' lang='lat' dir='ltr'><strong>revelarit.</strong></span> 
     </span>
     <span class='ocr_line' id='line_1_33' title="bbox 160 3163 1863 3262; baseline -0.004 -22"><span class='ocrx_word' id='word_1_454' title='bbox 160 3186 295 3258; x_wconf 89' lang='lat' dir='ltr'><strong>serpente</strong></span> <span class='ocrx_word' id='word_1_455' title='bbox 308 3183 430 3255; x_wconf 89' lang='lat' dir='ltr'><strong>actique</strong></span> <span class='ocrx_word' id='word_1_456' title='bbox 445 3181 599 3239; x_wconf 86' lang='lat' dir='ltr'><strong>contraxit.</strong></span> <span class='ocrx_word' id='word_1_457' title='bbox 625 3179 674 3262; x_wconf 82' lang='lat' dir='ltr'><strong>ldst</strong></span> <span class='ocrx_word' id='word_1_458' title='bbox 686 3181 775 3238; x_wconf 89' lang='lat' dir='ltr'><strong>etiam</strong></span> <span class='ocrx_word' id='word_1_459' title='bbox 800 3179 877 3238; x_wconf 87' lang='lat' dir='ltr'><strong>Naas</strong></span> <span class='ocrx_word' id='word_1_460' title='bbox 892 3179 943 3253; x_wconf 85' lang='lat' dir='ltr'><strong>qui</strong></span> <span class='ocrx_word' id='word_1_461' title='bbox 958 3163 1021 3238; x_wconf 73' lang='lat' dir='ltr'><strong>eti&#39;·</strong></span> <span class='ocrx_word' id='word_1_462' title='bbox 1075 3178 1169 3251; x_wconf 85' lang='lat' dir='ltr'><strong>(Vere.</strong></span> <span class='ocrx_word' id='word_1_463' title='bbox 1185 3177 1243 3250; x_wconf 82' lang='grc'>20.)</span> <span class='ocrx_word' id='word_1_464' title='bbox 1259 3200 1274 3230; x_wconf 93' lang='grc' dir='ltr'><strong>ιι</strong></span> <span class='ocrx_word' id='word_1_465' title='bbox 1297 3178 1341 3235; x_wconf 74' lang='lat' dir='ltr'><strong>Ad</strong></span> <span class='ocrx_word' id='word_1_466' title='bbox 1364 3193 1451 3250; x_wconf 91' lang='lat' dir='ltr'><strong>quem</strong></span> <span class='ocrx_word' id='word_1_467' title='bbox 1475 3176 1559 3245; x_wconf 88' lang='lat' dir='ltr'><strong>Joab,</strong></span> <span class='ocrx_word' id='word_1_468' title='bbox 1584 3176 1614 3234; x_wconf 90' lang='lat' dir='ltr'><strong>id</strong></span> <span class='ocrx_word' id='word_1_469' title='bbox 1637 3180 1681 3234; x_wconf 89' lang='lat' dir='ltr'><strong>est</strong></span> <span class='ocrx_word' id='word_1_470' title='bbox 1697 3175 1863 3245; x_wconf 82' lang='lat' dir='ltr'><strong>tohimaes,</strong></span> 
     </span>
     <span class='ocr_line' id='line_1_34' title="bbox 162 3263 1868 3346; baseline -0.006 -16"><span class='ocrx_word' id='word_1_471' title='bbox 162 3272 218 3330; x_wconf 89' lang='lat' dir='ltr'><strong>lsai</strong></span> <span class='ocrx_word' id='word_1_472' title='bbox 234 3276 317 3346; x_wconf 88' lang='lat' dir='ltr'><strong>pater</strong></span> <span class='ocrx_word' id='word_1_473' title='bbox 330 3271 431 3342; x_wconf 86' lang='lat' dir='ltr'><strong>David,</strong></span> <span class='ocrx_word' id='word_1_474' title='bbox 448 3270 525 3332; x_wconf 88' lang='lat' dir='ltr'><strong>sicut</strong></span> <span class='ocrx_word' id='word_1_475' title='bbox 548 3269 577 3326; x_wconf 94' lang='lat' dir='ltr'><strong>in</strong></span> <span class='ocrx_word' id='word_1_476' title='bbox 604 3269 846 3342; x_wconf 89' lang='lat' dir='ltr'><strong>Paralipomenon</strong></span> <span class='ocrx_word' id='word_1_477' title='bbox 866 3270 987 3326; x_wconf 88' lang='lat' dir='ltr'><strong>demon·</strong></span> <span class='ocrx_word' id='word_1_478' title='bbox 1043 3267 1133 3324; x_wconf 83' lang='lat' dir='ltr'><strong>dixit:</strong></span> <span class='ocrx_word' id='word_1_479' title='bbox 1149 3267 1212 3324; x_wconf 91' lang='lat' dir='ltr'><strong>Non</strong></span> <span class='ocrx_word' id='word_1_480' title='bbox 1228 3266 1286 3325; x_wconf 89' lang='lat' dir='ltr'><strong>eris</strong></span> <span class='ocrx_word' id='word_1_481' title='bbox 1299 3267 1421 3324; x_wconf 85' lang='lat' dir='ltr'><strong>nuntius</strong></span> <span class='ocrx_word' id='word_1_482' title='bbox 1441 3267 1470 3322; x_wconf 92' lang='lat' dir='ltr'><strong>in</strong></span> <span class='ocrx_word' id='word_1_483' title='bbox 1497 3266 1552 3322; x_wconf 90' lang='lat' dir='ltr'><strong>hae</strong></span> <span class='ocrx_word' id='word_1_484' title='bbox 1567 3265 1624 3334; x_wconf 91' lang='lat' dir='ltr'><strong>die,</strong></span> <span class='ocrx_word' id='word_1_485' title='bbox 1649 3265 1699 3342; x_wconf 79' lang='lat' dir='ltr'><strong>aad</strong></span> <span class='ocrx_word' id='word_1_486' title='bbox 1714 3263 1868 3336; x_wconf 85' lang='lat' dir='ltr'><strong>nuntiabis</strong></span> 
     </span>
     <span class='ocr_line' id='line_1_35' title="bbox 161 3351 1869 3431; baseline -0.005 -13"><span class='ocrx_word' id='word_1_487' title='bbox 161 3363 292 3418; x_wconf 88' lang='lat' dir='ltr'><strong>stratur:</strong></span> <span class='ocrx_word' id='word_1_488' title='bbox 307 3360 369 3427; x_wconf 91' lang='lat' dir='ltr'><strong>ubi,</strong></span> <span class='ocrx_word' id='word_1_489' title='bbox 382 3359 562 3416; x_wconf 88' lang='lat' dir='ltr'><strong>enumeratis</strong></span> <span class='ocrx_word' id='word_1_490' title='bbox 577 3357 646 3414; x_wconf 85' lang='lat' dir='ltr'><strong>filiis</strong></span> <span class='ocrx_word' id='word_1_491' title='bbox 662 3357 727 3426; x_wconf 90' lang='lat' dir='ltr'><strong>lsai,</strong></span> <span class='ocrx_word' id='word_1_492' title='bbox 744 3357 859 3431; x_wconf 80' lang='lat' dir='ltr'><strong>legitur,</strong></span> <span class='ocrx_word' id='word_1_493' title='bbox 871 3373 988 3430; x_wconf 80' lang='lat' dir='ltr'><strong>queram</strong></span> <span class='ocrx_word' id='word_1_494' title='bbox 1043 3359 1072 3414; x_wconf 92' lang='grc' dir='ltr'><strong>ιιι</strong></span> <span class='ocrx_word' id='word_1_495' title='bbox 1087 3356 1154 3414; x_wconf 87' lang='grc' dir='ltr'><strong><em>ιιιι.</em></strong></span> <span class='ocrx_word' id='word_1_496' title='bbox 1172 3356 1262 3414; x_wconf 84' lang='lat' dir='ltr'><strong>Hodie</strong></span> <span class='ocrx_word' id='word_1_497' title='bbox 1280 3355 1346 3413; x_wconf 89' lang='lat' dir='ltr'><strong>nolo</strong></span> <span class='ocrx_word' id='word_1_498' title='bbox 1371 3360 1399 3412; x_wconf 90' lang='lat' dir='ltr'><strong>te</strong></span> <span class='ocrx_word' id='word_1_499' title='bbox 1420 3355 1568 3412; x_wconf 90' lang='lat' dir='ltr'><strong>nuntiare.</strong></span> <span class='ocrx_word' id='word_1_500' title='bbox 1585 3353 1674 3410; x_wconf 79' lang='lat' dir='ltr'><strong>Filius</strong></span> <span class='ocrx_word' id='word_1_501' title='bbox 1697 3352 1775 3410; x_wconf 88' lang='lat' dir='ltr'><strong>enim</strong></span> <span class='ocrx_word' id='word_1_502' title='bbox 1789 3351 1869 3426; x_wconf 72' lang='lat' dir='ltr'><strong>regis</strong></span> 
     </span>
     <span class='ocr_line' id='line_1_36' title="bbox 160 3440 1869 3522; baseline -0.006 -14"><span class='ocrx_word' id='word_1_503' title='bbox 160 3465 268 3508; x_wconf 84' lang='lat' dir='ltr'><strong>sereres</strong></span> <span class='ocrx_word' id='word_1_504' title='bbox 293 3451 405 3522; x_wconf 69' lang='lat' dir='ltr'><strong>luerunt</strong></span> <span class='ocrx_word' id='word_1_505' title='bbox 428 3447 527 3505; x_wconf 84' lang='lat' dir='ltr'><strong>Servio</strong></span> <span class='ocrx_word' id='word_1_506' title='bbox 545 3451 570 3506; x_wconf 87' lang='lat' dir='ltr'><strong>et</strong></span> <span class='ocrx_word' id='word_1_507' title='bbox 590 3446 700 3520; x_wconf 76' lang='lat' dir='ltr'><strong>Abiecit</strong></span> <span class='ocrx_word' id='word_1_508' title='bbox 719 3447 743 3519; x_wconf 86' lang='lat' dir='ltr'><strong>(l</strong></span> <span class='ocrx_word' id='word_1_509' title='bbox 761 3446 857 3504; x_wconf 84' lang='lat' dir='ltr'><strong>Paret.</strong></span> <span class='ocrx_word' id='word_1_510' title='bbox 879 3463 911 3516; x_wconf 88' lang='grc' dir='ltr'><strong>ιι,</strong></span> <span class='ocrx_word' id='word_1_511' title='bbox 932 3445 987 3517; x_wconf 87' lang='grc'>16).</span> <span class='ocrx_word' id='word_1_512' title='bbox 1043 3449 1178 3502; x_wconf 87' lang='lat' dir='ltr'><strong>mortuas</strong></span> <span class='ocrx_word' id='word_1_513' title='bbox 1203 3450 1257 3502; x_wconf 86' lang='lat' dir='ltr'><strong>est.</strong></span> <span class='ocrx_word' id='word_1_514' title='bbox 1285 3467 1300 3495; x_wconf 84' lang='lat' dir='ltr'><strong>v</strong></span> <span class='ocrx_word' id='word_1_515' title='bbox 1324 3449 1364 3502; x_wconf 78' lang='lat' dir='ltr'><strong>Ac</strong></span> <span class='ocrx_word' id='word_1_516' title='bbox 1388 3444 1413 3502; x_wconf 94' lang='lat' dir='ltr'><strong>si</strong></span> <span class='ocrx_word' id='word_1_517' title='bbox 1437 3445 1564 3502; x_wconf 84' lang='lat' dir='ltr'><strong>diceret:</strong></span> <span class='ocrx_word' id='word_1_518' title='bbox 1578 3442 1648 3501; x_wconf 88' lang='lat' dir='ltr'><strong>Nolo</strong></span> <span class='ocrx_word' id='word_1_519' title='bbox 1683 3447 1716 3498; x_wconf 90' lang='lat' dir='ltr'><strong>at</strong></span> <span class='ocrx_word' id='word_1_520' title='bbox 1729 3442 1774 3499; x_wconf 89' lang='lat' dir='ltr'><strong>vir</strong></span> <span class='ocrx_word' id='word_1_521' title='bbox 1787 3440 1869 3513; x_wconf 87' lang='lat' dir='ltr'><strong>talis,</strong></span> 
     </span>
     <span class='ocr_line' id='line_1_37' title="bbox 197 3527 1872 3611; baseline -0.006 -17"><span class='ocrx_word' id='word_1_522' title='bbox 197 3538 291 3610; x_wconf 86' lang='lat' dir='ltr'><strong>(Vere.</strong></span> <span class='ocrx_word' id='word_1_523' title='bbox 307 3538 364 3611; x_wconf 89' lang='grc'>27).</span> <span class='ocrx_word' id='word_1_524' title='bbox 384 3561 394 3588; x_wconf 85' lang='grc' dir='ltr'><strong>ι</strong></span> <span class='ocrx_word' id='word_1_525' title='bbox 412 3538 543 3611; x_wconf 89' lang='lat' dir='ltr'><strong>Cumque</strong></span> <span class='ocrx_word' id='word_1_526' title='bbox 567 3535 696 3593; x_wconf 87' lang='lat' dir='ltr'><strong>venisset</strong></span> <span class='ocrx_word' id='word_1_527' title='bbox 717 3534 807 3590; x_wconf 88' lang='lat' dir='ltr'><strong>David</strong></span> <span class='ocrx_word' id='word_1_528' title='bbox 832 3533 862 3590; x_wconf 93' lang='lat' dir='ltr'><strong>in</strong></span> <span class='ocrx_word' id='word_1_529' title='bbox 882 3537 988 3602; x_wconf 88' lang='lat' dir='ltr'><strong>castra,</strong></span> <span class='ocrx_word' id='word_1_530' title='bbox 1044 3531 1140 3604; x_wconf 88' lang='lat' dir='ltr'><strong>qualis</strong></span> <span class='ocrx_word' id='word_1_531' title='bbox 1155 3535 1187 3587; x_wconf 91' lang='lat' dir='ltr'><strong>ta</strong></span> <span class='ocrx_word' id='word_1_532' title='bbox 1202 3547 1244 3598; x_wconf 91' lang='lat' dir='ltr'><strong>es,</strong></span> <span class='ocrx_word' id='word_1_533' title='bbox 1260 3531 1397 3587; x_wconf 89' lang='lat' dir='ltr'><strong>nuntium</strong></span> <span class='ocrx_word' id='word_1_534' title='bbox 1414 3533 1489 3587; x_wconf 84' lang='lat' dir='ltr'><strong>teras</strong></span> <span class='ocrx_word' id='word_1_535' title='bbox 1513 3529 1584 3602; x_wconf 83' lang='lat' dir='ltr'><strong>regi,</strong></span> <span class='ocrx_word' id='word_1_536' title='bbox 1607 3529 1686 3603; x_wconf 88' lang='lat' dir='ltr'><strong>quod</strong></span> <span class='ocrx_word' id='word_1_537' title='bbox 1708 3527 1789 3584; x_wconf 89' lang='lat' dir='ltr'><strong>tllius</strong></span> <span class='ocrx_word' id='word_1_538' title='bbox 1804 3529 1872 3601; x_wconf 80' lang='lat' dir='ltr'><strong>ejus</strong></span> 
     </span>
     <span class='ocr_line' id='line_1_38' title="bbox 161 3615 1872 3684; baseline -0.007 0"><span class='ocrx_word' id='word_1_539' title='bbox 161 3628 191 3684; x_wconf 91' lang='lat' dir='ltr'><strong>id</strong></span> <span class='ocrx_word' id='word_1_540' title='bbox 221 3632 267 3684; x_wconf 89' lang='lat' dir='ltr'><strong>est</strong></span> <span class='ocrx_word' id='word_1_541' title='bbox 295 3626 325 3683; x_wconf 92' lang='lat' dir='ltr'><strong>in</strong></span> <span class='ocrx_word' id='word_1_542' title='bbox 353 3625 501 3684; x_wconf 88' lang='lat' dir='ltr'><strong>Manaim:</strong></span> <span class='ocrx_word' id='word_1_543' title='bbox 531 3625 600 3682; x_wconf 86' lang='lat' dir='ltr'><strong>Sabi</strong></span> <span class='ocrx_word' id='word_1_544' title='bbox 630 3623 711 3681; x_wconf 86' lang='lat' dir='ltr'><strong>illius</strong></span> <span class='ocrx_word' id='word_1_545' title='bbox 741 3623 817 3680; x_wconf 89' lang='lat' dir='ltr'><strong>Naas</strong></span> <span class='ocrx_word' id='word_1_546' title='bbox 847 3622 883 3679; x_wconf 89' lang='lat' dir='ltr'><strong>de</strong></span> <span class='ocrx_word' id='word_1_547' title='bbox 912 3620 988 3679; x_wconf 84' lang='lat' dir='ltr'><strong>ltab·</strong></span> <span class='ocrx_word' id='word_1_548' title='bbox 1045 3624 1179 3678; x_wconf 87' lang='lat' dir='ltr'><strong>mortuus</strong></span> <span class='ocrx_word' id='word_1_549' title='bbox 1202 3619 1251 3676; x_wconf 90' lang='lat' dir='ltr'><strong>sit.</strong></span> <span class='ocrx_word' id='word_1_550' title='bbox 1276 3618 1334 3674; x_wconf 87' lang='lat' dir='ltr'><strong>Nee</strong></span> <span class='ocrx_word' id='word_1_551' title='bbox 1366 3618 1444 3674; x_wconf 87' lang='lat' dir='ltr'><strong>enim</strong></span> <span class='ocrx_word' id='word_1_552' title='bbox 1473 3619 1555 3674; x_wconf 84' lang='lat' dir='ltr'><strong>decet</strong></span> <span class='ocrx_word' id='word_1_553' title='bbox 1578 3623 1610 3673; x_wconf 92' lang='lat' dir='ltr'><strong>at</strong></span> <span class='ocrx_word' id='word_1_554' title='bbox 1646 3617 1704 3672; x_wconf 91' lang='lat' dir='ltr'><strong>tals</strong></span> <span class='ocrx_word' id='word_1_555' title='bbox 1732 3615 1872 3672; x_wconf 84' lang='lat' dir='ltr'><strong>nuntiam</strong></span> 
     </span>
     <span class='ocr_line' id='line_1_39' title="bbox 162 3701 1870 3784; baseline -0.01 -9"><span class='ocrx_word' id='word_1_556' title='bbox 162 3717 234 3776; x_wconf 92' lang='lat' dir='ltr'><strong>bath</strong></span> <span class='ocrx_word' id='word_1_557' title='bbox 253 3716 382 3774; x_wconf 89' lang='lat' dir='ltr'><strong>illiorum</strong></span> <span class='ocrx_word' id='word_1_558' title='bbox 401 3719 538 3784; x_wconf 80' lang='lat' dir='ltr'><strong>Ammon,</strong></span> <span class='ocrx_word' id='word_1_559' title='bbox 556 3738 570 3766; x_wconf 89' lang='grc' dir='ltr'><strong>ιι</strong></span> <span class='ocrx_word' id='word_1_560' title='bbox 589 3719 644 3772; x_wconf 86' lang='grc' dir='ltr'><strong><em>ιιι.</em></strong></span> <span class='ocrx_word' id='word_1_561' title='bbox 666 3715 723 3771; x_wconf 89' lang='lat' dir='ltr'><strong>iste</strong></span> <span class='ocrx_word' id='word_1_562' title='bbox 742 3713 812 3770; x_wconf 87' lang='lat' dir='ltr'><strong>Sabi</strong></span> <span class='ocrx_word' id='word_1_563' title='bbox 831 3712 910 3770; x_wconf 86' lang='lat' dir='ltr'><strong>illius</strong></span> <span class='ocrx_word' id='word_1_564' title='bbox 935 3711 991 3768; x_wconf 85' lang='lat' dir='ltr'><strong>tuit</strong></span> <span class='ocrx_word' id='word_1_565' title='bbox 1045 3711 1151 3784; x_wconf 88' lang='lat' dir='ltr'><strong>portes.</strong></span> <span class='ocrx_word' id='word_1_566' title='bbox 1168 3705 1277 3763; x_wconf 90' lang='lat' dir='ltr'><strong>ideirco</strong></span> <span class='ocrx_word' id='word_1_567' title='bbox 1293 3705 1366 3762; x_wconf 84' lang='lat' dir='ltr'><strong>dixit</strong></span> <span class='ocrx_word' id='word_1_568' title='bbox 1383 3703 1492 3763; x_wconf 86' lang='lat' dir='ltr'><strong>Chuai:</strong></span> <span class='ocrx_word' id='word_1_569' title='bbox 1509 3727 1523 3756; x_wconf 91' lang='grc' dir='ltr'><strong>ιι</strong></span> <span class='ocrx_word' id='word_1_570' title='bbox 1538 3703 1628 3773; x_wconf 85' lang='lat' dir='ltr'><strong>Vade,</strong></span> <span class='ocrx_word' id='word_1_571' title='bbox 1640 3707 1669 3760; x_wconf 90' lang='lat' dir='ltr'><strong>et</strong></span> <span class='ocrx_word' id='word_1_572' title='bbox 1688 3703 1794 3759; x_wconf 89' lang='lat' dir='ltr'><strong>nuntia</strong></span> <span class='ocrx_word' id='word_1_573' title='bbox 1807 3701 1870 3776; x_wconf 78' lang='lat' dir='ltr'><strong>regi</strong></span> 
     </span>
     <span class='ocr_line' id='line_1_40' title="bbox 162 3787 1872 3880; baseline -0.012 -15"><span class='ocrx_word' id='word_1_574' title='bbox 162 3807 242 3864; x_wconf 87' lang='lat' dir='ltr'><strong>Naas</strong></span> <span class='ocrx_word' id='word_1_575' title='bbox 261 3805 350 3880; x_wconf 78' lang='lat' dir='ltr'><strong>rogia,</strong></span> <span class='ocrx_word' id='word_1_576' title='bbox 371 3823 437 3864; x_wconf 91' lang='lat' dir='ltr'><strong>eum</strong></span> <span class='ocrx_word' id='word_1_577' title='bbox 458 3823 516 3879; x_wconf 89' lang='lat' dir='ltr'><strong>quo</strong></span> <span class='ocrx_word' id='word_1_578' title='bbox 536 3805 678 3879; x_wconf 85' lang='lat' dir='ltr'><strong>pugnavit</strong></span> <span class='ocrx_word' id='word_1_579' title='bbox 704 3801 785 3860; x_wconf 89' lang='lat' dir='ltr'><strong>Saul.</strong></span> <span class='ocrx_word' id='word_1_580' title='bbox 817 3804 881 3875; x_wconf 89' lang='lat' dir='ltr'><strong>lpse</strong></span> <span class='ocrx_word' id='word_1_581' title='bbox 901 3799 997 3860; x_wconf 73' lang='lat' dir='ltr'><strong>etiam,</strong></span> <span class='ocrx_word' id='word_1_582' title='bbox 1045 3814 1109 3871; x_wconf 79' lang='lat' dir='ltr'><strong>quae</strong></span> <span class='ocrx_word' id='word_1_583' title='bbox 1124 3794 1233 3852; x_wconf 89' lang='lat' dir='ltr'><strong>vidisti.</strong></span> <span class='ocrx_word' id='word_1_584' title='bbox 1250 3816 1264 3844; x_wconf 79' lang='lat' dir='ltr'><strong>v</strong></span> <span class='ocrx_word' id='word_1_585' title='bbox 1281 3795 1448 3851; x_wconf 86' lang='lat' dir='ltr'><strong>Notandum</strong></span> <span class='ocrx_word' id='word_1_586' title='bbox 1465 3793 1542 3867; x_wconf 91' lang='lat' dir='ltr'><strong>quod</strong></span> <span class='ocrx_word' id='word_1_587' title='bbox 1559 3793 1589 3849; x_wconf 94' lang='lat' dir='ltr'><strong>in</strong></span> <span class='ocrx_word' id='word_1_588' title='bbox 1616 3792 1671 3848; x_wconf 90' lang='lat' dir='ltr'><strong>hoe</strong></span> <span class='ocrx_word' id='word_1_589' title='bbox 1690 3789 1753 3848; x_wconf 89' lang='lat' dir='ltr'><strong>loeo</strong></span> <span class='ocrx_word' id='word_1_590' title='bbox 1768 3787 1872 3862; x_wconf 76' lang='lat' dir='ltr'><strong>chusi,</strong></span> 
     </span>
     <span class='ocr_line' id='line_1_41' title="bbox 162 3876 1874 3966; baseline -0.009 -14"><span class='ocrx_word' id='word_1_591' title='bbox 162 3895 242 3952; x_wconf 85' lang='lat' dir='ltr'><strong>Naue</strong></span> <span class='ocrx_word' id='word_1_592' title='bbox 258 3895 326 3952; x_wconf 85' lang='lat' dir='ltr'><strong>tecit</strong></span> <span class='ocrx_word' id='word_1_593' title='bbox 340 3894 571 3953; x_wconf 83' lang='lat' dir='ltr'><strong>misericordiam</strong></span> <span class='ocrx_word' id='word_1_594' title='bbox 586 3911 654 3952; x_wconf 90' lang='lat' dir='ltr'><strong>oum</strong></span> <span class='ocrx_word' id='word_1_595' title='bbox 669 3892 771 3960; x_wconf 86' lang='lat' dir='ltr'><strong>David,</strong></span> <span class='ocrx_word' id='word_1_596' title='bbox 789 3890 992 3966; x_wconf 77' lang='lat' dir='ltr'><strong>quandolagit</strong></span> <span class='ocrx_word' id='word_1_597' title='bbox 1047 3903 1102 3943; x_wconf 93' lang='lat' dir='ltr'><strong>non</strong></span> <span class='ocrx_word' id='word_1_598' title='bbox 1119 3883 1280 3958; x_wconf 85' lang='lat' dir='ltr'><strong>proprium¹</strong></span> <span class='ocrx_word' id='word_1_599' title='bbox 1296 3883 1347 3940; x_wconf 87' lang='lat' dir='ltr'><strong>aad</strong></span> <span class='ocrx_word' id='word_1_600' title='bbox 1363 3881 1571 3956; x_wconf 85' lang='lat' dir='ltr'><strong>appellativum</strong></span> <span class='ocrx_word' id='word_1_601' title='bbox 1589 3882 1627 3938; x_wconf 92' lang='lat' dir='ltr'><strong>sit</strong></span> <span class='ocrx_word' id='word_1_602' title='bbox 1648 3896 1765 3948; x_wconf 89' lang='lat' dir='ltr'><strong>nomen,</strong></span> <span class='ocrx_word' id='word_1_603' title='bbox 1791 3876 1874 3936; x_wconf 79' lang='lat' dir='ltr'><strong>Aesl</strong></span> 
     </span>
     <span class='ocr_line' id='line_1_42' title="bbox 164 3965 1874 4057; baseline -0.01 -17"><span class='ocrx_word' id='word_1_604' title='bbox 164 3984 268 4042; x_wconf 86' lang='lat' dir='ltr'><strong>atacis</strong></span> <span class='ocrx_word' id='word_1_605' title='bbox 306 3984 395 4042; x_wconf 89' lang='lat' dir='ltr'><strong>Saul:</strong></span> <span class='ocrx_word' id='word_1_606' title='bbox 416 4002 474 4057; x_wconf 91' lang='lat' dir='ltr'><strong>quo</strong></span> <span class='ocrx_word' id='word_1_607' title='bbox 512 3987 627 4040; x_wconf 90' lang='lat' dir='ltr'><strong>mortua</strong></span> <span class='ocrx_word' id='word_1_608' title='bbox 652 3983 726 4040; x_wconf 80' lang='lat' dir='ltr'><strong>dixit</strong></span> <span class='ocrx_word' id='word_1_609' title='bbox 763 3981 853 4039; x_wconf 90' lang='lat' dir='ltr'><strong>David</strong></span> <span class='ocrx_word' id='word_1_610' title='bbox 881 3981 993 4044; x_wconf 71' lang='lat' dir='ltr'><strong>Faciem</strong></span> <span class='ocrx_word' id='word_1_611' title='bbox 1047 3973 1227 4032; x_wconf 76' lang='lat' dir='ltr'><strong>dicaretz&#39;lu</strong></span> <span class='ocrx_word' id='word_1_612' title='bbox 1244 3989 1275 4030; x_wconf 90' lang='lat' dir='ltr'><strong>es</strong></span> <span class='ocrx_word' id='word_1_613' title='bbox 1290 3973 1398 4047; x_wconf 83' lang='lat' dir='ltr'><strong>dignus</strong></span> <span class='ocrx_word' id='word_1_614' title='bbox 1413 3972 1592 4029; x_wconf 89' lang='lat' dir='ltr'><strong>utauntium</strong></span> <span class='ocrx_word' id='word_1_615' title='bbox 1606 3969 1777 4044; x_wconf 86' lang='lat' dir='ltr'><strong>itabile(non</strong></span> <span class='ocrx_word' id='word_1_616' title='bbox 1792 3965 1874 4026; x_wconf 81' lang='lat' dir='ltr'><strong>lehi·</strong></span> 
     </span>
     <span class='ocr_line' id='line_1_43' title="bbox 162 4065 1792 4144; baseline -0.009 -14"><span class='ocrx_word' id='word_1_617' title='bbox 162 4073 385 4132; x_wconf 79' lang='lat' dir='ltr'><strong>misericordiam</strong></span> <span class='ocrx_word' id='word_1_618' title='bbox 421 4091 484 4130; x_wconf 85' lang='lat' dir='ltr'><strong>eum</strong></span> <span class='ocrx_word' id='word_1_619' title='bbox 521 4079 609 4144; x_wconf 80' lang='grc' dir='ltr'><strong><em>ιιιιοιι,</em></strong></span> <span class='ocrx_word' id='word_1_620' title='bbox 648 4073 720 4129; x_wconf 82' lang='lat' dir='ltr'><strong>sicet</strong></span> <span class='ocrx_word' id='word_1_621' title='bbox 756 4073 821 4144; x_wconf 75' lang='lat' dir='ltr'><strong>feeit</strong></span> <span class='ocrx_word' id='word_1_622' title='bbox 835 4073 916 4144; x_wconf 85' lang='lat' dir='ltr'><strong>peter</strong></span> <span class='ocrx_word' id='word_1_623' title='bbox 934 4069 993 4142; x_wconf 81' lang='lat' dir='ltr'><strong>ejus</strong></span> <span class='ocrx_word' id='word_1_624' title='bbox 1047 4065 1142 4136; x_wconf 86' lang='lat' dir='ltr'><strong>meas)</strong></span> <span class='ocrx_word' id='word_1_625' title='bbox 1158 4067 1266 4144; x_wconf 88' lang='lat' dir='ltr'><strong>portes.</strong></span> <span class='ocrx_word' id='word_1_626' title='bbox 1789 4127 1792 4136; x_wconf 65' lang='lat'><strong>.</strong></span> 
     </span>
     <span class='ocr_line' id='line_1_44' title="bbox 168 4145 1874 4234; baseline -0.009 -14"><span class='ocrx_word' id='word_1_627' title='bbox 168 4165 242 4220; x_wconf 80' lang='lat' dir='ltr'><strong>Nona</strong></span> <span class='ocrx_word' id='word_1_628' title='bbox 259 4181 365 4222; x_wconf 82' lang='lat' dir='ltr'><strong>mecam</strong></span> <span class='ocrx_word' id='word_1_629' title='bbox 385 4165 410 4234; x_wconf 89' lang='lat' dir='ltr'><strong>(i</strong></span> <span class='ocrx_word' id='word_1_630' title='bbox 440 4163 994 4234; x_wconf 79' lang='lat' dir='ltr'><strong>Peret.x1x,2).Interemptcveraa</strong></span> <span class='ocrx_word' id='word_1_631' title='bbox 1030 4218 1033 4224; x_wconf 64' lang='grc'><strong><em>,</em></strong></span> <span class='ocrx_word' id='word_1_632' title='bbox 1083 4151 1162 4228; x_wconf 87' lang='lat' dir='ltr'><strong>(Gap.</strong></span> <span class='ocrx_word' id='word_1_633' title='bbox 1188 4150 1261 4207; x_wconf 80' lang='lat' dir='ltr'><strong>XIX.</strong></span> <span class='ocrx_word' id='word_1_634' title='bbox 1286 4182 1320 4193; x_wconf 95' lang='lat'>-</span> <span class='ocrx_word' id='word_1_635' title='bbox 1340 4151 1421 4208; x_wconf 85' lang='lat' dir='ltr'><strong>Vere.</strong></span> <span class='ocrx_word' id='word_1_636' title='bbox 1447 4149 1485 4222; x_wconf 84' lang='lat'><strong>8).</strong></span> <span class='ocrx_word' id='word_1_637' title='bbox 1514 4173 1527 4200; x_wconf 79' lang='grc' dir='ltr'><strong>ι</strong></span> <span class='ocrx_word' id='word_1_638' title='bbox 1552 4147 1698 4221; x_wconf 90' lang='lat' dir='ltr'><strong>Venitque</strong></span> <span class='ocrx_word' id='word_1_639' title='bbox 1718 4145 1874 4204; x_wconf 84' lang='lat' dir='ltr'><strong>universus</strong></span> 
     </span>
     <span class='ocr_line' id='line_1_45' title="bbox 167 4235 1875 4327; baseline -0.011 -17"><span class='ocrx_word' id='word_1_640' title='bbox 167 4253 259 4310; x_wconf 85' lang='lat' dir='ltr'><strong>David</strong></span> <span class='ocrx_word' id='word_1_641' title='bbox 273 4259 367 4321; x_wconf 77' lang='lat' dir='ltr'><strong>Anca,</strong></span> <span class='ocrx_word' id='word_1_642' title='bbox 384 4253 435 4327; x_wconf 91' lang='lat' dir='ltr'><strong>qui</strong></span> <span class='ocrx_word' id='word_1_643' title='bbox 450 4253 476 4308; x_wconf 91' lang='lat' dir='ltr'><strong>ei</strong></span> <span class='ocrx_word' id='word_1_644' title='bbox 491 4253 522 4309; x_wconf 92' lang='lat' dir='ltr'><strong>in</strong></span> <span class='ocrx_word' id='word_1_645' title='bbox 538 4250 725 4310; x_wconf 88' lang='lat' dir='ltr'><strong>decalvandis</strong></span> <span class='ocrx_word' id='word_1_646' title='bbox 740 4250 832 4306; x_wconf 91' lang='lat' dir='ltr'><strong>servis</strong></span> <span class='ocrx_word' id='word_1_647' title='bbox 846 4247 909 4306; x_wconf 88' lang='lat' dir='ltr'><strong>suis</strong></span> <span class='ocrx_word' id='word_1_648' title='bbox 919 4247 994 4320; x_wconf 80' lang='lat' dir='ltr'><strong>iniu—</strong></span> <span class='ocrx_word' id='word_1_649' title='bbox 1048 4242 1175 4317; x_wconf 88' lang='lat' dir='ltr'><strong>populus</strong></span> <span class='ocrx_word' id='word_1_650' title='bbox 1189 4257 1287 4297; x_wconf 89' lang='lat' dir='ltr'><strong>eoram</strong></span> <span class='ocrx_word' id='word_1_651' title='bbox 1308 4255 1395 4314; x_wconf 81' lang='lat' dir='ltr'><strong>rege:</strong></span> <span class='ocrx_word' id='word_1_652' title='bbox 1413 4237 1501 4296; x_wconf 89' lang='lat' dir='ltr'><strong>lsrael</strong></span> <span class='ocrx_word' id='word_1_653' title='bbox 1516 4243 1617 4296; x_wconf 89' lang='lat' dir='ltr'><strong>autem</strong></span> <span class='ocrx_word' id='word_1_654' title='bbox 1632 4237 1708 4312; x_wconf 81' lang='lat' dir='ltr'><strong>sugit</strong></span> <span class='ocrx_word' id='word_1_655' title='bbox 1728 4235 1757 4293; x_wconf 90' lang='lat' dir='ltr'><strong>in</strong></span> <span class='ocrx_word' id='word_1_656' title='bbox 1772 4235 1875 4293; x_wconf 88' lang='lat' dir='ltr'><strong>tabar-</strong></span> 
     </span>
     <span class='ocr_line' id='line_1_46' title="bbox 165 4326 1876 4410; baseline -0.011 -11"><span class='ocrx_word' id='word_1_657' title='bbox 165 4343 240 4400; x_wconf 88' lang='lat' dir='ltr'><strong>riam</strong></span> <span class='ocrx_word' id='word_1_658' title='bbox 261 4341 636 4410; x_wconf 82' lang='lat' dir='ltr'><strong>lecerat,eonstitatuseet</strong></span> <span class='ocrx_word' id='word_1_659' title='bbox 658 4339 817 4396; x_wconf 89' lang='lat' dir='ltr'><strong>abeodem</strong></span> <span class='ocrx_word' id='word_1_660' title='bbox 855 4335 943 4394; x_wconf 86' lang='lat' dir='ltr'><strong>David</strong></span> <span class='ocrx_word' id='word_1_661' title='bbox 963 4336 993 4392; x_wconf 90' lang='lat' dir='ltr'><strong>in</strong></span> <span class='ocrx_word' id='word_1_662' title='bbox 1049 4330 1154 4389; x_wconf 88' lang='lat' dir='ltr'><strong>nacula</strong></span> <span class='ocrx_word' id='word_1_663' title='bbox 1169 4347 1232 4388; x_wconf 88' lang='lat' dir='ltr'><strong>sua.</strong></span> <span class='ocrx_word' id='word_1_664' title='bbox 1251 4352 1264 4382; x_wconf 90' lang='grc' dir='ltr'><strong>ιι</strong></span> <span class='ocrx_word' id='word_1_665' title='bbox 1286 4327 1446 4386; x_wconf 83' lang='lat' dir='ltr'><strong>Universae</strong></span> <span class='ocrx_word' id='word_1_666' title='bbox 1467 4326 1593 4402; x_wconf 90' lang='lat' dir='ltr'><strong>populus</strong></span> <span class='ocrx_word' id='word_1_667' title='bbox 1617 4327 1669 4400; x_wconf 86' lang='lat' dir='ltr'><strong>qui</strong></span> <span class='ocrx_word' id='word_1_668' title='bbox 1692 4341 1791 4382; x_wconf 90' lang='lat' dir='ltr'><strong>coram</strong></span> <span class='ocrx_word' id='word_1_669' title='bbox 1806 4337 1876 4398; x_wconf 78' lang='lat' dir='ltr'><strong>rege</strong></span> 
     </span>
     <span class='ocr_line' id='line_1_47' title="bbox 165 4414 1877 4503; baseline -0.01 -16"><span class='ocrx_word' id='word_1_670' title='bbox 165 4430 230 4490; x_wconf 90' lang='lat' dir='ltr'><strong>loco</strong></span> <span class='ocrx_word' id='word_1_671' title='bbox 258 4431 428 4488; x_wconf 83' lang='lat' dir='ltr'><strong>tratrisiste</strong></span> <span class='ocrx_word' id='word_1_672' title='bbox 447 4429 525 4496; x_wconf 88' lang='lat' dir='ltr'><strong>Sabi,</strong></span> <span class='ocrx_word' id='word_1_673' title='bbox 546 4429 597 4503; x_wconf 90' lang='lat' dir='ltr'><strong>qni</strong></span> <span class='ocrx_word' id='word_1_674' title='bbox 617 4428 653 4488; x_wconf 90' lang='lat' dir='ltr'><strong>ad</strong></span> <span class='ocrx_word' id='word_1_675' title='bbox 673 4428 762 4485; x_wconf 89' lang='lat' dir='ltr'><strong>David</strong></span> <span class='ocrx_word' id='word_1_676' title='bbox 782 4427 891 4499; x_wconf 74' lang='lat' dir='ltr'><strong>legitur</strong></span> <span class='ocrx_word' id='word_1_677' title='bbox 926 4441 993 4483; x_wconf 89' lang='lat' dir='ltr'><strong>eum</strong></span> <span class='ocrx_word' id='word_1_678' title='bbox 1048 4417 1488 4494; x_wconf 83' lang='lat' dir='ltr'><strong>venisseiegitur,hisuntqui</strong></span> <span class='ocrx_word' id='word_1_679' title='bbox 1514 4433 1581 4472; x_wconf 86' lang='lat' dir='ltr'><strong>curn</strong></span> <span class='ocrx_word' id='word_1_680' title='bbox 1606 4414 1694 4472; x_wconf 89' lang='lat' dir='ltr'><strong>David</strong></span> <span class='ocrx_word' id='word_1_681' title='bbox 1711 4427 1877 4488; x_wconf 86' lang='lat' dir='ltr'><strong>permanse-</strong></span> 
     </span>
     <span class='ocr_line' id='line_1_48' title="bbox 166 4499 1878 4597; baseline -0.011 -19"><span class='ocrx_word' id='word_1_682' title='bbox 166 4521 279 4578; x_wconf 81' lang='lat' dir='ltr'><strong>ceteris</strong></span> <span class='ocrx_word' id='word_1_683' title='bbox 297 4520 423 4590; x_wconf 91' lang='lat' dir='ltr'><strong>venisse,</strong></span> <span class='ocrx_word' id='word_1_684' title='bbox 447 4525 476 4576; x_wconf 89' lang='lat' dir='ltr'><strong>et</strong></span> <span class='ocrx_word' id='word_1_685' title='bbox 501 4518 655 4587; x_wconf 88' lang='lat' dir='ltr'><strong>stratoria,</strong></span> <span class='ocrx_word' id='word_1_686' title='bbox 685 4524 715 4574; x_wconf 90' lang='lat' dir='ltr'><strong>et</strong></span> <span class='ocrx_word' id='word_1_687' title='bbox 733 4515 852 4589; x_wconf 87' lang='lat' dir='ltr'><strong>tapetia,</strong></span> <span class='ocrx_word' id='word_1_688' title='bbox 879 4517 908 4572; x_wconf 90' lang='lat' dir='ltr'><strong>at</strong></span> <span class='ocrx_word' id='word_1_689' title='bbox 926 4529 996 4572; x_wconf 89' lang='lat' dir='ltr'><strong>vasa</strong></span> <span class='ocrx_word' id='word_1_690' title='bbox 1010 4532 1033 4597; x_wconf 72' lang='lat' dir='ltr'>D</span> <span class='ocrx_word' id='word_1_691' title='bbox 1049 4514 1125 4568; x_wconf 85' lang='lat' dir='ltr'><strong>rant.</strong></span> <span class='ocrx_word' id='word_1_692' title='bbox 1141 4509 1221 4576; x_wconf 85' lang='lat' dir='ltr'><strong>Quod</strong></span> <span class='ocrx_word' id='word_1_693' title='bbox 1238 4525 1304 4565; x_wconf 88' lang='lat' dir='ltr'><strong>vero</strong></span> <span class='ocrx_word' id='word_1_694' title='bbox 1320 4507 1380 4564; x_wconf 89' lang='lat' dir='ltr'><strong>ait:</strong></span> <span class='ocrx_word' id='word_1_695' title='bbox 1398 4529 1412 4558; x_wconf 90' lang='grc' dir='ltr'><strong>ιι</strong></span> <span class='ocrx_word' id='word_1_696' title='bbox 1440 4504 1529 4563; x_wconf 90' lang='lat' dir='ltr'><strong>lsrael</strong></span> <span class='ocrx_word' id='word_1_697' title='bbox 1545 4504 1619 4578; x_wconf 82' lang='lat' dir='ltr'><strong>lugit</strong></span> <span class='ocrx_word' id='word_1_698' title='bbox 1637 4503 1667 4561; x_wconf 92' lang='lat' dir='ltr'><strong>in</strong></span> <span class='ocrx_word' id='word_1_699' title='bbox 1687 4499 1878 4560; x_wconf 83' lang='lat' dir='ltr'><strong>tabernacula</strong></span> 
     </span>
     <span class='ocr_line' id='line_1_49' title="bbox 167 4590 1878 4682; baseline -0.008 -18"><span class='ocrx_word' id='word_1_700' title='bbox 167 4609 269 4666; x_wconf 86' lang='lat' dir='ltr'><strong>tletilia</strong></span> <span class='ocrx_word' id='word_1_701' title='bbox 287 4613 317 4666; x_wconf 89' lang='lat' dir='ltr'><strong>at</strong></span> <span class='ocrx_word' id='word_1_702' title='bbox 335 4613 438 4667; x_wconf 83' lang='lat' dir='ltr'><strong>catera</strong></span> <span class='ocrx_word' id='word_1_703' title='bbox 457 4626 520 4682; x_wconf 81' lang='lat' dir='ltr'><strong>quae</strong></span> <span class='ocrx_word' id='word_1_704' title='bbox 536 4607 735 4680; x_wconf 85' lang='lat' dir='ltr'><strong>sequunturei</strong></span> <span class='ocrx_word' id='word_1_705' title='bbox 746 4604 901 4663; x_wconf 89' lang='lat' dir='ltr'><strong>obtulisse.</strong></span> <span class='ocrx_word' id='word_1_706' title='bbox 1050 4617 1114 4668; x_wconf 89' lang='lat' dir='ltr'><strong>sua,</strong></span> <span class='ocrx_word' id='word_1_707' title='bbox 1132 4621 1146 4650; x_wconf 89' lang='grc' dir='ltr'><strong>ιι</strong></span> <span class='ocrx_word' id='word_1_708' title='bbox 1162 4597 1191 4654; x_wconf 95' lang='lat' dir='ltr'><strong>bi</strong></span> <span class='ocrx_word' id='word_1_709' title='bbox 1205 4595 1387 4670; x_wconf 83' lang='lat' dir='ltr'><strong>intelligendi</strong></span> <span class='ocrx_word' id='word_1_710' title='bbox 1403 4600 1483 4668; x_wconf 89' lang='lat' dir='ltr'><strong>aunt,</strong></span> <span class='ocrx_word' id='word_1_711' title='bbox 1505 4593 1639 4668; x_wconf 87' lang='lat' dir='ltr'><strong>quicum</strong></span> <span class='ocrx_word' id='word_1_712' title='bbox 1658 4590 1796 4650; x_wconf 85' lang='lat' dir='ltr'><strong>Absaiom</strong></span> <span class='ocrx_word' id='word_1_713' title='bbox 1810 4604 1878 4664; x_wconf 83' lang='lat' dir='ltr'><strong>per·</strong></span> 
     </span>
     <span class='ocr_line' id='line_1_50' title="bbox 202 4685 1410 4774; baseline -0.012 -18"><span class='ocrx_word' id='word_1_714' title='bbox 202 4699 285 4774; x_wconf 81' lang='lat' dir='ltr'><strong>(Cap.</strong></span> <span class='ocrx_word' id='word_1_715' title='bbox 302 4697 401 4756; x_wconf 88' lang='lat' dir='ltr'><strong>xv111.</strong></span> <span class='ocrx_word' id='word_1_716' title='bbox 418 4730 452 4740; x_wconf 91' lang='lat'>—</span> <span class='ocrx_word' id='word_1_717' title='bbox 464 4701 547 4756; x_wconf 84' lang='lat' dir='ltr'><strong>vers.</strong></span> <span class='ocrx_word' id='word_1_718' title='bbox 563 4698 604 4771; x_wconf 88' lang='grc'><strong>8.)</strong></span> <span class='ocrx_word' id='word_1_719' title='bbox 624 4719 638 4749; x_wconf 90' lang='grc' dir='ltr'><strong>ιι</strong></span> <span class='ocrx_word' id='word_1_720' title='bbox 659 4695 724 4753; x_wconf 83' lang='lat' dir='ltr'><strong>Fuit</strong></span> <span class='ocrx_word' id='word_1_721' title='bbox 743 4699 841 4753; x_wconf 88' lang='lat' dir='ltr'><strong>autem</strong></span> <span class='ocrx_word' id='word_1_722' title='bbox 861 4692 901 4751; x_wconf 90' lang='lat' dir='ltr'><strong>ibi</strong></span> <span class='ocrx_word' id='word_1_723' title='bbox 922 4707 995 4767; x_wconf 83' lang='lat' dir='ltr'><strong>pre·</strong></span> <span class='ocrx_word' id='word_1_724' title='bbox 1051 4686 1213 4746; x_wconf 88' lang='lat' dir='ltr'><strong>duelliones</strong></span> <span class='ocrx_word' id='word_1_725' title='bbox 1225 4685 1410 4743; x_wconf 82' lang='lat' dir='ltr'><strong>exstiterant.</strong></span> 
     </span>
     <span class='ocr_line' id='line_1_51' title="bbox 166 4765 1879 4861; baseline -0.01 -17"><span class='ocrx_word' id='word_1_726' title='bbox 166 4788 240 4845; x_wconf 92' lang='lat' dir='ltr'><strong>tium</strong></span> <span class='ocrx_word' id='word_1_727' title='bbox 251 4787 417 4860; x_wconf 89' lang='lat' dir='ltr'><strong>dispersum</strong></span> <span class='ocrx_word' id='word_1_728' title='bbox 429 4805 518 4861; x_wconf 90' lang='lat' dir='ltr'><strong>super</strong></span> <span class='ocrx_word' id='word_1_729' title='bbox 531 4786 633 4846; x_wconf 83' lang='lat' dir='ltr'><strong>taciem</strong></span> <span class='ocrx_word' id='word_1_730' title='bbox 644 4784 740 4843; x_wconf 89' lang='lat' dir='ltr'><strong>omnis</strong></span> <span class='ocrx_word' id='word_1_731' title='bbox 751 4788 845 4842; x_wconf 82' lang='lat' dir='ltr'><strong>terra.</strong></span> <span class='ocrx_word' id='word_1_732' title='bbox 856 4783 891 4840; x_wconf 84' lang='grc' dir='ltr'><strong>Ει</strong></span> <span class='ocrx_word' id='word_1_733' title='bbox 901 4779 994 4840; x_wconf 90' lang='lat' dir='ltr'><strong>multo</strong></span> <span class='ocrx_word' id='word_1_734' title='bbox 1086 4776 1179 4849; x_wconf 83' lang='lat' dir='ltr'><strong>(Vere.</strong></span> <span class='ocrx_word' id='word_1_735' title='bbox 1192 4776 1250 4848; x_wconf 86' lang='grc' dir='ltr'><strong><em>2ι.)</em></strong></span> <span class='ocrx_word' id='word_1_736' title='bbox 1265 4797 1279 4826; x_wconf 93' lang='grc' dir='ltr'><strong>ιι</strong></span> <span class='ocrx_word' id='word_1_737' title='bbox 1294 4771 1492 4848; x_wconf 89' lang='lat' dir='ltr'><strong>Mipbiboseth</strong></span> <span class='ocrx_word' id='word_1_738' title='bbox 1508 4788 1626 4845; x_wconf 86' lang='lat' dir='ltr'><strong>quoque</strong></span> <span class='ocrx_word' id='word_1_739' title='bbox 1640 4769 1720 4828; x_wconf 88' lang='lat' dir='ltr'><strong>llliue</strong></span> <span class='ocrx_word' id='word_1_740' title='bbox 1732 4765 1879 4826; x_wconf 82' lang='lat' dir='ltr'><strong>Jonnthan</strong></span> 
     </span>
     <span class='ocr_line' id='line_1_52' title="bbox 167 4854 1881 4949; baseline -0.011 -19"><span class='ocrx_word' id='word_1_741' title='bbox 167 4875 268 4949; x_wconf 90' lang='lat' dir='ltr'><strong>plures</strong></span> <span class='ocrx_word' id='word_1_742' title='bbox 280 4877 365 4932; x_wconf 89' lang='lat' dir='ltr'><strong>erant</strong></span> <span class='ocrx_word' id='word_1_743' title='bbox 379 4891 454 4948; x_wconf 89' lang='lat' dir='ltr'><strong>quos</strong></span> <span class='ocrx_word' id='word_1_744' title='bbox 469 4874 564 4932; x_wconf 89' lang='lat' dir='ltr'><strong>saltas</strong></span> <span class='ocrx_word' id='word_1_745' title='bbox 578 4877 803 4946; x_wconf 86' lang='lat' dir='ltr'><strong>consumpserat</strong></span> <span class='ocrx_word' id='word_1_746' title='bbox 825 4873 861 4928; x_wconf 91' lang='lat' dir='ltr'><strong>da</strong></span> <span class='ocrx_word' id='word_1_747' title='bbox 877 4867 994 4944; x_wconf 88' lang='lat' dir='ltr'><strong>populo,</strong></span> <span class='ocrx_word' id='word_1_748' title='bbox 1051 4863 1204 4944; x_wconf 85' lang='lat' dir='ltr'><strong>descendit</strong></span> <span class='ocrx_word' id='word_1_749' title='bbox 1219 4865 1248 4919; x_wconf 93' lang='lat' dir='ltr'><strong>in</strong></span> <span class='ocrx_word' id='word_1_750' title='bbox 1264 4878 1422 4919; x_wconf 84' lang='lat' dir='ltr'><strong>occursum</strong></span> <span class='ocrx_word' id='word_1_751' title='bbox 1449 4861 1525 4934; x_wconf 80' lang='lat' dir='ltr'><strong>regis</strong></span> <span class='ocrx_word' id='word_1_752' title='bbox 1545 4859 1635 4917; x_wconf 88' lang='lat' dir='ltr'><strong>illotis</strong></span> <span class='ocrx_word' id='word_1_753' title='bbox 1661 4857 1793 4927; x_wconf 79' lang='lat' dir='ltr'><strong>pedibus.</strong></span> <span class='ocrx_word' id='word_1_754' title='bbox 1808 4877 1822 4908; x_wconf 88' lang='grc' dir='ltr'><strong>ιι</strong></span> <span class='ocrx_word' id='word_1_755' title='bbox 1844 4854 1881 4911; x_wconf 83' lang='grc' dir='ltr'><strong>ιιι</strong></span> 
     </span>
     <span class='ocr_line' id='line_1_53' title="bbox 168 4943 1880 5039; baseline -0.013 -17"><span class='ocrx_word' id='word_1_756' title='bbox 168 4981 258 5038; x_wconf 83' lang='lat' dir='ltr'><strong>quam</strong></span> <span class='ocrx_word' id='word_1_757' title='bbox 273 4963 304 5020; x_wconf 90' lang='lat' dir='ltr'><strong>hi</strong></span> <span class='ocrx_word' id='word_1_758' title='bbox 321 4981 396 5039; x_wconf 86' lang='lat' dir='ltr'><strong>quos</strong></span> <span class='ocrx_word' id='word_1_759' title='bbox 411 4967 563 5022; x_wconf 83' lang='lat' dir='ltr'><strong>voraverat</strong></span> <span class='ocrx_word' id='word_1_760' title='bbox 577 4961 694 5037; x_wconf 82' lang='lat' dir='ltr'><strong>gladius</strong></span> <span class='ocrx_word' id='word_1_761' title='bbox 710 4963 740 5017; x_wconf 93' lang='lat' dir='ltr'><strong>in</strong></span> <span class='ocrx_word' id='word_1_762' title='bbox 756 4960 842 5017; x_wconf 91' lang='lat' dir='ltr'><strong>bello.</strong></span> <span class='ocrx_word' id='word_1_763' title='bbox 860 4983 874 5010; x_wconf 92' lang='grc' dir='ltr'><strong>ιι</strong></span> <span class='ocrx_word' id='word_1_764' title='bbox 885 4958 996 5016; x_wconf 87' lang='lat' dir='ltr'><strong>Staltue</strong></span> <span class='ocrx_word' id='word_1_765' title='bbox 1052 4954 1214 5011; x_wconf 87' lang='lat' dir='ltr'><strong>notandum</strong></span> <span class='ocrx_word' id='word_1_766' title='bbox 1231 4952 1308 5024; x_wconf 90' lang='lat' dir='ltr'><strong>quod</strong></span> <span class='ocrx_word' id='word_1_767' title='bbox 1321 4951 1350 5006; x_wconf 94' lang='lat' dir='ltr'><strong>in</strong></span> <span class='ocrx_word' id='word_1_768' title='bbox 1365 4949 1486 5006; x_wconf 71' lang='lat' dir='ltr'><strong>Hebraeo</strong></span> <span class='ocrx_word' id='word_1_769' title='bbox 1502 4965 1558 5004; x_wconf 91' lang='lat' dir='ltr'><strong>non</strong></span> <span class='ocrx_word' id='word_1_770' title='bbox 1575 4947 1663 5005; x_wconf 88' lang='lat' dir='ltr'><strong>illotis</strong></span> <span class='ocrx_word' id='word_1_771' title='bbox 1674 4944 1798 5020; x_wconf 86' lang='lat' dir='ltr'><strong>pedibus</strong></span> <span class='ocrx_word' id='word_1_772' title='bbox 1808 4943 1880 5018; x_wconf 76' lang='lat' dir='ltr'><strong>legi·</strong></span> 
     </span>
     <span class='ocr_line' id='line_1_54' title="bbox 168 5030 1880 5134; baseline -0.012 -24"><span class='ocrx_word' id='word_1_773' title='bbox 168 5053 217 5110; x_wconf 89' lang='lat' dir='ltr'><strong>hie</strong></span> <span class='ocrx_word' id='word_1_774' title='bbox 232 5053 282 5126; x_wconf 91' lang='lat' dir='ltr'><strong>qui</strong></span> <span class='ocrx_word' id='word_1_775' title='bbox 292 5053 392 5127; x_wconf 86' lang='lat' dir='ltr'><strong>pluras</strong></span> <span class='ocrx_word' id='word_1_776' title='bbox 403 5053 634 5126; x_wconf 89' lang='lat' dir='ltr'><strong>consumpsisse,</strong></span> <span class='ocrx_word' id='word_1_777' title='bbox 647 5068 735 5124; x_wconf 90' lang='lat' dir='ltr'><strong>quam</strong></span> <span class='ocrx_word' id='word_1_778' title='bbox 747 5049 995 5125; x_wconf 83' lang='lat' dir='ltr'><strong>gladiusvorasse,</strong></span> <span class='ocrx_word' id='word_1_779' title='bbox 1051 5050 1109 5112; x_wconf 88' lang='lat' dir='ltr'><strong>tur,</strong></span> <span class='ocrx_word' id='word_1_780' title='bbox 1133 5043 1194 5114; x_wconf 90' lang='lat' dir='ltr'><strong>sed,</strong></span> <span class='ocrx_word' id='word_1_781' title='bbox 1217 5039 1331 5114; x_wconf 79' lang='lat' dir='ltr'><strong>pedibus</strong></span> <span class='ocrx_word' id='word_1_782' title='bbox 1351 5041 1458 5111; x_wconf 70' lang='lat' dir='ltr'><strong>infectis</strong></span> <span class='ocrx_word' id='word_1_783' title='bbox 1472 5039 1521 5110; x_wconf 86' lang='grc' dir='ltr'><strong><em>(ιι).</em></strong></span> <span class='ocrx_word' id='word_1_784' title='bbox 1536 5038 1655 5094; x_wconf 84' lang='lat' dir='ltr'><strong>Fecerat</strong></span> <span class='ocrx_word' id='word_1_785' title='bbox 1677 5051 1803 5108; x_wconf 87' lang='lat' dir='ltr'><strong>namque</strong></span> <span class='ocrx_word' id='word_1_786' title='bbox 1821 5030 1880 5134; x_wconf 73' lang='lat' dir='ltr'><strong>sibi</strong></span> 
     </span>
     <span class='ocr_line' id='line_1_55' title="bbox 169 5121 1879 5219; baseline -0.013 -19"><span class='ocrx_word' id='word_1_787' title='bbox 169 5141 413 5219; x_wconf 79' lang='lat' dir='ltr'><strong>legitur,bastias</strong></span> <span class='ocrx_word' id='word_1_788' title='bbox 439 5141 645 5210; x_wconf 76' lang='lat' dir='ltr'><strong>ferocissimas,</strong></span> <span class='ocrx_word' id='word_1_789' title='bbox 679 5139 788 5214; x_wconf 86' lang='lat' dir='ltr'><strong>quain</strong></span> <span class='ocrx_word' id='word_1_790' title='bbox 823 5137 998 5195; x_wconf 90' lang='lat' dir='ltr'><strong>saltuerant</strong></span> <span class='ocrx_word' id='word_1_791' title='bbox 1052 5134 1130 5190; x_wconf 84' lang='lat' dir='ltr'><strong>idern</strong></span> <span class='ocrx_word' id='word_1_792' title='bbox 1146 5127 1343 5204; x_wconf 88' lang='lat' dir='ltr'><strong>Mipbiboseth</strong></span> <span class='ocrx_word' id='word_1_793' title='bbox 1360 5126 1587 5200; x_wconf 78' lang='lat' dir='ltr'><strong>ligneospedes,</strong></span> <span class='ocrx_word' id='word_1_794' title='bbox 1605 5125 1713 5198; x_wconf 89' lang='lat' dir='ltr'><strong>quibua</strong></span> <span class='ocrx_word' id='word_1_795' title='bbox 1736 5121 1879 5196; x_wconf 80' lang='lat' dir='ltr'><strong>utiquam</strong></span> 
     </span>
     <span class='ocr_line' id='line_1_56' title="bbox 170 5209 1878 5304; baseline -0.013 -14"><span class='ocrx_word' id='word_1_796' title='bbox 170 5232 282 5290; x_wconf 80' lang='lat' dir='ltr'><strong>Hebraei</strong></span> <span class='ocrx_word' id='word_1_797' title='bbox 316 5237 483 5302; x_wconf 87' lang='lat' dir='ltr'><strong>antumant,</strong></span> <span class='ocrx_word' id='word_1_798' title='bbox 510 5251 527 5289; x_wconf 90' lang='lat' dir='ltr'><strong>a</strong></span> <span class='ocrx_word' id='word_1_799' title='bbox 556 5231 664 5304; x_wconf 86' lang='lat' dir='ltr'><strong>quibus</strong></span> <span class='ocrx_word' id='word_1_800' title='bbox 692 5230 793 5304; x_wconf 90' lang='lat' dir='ltr'><strong>plures</strong></span> <span class='ocrx_word' id='word_1_801' title='bbox 827 5226 996 5300; x_wconf 89' lang='lat' dir='ltr'><strong>consumpti</strong></span> <span class='ocrx_word' id='word_1_802' title='bbox 1052 5209 1878 5296; x_wconf 85' lang='lat' dir='ltr'><strong>pronaturulibussotebat:sicutsolentlaeereelaudi,</strong></span> 
     </span>
    </p>
   </div>
   <div class='ocr_carea' id='block_1_3' title="bbox 170 5303 1873 5490">
    <p class='ocr_par' dir='ltr' id='par_1_3' title="bbox 170 5303 1873 5490">
     <span class='ocr_line' id='line_1_57' title="bbox 170 5303 1499 5396; baseline -0.016 -16"><span class='ocrx_word' id='word_1_803' title='bbox 170 5339 260 5396; x_wconf 88' lang='lat' dir='ltr'><strong>quam</strong></span> <span class='ocrx_word' id='word_1_804' title='bbox 276 5338 293 5378; x_wconf 92' lang='lat' dir='ltr'><strong>a</strong></span> <span class='ocrx_word' id='word_1_805' title='bbox 308 5321 406 5396; x_wconf 78' lang='lat' dir='ltr'><strong>gladio</strong></span> <span class='ocrx_word' id='word_1_806' title='bbox 422 5321 513 5378; x_wconf 89' lang='lat' dir='ltr'><strong>vorati</strong></span> <span class='ocrx_word' id='word_1_807' title='bbox 530 5320 648 5376; x_wconf 86' lang='lat' dir='ltr'><strong>luerint.</strong></span> <span class='ocrx_word' id='word_1_808' title='bbox 1052 5309 1303 5386; x_wconf 88' lang='lat' dir='ltr'><strong>quemadmodum</strong></span> <span class='ocrx_word' id='word_1_809' title='bbox 1318 5309 1348 5362; x_wconf 89' lang='lat' dir='ltr'><strong>et</strong></span> <span class='ocrx_word' id='word_1_810' title='bbox 1362 5303 1411 5360; x_wconf 89' lang='lat' dir='ltr'><strong>ille</strong></span> <span class='ocrx_word' id='word_1_811' title='bbox 1426 5308 1499 5360; x_wconf 89' lang='lat' dir='ltr'><strong>erat.</strong></span> 
     </span>
     <span class='ocr_line' id='line_1_58' title="bbox 206 5387 1873 5490; baseline -0.014 -23"><span class='ocrx_word' id='word_1_812' title='bbox 206 5411 301 5484; x_wconf 87' lang='lat' dir='ltr'><strong>(Vere.</strong></span> <span class='ocrx_word' id='word_1_813' title='bbox 313 5411 370 5484; x_wconf 86' lang='grc' dir='ltr'><strong><em>ιιι.)</em></strong></span> <span class='ocrx_word' id='word_1_814' title='bbox 389 5435 403 5462; x_wconf 89' lang='grc' dir='ltr'><strong>ιι</strong></span> <span class='ocrx_word' id='word_1_815' title='bbox 426 5411 512 5468; x_wconf 83' lang='grc' dir='ltr'><strong><em>Ροιιο</em></strong></span> <span class='ocrx_word' id='word_1_816' title='bbox 529 5409 667 5466; x_wconf 86' lang='grc' dir='ltr'><strong><em>Αιιιιιοιιι</em></strong></span> <span class='ocrx_word' id='word_1_817' title='bbox 687 5413 817 5466; x_wconf 84' lang='lat' dir='ltr'><strong>erexerat</strong></span> <span class='ocrx_word' id='word_1_818' title='bbox 840 5405 905 5474; x_wconf 89' lang='lat' dir='ltr'><strong>sibi,</strong></span> <span class='ocrx_word' id='word_1_819' title='bbox 927 5421 993 5461; x_wconf 90' lang='lat' dir='ltr'><strong>cum</strong></span> <span class='ocrx_word' id='word_1_820' title='bbox 1065 5482 1070 5490; x_wconf 25' lang='lat'>·</span> <span class='ocrx_word' id='word_1_821' title='bbox 1087 5401 1180 5474; x_wconf 83' lang='lat' dir='ltr'><strong>(vers.</strong></span> <span class='ocrx_word' id='word_1_822' title='bbox 1196 5399 1255 5467; x_wconf 83' lang='lat'><strong>29.)</strong></span> <span class='ocrx_word' id='word_1_823' title='bbox 1270 5419 1283 5448; x_wconf 88' lang='grc' dir='ltr'><strong>ιι</strong></span> <span class='ocrx_word' id='word_1_824' title='bbox 1294 5393 1369 5460; x_wconf 88' lang='lat' dir='ltr'><strong>Quid</strong></span> <span class='ocrx_word' id='word_1_825' title='bbox 1381 5389 1781 5467; x_wconf 68' lang='lat' dir='ltr'><strong>ultraloqueristdixumest</strong></span> <span class='ocrx_word' id='word_1_826' title='bbox 1794 5387 1873 5463; x_wconf 86' lang='lat' dir='ltr'><strong>quod</strong></span> 
     </span>
    </p>
   </div>
   <div class='ocr_carea' id='block_1_4' title="bbox 207 5597 1863 5708">
    <p class='ocr_par' dir='ltr' id='par_1_4' title="bbox 207 5597 1863 5708">
     <span class='ocr_line' id='line_1_59' title="bbox 207 5597 1863 5708; baseline -0.019 -19"><span class='ocrx_word' id='word_1_827' title='bbox 207 5627 247 5704; x_wconf 83' lang='grc' dir='ltr'><strong><em>(ιι)</em></strong></span> <span class='ocrx_word' id='word_1_828' title='bbox 263 5629 355 5686; x_wconf 86' lang='lat' dir='ltr'><strong>Penes</strong></span> <span class='ocrx_word' id='word_1_829' title='bbox 372 5627 496 5697; x_wconf 66' lang='lat' dir='ltr'><strong>baben„</strong></span> <span class='ocrx_word' id='word_1_830' title='bbox 527 5625 642 5704; x_wconf 80' lang='lat' dir='ltr'><strong>peditus</strong></span> <span class='ocrx_word' id='word_1_831' title='bbox 675 5623 803 5708; x_wconf 55' lang='lat' dir='ltr'><strong>inflatu</strong></span> <span class='ocrx_word' id='word_1_832' title='bbox 837 5621 986 5684; x_wconf 72' lang='lat' dir='ltr'><strong>tantidem</strong></span> <span class='ocrx_word' id='word_1_833' title='bbox 1018 5615 1204 5692; x_wconf 80' lang='grc' dir='ltr'><strong><em>ιιιριιιιιιιιι,</em></strong></span> <span class='ocrx_word' id='word_1_834' title='bbox 1236 5615 1265 5671; x_wconf 84' lang='grc' dir='ltr'><strong>ιιι</strong></span> <span class='ocrx_word' id='word_1_835' title='bbox 1297 5611 1408 5678; x_wconf 83' lang='grc' dir='ltr'><strong><em>ιιιιιιιιι</em></strong></span> <span class='ocrx_word' id='word_1_836' title='bbox 1422 5608 1545 5678; x_wconf 76' lang='lat' dir='ltr'><strong>trudant,</strong></span> <span class='ocrx_word' id='word_1_837' title='bbox 1579 5607 1683 5682; x_wconf 76' lang='lat' dir='ltr'><strong>linceos</strong></span> <span class='ocrx_word' id='word_1_838' title='bbox 1706 5602 1794 5684; x_wconf 60' lang='lat' dir='ltr'><strong>pedu.</strong></span> <span class='ocrx_word' id='word_1_839' title='bbox 1808 5597 1863 5658; x_wconf 76' lang='lat' dir='ltr'><strong>eto.</strong></span> 
     </span>
    </p>
   </div>
   <div class='ocr_carea' id='block_1_5' title="bbox 0 0 2048 6164">
    <p class='ocr_par' dir='ltr' id='par_1_5' title="bbox 0 0 2048 6164">
     <span class='ocr_line' id='line_1_60' title="bbox 0 0 2048 6164; baseline 0 0"><span class='ocrx_word' id='word_1_840' title='bbox 0 0 2048 6164; x_wconf 95' lang='lat' dir='ltr'><strong> </strong></span> 
     </span>
    </p>
   </div>
  </div>
 </body>
</html>
