4078 6162
160 287 223 354 dit
787 284 820 352 S.
843 277 1256 352 obambulatorum.
1793 275 1873 355 Μ

162 422 250 494 cuius
264 420 402 480 laudibus
416 417 534 478 Tullius
547 421 694 493 pertonat,
708 419 834 477 disertos
845 434 877 476 so
892 418 934 474 ait
948 416 988 473 vi·
1002 417 1030 484 A
1044 416 1153 488 gatus?
1167 417 1199 474 A.
1215 413 1261 471 ida
1274 409 1447 487 interrogaui
1477 407 1675 486 Resp'ondabit
1697 409 1753 470 tibi
1776 426 1868 470 saan-

163 511 243 570 disee
265 509 387 580 multos,
410 509 597 583 eloquentem
623 509 719 566 adhue
742 507 902 566 nominem.
926 504 991 562 Noti
1044 503 1139 578 getica
1153 504 1234 572 tuba;
1251 503 1357 560 Denter
1371 501 1515 578 gentium,
1535 517 1587 560 aas
1607 516 1731 560 aureum
1751 500 1783 558 in
1806 502 1867 566 tcto

162 613 232 674 ergo
246 599 320 657 mihi
334 599 484 656 oratorum
509 603 539 655 ot
561 615 618 657 non
644 598 705 656 tuis
730 597 853 655 boribus
877 595 989 663 ludere,
1044 593 1115 650 orbe
1130 593 1359 667 resplendebat«
1374 591 1756 666 Regnavitmoraabbdam
1767 603 1864 663 usum

161 704 214 762 por
228 705 303 762 quos
314 687 409 745 solent
419 687 626 762 imperitorum
636 691 725 762 atque
735 701 893 758 puerorum
904 691 990 742 aures
1045 683 1081 739 ad
1095 682 1214 757 ltoysen
1231 698 1238 738 :
1255 680 1343 739 etiam
1357 681 1387 738 in
1401 677 1464 750 eos',
1479 677 1530 754 qui
1545 697 1604 738 non
1620 678 1867 756 peccaveruntia

162 776 269 850 decipi,
285 777 337 834 sed
361 775 535 850 simpliciter
559 776 606 834 dic
630 775 704 832 mihi
728 775 800 848 quid
823 772 943 831 sentiae.
958 773 987 830 C.
1043 770 1272 828 similitudinem
1285 767 1531 844 prevaricationis
1544 768 1703 848 Adam,qui
1717 767 1869 826 astsorma

162 865 221 922 Hoc
236 865 312 935 dico,
327 865 471 922 concedas
485 865 559 922 mihi
574 863 680 922 saltam
694 879 744 921 sos
759 879 824 921 ease
838 862 901 920 sine
921 877 988 936 pao·
1043 860 1135 936 tutori
1150 857 1237 933 (lium.
1254 877 1284 927 v,
1297 858 1356 931 tt).
1373 881 1388 910 ιι
1404 859 1486 924 Quod
1508 855 1535 915 ai
1557 854 1701 931 obieceris
1728 855 1788 914 dici
1802 871 1868 916 esse

162 956 238 1019 cato,
254 953 305 1026 qui
320 969 439 1025 paccare
455 969 512 1009 non
526 955 662 1026 possunt,
676 951 709 1009 A.
729 951 891 1009 Concedam
916 949 942 1006 ei
957 949 987 1006 in
1042 947 1158 1022 aliquos
1172 948 1194 1016 ⁸,
1209 949 1260 1021 qui
1275 963 1333 1004 non
1348 950 1551 1022 peccaverunt,
1566 945 1698 1020 intellige
1720 961 1770 1004 eos
1791 943 1866 1002 illud

161 1041 277 1100 Christo
303 1041 413 1098 fuerint
435 1039 587 1114 baptizati,
610 1055 663 1098 nec
685 1039 764 1097 illico
779 1042 788 1076 ¹
804 1057 851 1097 me
874 1037 988 1096 tenebis
1042 1054 1100 1095 non
1116 1053 1252 1112 peccasse
1266 1039 1431 1110 peccatum,
1443 1036 1522 1108 quod
1537 1035 1670 1110 peccaut
1682 1034 1776 1092 Mam
1791 1049 1867 1108 pr·-

161 1131 363 1187 inasaensum
380 1129 688 1202 renuntiaremus
706 1127 806 1184 dixisti
829 1143 915 1202 pesae
934 1125 986 1183 ho·
1040 1127 1197 1184 varicande
1212 1126 1244 1183 in
1266 1125 1404 1200 paradiso
1427 1128 1606 1200 preceptum
1631 1123 1694 1181 liei.
1721 1123 1865 1198 (interm

165 1217 275 1276 minem
297 1218 360 1276 sine
384 1221 502 1291 peccate
522 1234 588 1276 ease
611 1217 636 1274 si
649 1216 719 1274 velit
733 1235 741 1286 3
757 1216 806 1274 isti
830 1216 909 1274 anim
933 1231 987 1272 uae
1040 1230 1143 1273 omnes
1157 1215 1305 1284 homines,
1320 1219 1371 1272 aut
1393 1213 1510 1288 antiqui
1531 1213 1739 1288 propagatoris
1757 1213 1863 1283 Adon,

160 1309 295 1386 possunt,
312 1321 365 1363 nec
379 1305 482 1362 volunt
497 1322 505 1362 ι
522 1305 573 1362 aed
589 1305 653 1363 aina
666 1304 854 1378 utiopeccato
868 1319 920 1378 per
937 1303 987 1362 Dei
1040 1308 1092 1362 aut
1114 1321 1168 1362 sao
1191 1305 1310 1362 nomiae
1334 1306 1472 1362 tenentur
1501 1302 1628 1373 abnoxii,
1649 1301 1704 1368 Qui
1724 1302 1865 1376 parvulus

160 1395 286 1468 gratiam
302 1398 382 1464 sunt,
398 1411 487 1468 quam
505 1394 535 1450 in
560 1393 707 1468 baptismo
731 1396 934 1466 susceperunt.
955 1392 985 1450 C.
1040 1399 1096 1463 est,
1116 1393 1313 1467 parentistin
1337 1391 1483 1466 baptismo
1506 1391 1624 1450 vinculo
1652 1390 1786 1450 wlstan.
1810 1391 1866 1456 Oai

159 1481 246 1558 Cogis
261 1499 319 1555 me,
333 1487 368 1539 ut
379 1482 418 1539 ad
433 1481 613 1540 invidiosum
628 1481 702 1539 illud
719 1482 832 1538 renium
846 1483 875 1538 et
888 1479 985 1537 dicam
1040 1485 1105 1556 ojus
1120 1481 1215 1540 atatis
1229 1487 1286 1549 sat,
1300 1497 1366 1556 quaa
1380 1480 1478 1556 potest
1490 1495 1605 1554 sapore,
1618 1483 1648 1538 et
1661 1479 1758 1541 alieno
1769 1483 1801 1538 et
1810 1495 1865 1540 sao

158 1569 214 1627 tibi
231 1571 328 1638 :Quid
345 1569 650 1644 enimpsccavsrunt‘i
666 1570 814 1628 utstatim
830 1569 859 1626 in
877 1585 923 1626 me
934 1585 984 1643 po·
1039 1571 1148 1629 Christi
1159 1571 1304 1645 sanguine
1318 1569 1469 1628 liberatur.
1496 1569 1575 1628 Su
1595 1571 1635 1628 bc
1650 1585 1688 1628 ne
1709 1584 1759 1628 me
1778 1573 1865 1644 putes

158 1657 298 1733 putorem
312 1658 426 1731 lapides
450 1659 601 1732 conjicias,
629 1663 658 1716 et
681 1675 769 1732 quem
788 1657 901 1716 viribus
925 1673 984 1714 noa
1039 1659 1174 1718 heretico
1189 1659 1348 1718 sansuboe
1361 1658 1534 1733 intelligere,
1558 1659 1663 1717 beatus
1684 1661 1797 1733 martyr
1809 1659 1865 1733 tip-

159 1751 253 1822 potes,
267 1747 417 1806 voluntate
431 1749 601 1806 interficias.
623 1749 656 1806 A.
676 1748 727 1806 ltte
751 1748 921 1805 hereticum
944 1747 984 1802 in·
1039 1749 1258 1823 prianus,cuiua
1272 1753 1302 1806 te
1314 1747 1341 1805 ie
1356 1749 1577 1822 scripturarum
1590 1747 1774 1806 testimoniis
1786 1747 1868 1824 dips-

158 1839 274 1908 teriicit,
288 1838 339 1899 oui
355 1854 420 1895 esse
439 1836 609 1894 hereticum
633 1837 754 1910 patitur.
775 1835 918 1892 Caeterum
933 1851 985 1892 no·
1039 1837 1139 1896 randis
1150 1838 1290 1896 amotum
1305 1836 1452 1914 gloriaris,
1467 1838 1497 1894 in
1511 1836 1637 1912 epistota
1650 1853 1740 1911 quam
1761 1836 1868 1894 scribit

158 1932 221 1986 stra
245 1927 389 2000 correptio
412 1925 570 1984 vivificatio
597 1929 642 1983 eat
658 1941 665 1980 :
681 1929 714 1982 ut
728 1924 830 1982 haeresi
845 1923 985 1993 moriens,
1039 1928 1076 1984 ad
1101 1927 1273 2002 episcopum
1299 1927 1404 1984 Fidum
1430 1926 1655 1984 deicientibus
1679 1925 1868 2000 baptisandis

157 2017 238 2073 vivas
253 2014 402 2074 catholieo
418 2015 498 2084 tidoi,
526 2015 554 2072 C.
571 2013 600 2071 Si
629 2031 683 2072 nos
711 2013 793 2072 scitis
822 2012 985 2078 hereticos,
1038 2014 1101 2072 haec
1116 2019 1282 2072 memorat:
1299 2037 1314 2065 «ι
1329 2019 1419 2071 Porro
1434 2017 1533 2072 autem
1557 2014 1582 2070 si
1610 2013 1703 2072 etiam
1725 2013 1869 2087 muisd-

157 2122 210 2165 cur
230 2122 288 2164 non
303 2105 450 2164 accusatis
465 2105 479 2161 ‘t
494 2110 527 2162 Α.
543 2104 618 2173 Quia
627 2102 786 2178 apostotus
801 2104 862 2176 (Tit.
879 2102 922 2176 ιιι)
938 2117 985 2158 me
1039 2102 1096 2160 mis
1110 2101 1313 2170 delictoribus,
1328 2107 1358 2160 et
1371 2103 1401 2159 in
1417 2106 1509 2161 ὓοιιοι
1520 2100 1722 2160 me1t0⁸anoa
1736 2113 1866 2176 peccau-

158 2195 337 2252 docet8⁰⁸
361 2193 531 2253 hereticum
553 2197 621 2268 post
648 2210 739 2252 unam
767 2198 796 2250 et
824 2192 984 2250 secundam
1038 2193 1209 2263 tibus,eum
1225 2189 1868 2265 posuecrauieerintpemiaaiomauram
1946 2259 1949 2266 ⁴

158 2283 372 2357 correptionem
386 2283 489 2353 vitare,
498 2299 556 2339 non
572 2297 720 2351 accusare,
731 2281 829 2339 sciens
838 2280 909 2354 quia
923 2295 986 2354 pen-
1038 2281 1135 2350 datur,
1151 2285 1180 2338 et
1194 2278 1364 2353 abaptismo
1375 2282 1465 2352 atque
1476 2277 1573 2352 pratia
1582 2279 1869 2352 namoprobihetar,

156 2387 259 2429 versuo
274 2371 314 2428 sit
327 2375 357 2428 et
371 2371 549 2444 squudicio
564 2368 858 2443 damnatusalioqui
873 2368 985 2428 stultis·
1038 2373 1149 2445 quanto
1178 2369 1276 2442 magis
1303 2367 1452 2442 prohiberi
1480 2383 1539 2424 non
1568 2368 1655 2426 debet
1676 2366 1787 2437 intans,
1811 2366 1868 2440 qai

157 2461 268 2518 dmum
283 2463 338 2529 est,
355 2476 443 2534 super
458 2460 516 2516 tide
530 2476 597 2517 mea
610 2461 632 2529 ¹,
647 2475 695 2516 me
714 2475 749 2516 ex
768 2458 890 2516 alterius
913 2475 986 2532 pan·
1038 2475 1140 2517 recens
1155 2462 1245 2516 catus
1256 2456 1330 2514 nihil
1345 2457 1487 2530 peccauit,
1512 2456 1572 2514 nisi
1590 2457 1669 2530 qued
1693 2455 1868 2514 secundum

157 2548 361 2624 derajudicio.
377 2547 452 2616 Quid
467 2548 546 2605 enim
567 2549 593 2605 ai
608 2552 636 2605 te
656 2547 733 2606 alius
747 2546 923 2605 catholicum
940 2546 983 2604 di·
1037 2549 1129 2606 Adam
1144 2546 1302 2605 carnaliter
1316 2550 1405 2604 natue
1420 2546 1591 2620 contagium
1608 2544 1869 2619 mortuamque

156 2638 243 2710 xerit,
258 2637 397 2696 statimne
418 2653 574 2696 assensum
591 2636 935 2708 tribuamiQuieunque
955 2639 984 2692 te
1038 2637 1135 2712 prima
1154 2635 1305 2694 nativitate
1328 2634 1473 2694 contraxit
1495 2635 1579 2708 tqni
1594 2635 1631 2692 ed
1654 2633 1870 2694 remissionem

159 2723 332 2797 detenderit,
361 2730 391 2783 et
418 2741 555 2798 perversa
577 2725 743 2782 credentem
772 2723 847 2784 bene
875 2723 984 2782 sentire
1037 2729 1223 2802 peccatorum
1237 2722 1716 2799 accipiendam,hocipaotscitius
1737 2725 1870 2796 romeu,

160 2813 275 2884 dixerit,
290 2831 348 2872 non
364 2814 418 2871 hoe
434 2815 506 2887 egit,
521 2819 555 2871 ut
569 2819 598 2872 te
610 2813 734 2871 infamia
756 2813 869 2880 liberet,
885 2813 935 2870 aad
952 2817 984 2869 ut
1038 2816 1115 2888 quod
1130 2813 1174 2872 itti
1194 2813 1386 2872 remittuntur
1399 2831 1457 2872 non
1473 2812 1601 2888 propria,
1614 2813 1668 2870 sed
1683 2811 1780 2870 aliena
1793 2829 1870 2886 pas-

156 2902 983 2978 seintametperfidia.lduttitudosociorumnequaquam
1037 2909 1102 2962 cata
1118 2904 1124 2959 t
1138 2905 1174 2960 Et
1199 2902 1319 2972 ideireo,
1347 2905 1437 2962 irater
1464 2901 1648 2970 charissime,
1666 2901 1728 2958 boc
1749 2901 1810 2959 tuit
1835 2903 1869 2960 in

157 2997 186 3050 te
201 2991 391 3062 catholicum,
407 2992 458 3049 sed
475 2991 643 3050 hereticum
669 3007 734 3049 ease
758 2989 981 3049 demonstrabit.
1036 2992 1159 3051 coneilio
1175 2996 1276 3048 nostra
1290 2991 1444 3060 mutantia,
1461 3009 1478 3049 a
1492 2989 1640 3065 baptismo
1664 2993 1753 3063 atque
1766 2989 1870 3064 gratia

156 3081 264 3138 Verum
280 3081 341 3137 hac
355 3079 552 3138 ecclesiastico
567 3081 719 3139 calcentur
732 3080 816 3152 pedo,
836 3096 872 3137 no
896 3079 982 3153 quasi
1036 3080 1160 3154 Dei,qui
1173 3079 1311 3138 omnibus
1334 3081 1501 3138 misericors
1525 3084 1555 3138 et
1573 3077 1720 3152 benignus
1739 3083 1770 3136 et
1792 3080 1869 3153 pius

158 3168 287 3244 parvulis
301 3169 439 3226 dontibus
447 3169 560 3226 tristior
581 3169 716 3242 quadam
727 3169 824 3244 imago
835 3173 978 3226 monstre-
994 3158 1017 3228 G
1035 3175 1090 3242 est,
1106 3169 1254 3228 neminem
1264 3185 1316 3243 per
1327 3185 1381 3226 noa
1395 3169 1501 3227 debere
1515 3167 1673 3242 prohiberi.
1684 3167 1767 3233 Quod
1788 3185 1866 3228 oum

37 3262 44 3276 '
157 3261 216 3314 tur.
233 3257 292 3313 Hoc
309 3256 392 3314 nobis
407 3261 524 3329 praestet
535 3257 586 3314 Dei
606 3257 705 3324 timor,
722 3264 754 3315 ut
779 3275 882 3316 omues
908 3257 983 3316 alios
1037 3259 1277 3318 cireauniaersos
1291 3257 1506 3316 observandum
1517 3256 1868 3330 aitatqueretinsndum,

158 3347 381 3401 contemnamus
395 3345 526 3403 timores.
550 3345 674 3402 Proinde
696 3350 747 3404 aut
765 3346 889 3404 deiende
903 3348 980 3421 quod
1035 3353 1100 3407 tum
1116 3347 1210 3422 magis
1224 3347 1304 3405 eirca
1316 3345 1444 3404 inientes
1457 3346 1539 3420 ipseo
1552 3351 1582 3403 at
1596 3361 1697 3404 recens
1711 3350 1802 3404 uates
1815 3348 1871 3406 ob·

158 3431 266 3501 credis,
289 3435 340 3488 aut
358 3431 492 3505 relinque
516 3434 593 3507 quod
618 3434 775 3492 detondere
788 3435 858 3505 hen
887 3441 979 3509 poteo.
1035 3438 1211 3496 servandum
1227 3440 1309 3511 puta,
1332 3435 1382 3509 qui
1398 3436 1453 3494 hec
1478 3435 1543 3510 ipso
1566 3434 1603 3492 de
1627 3451 1681 3508 ope
1699 3438 1804 3492 nostra
1828 3437 1869 3494 ad

64 3565 68 3580 .
159 3523 369 3594 Quemcunque
390 3521 421 3578 in
440 3522 640 3579 defensionem
662 3524 706 3581 tui
729 3523 897 3596 adduxeris,
921 3541 980 3580 non
1035 3527 1166 3586 divinam
1190 3525 1422 3583 misericordiam
1449 3524 1517 3599 plus
1542 3527 1702 3589 merentur,
1726 3524 1811 3596 quod
1837 3525 1870 3583 in

156 3614 325 3686 patronum,
341 3611 393 3668 sad
407 3610 520 3668 socium
535 3611 711 3670 nominabis.
1035 3616 1130 3689 primo
1152 3615 1253 3674 statim
1278 3613 1439 3673 nativitatis
1469 3629 1528 3670 suu
1556 3615 1622 3670 ortu
1650 3611 1803 3684 plorantes
1833 3631 1871 3672 aa

193 3701 480 3773 ttherea'osentea
495 3702 690 3758 babtizentur:
705 3705 732 3759 et
748 3704 885 3776 Cypriani
908 3705 981 3760 testi-
1034 3706 1148 3773 tientes,
1173 3702 1248 3760 nihii
1263 3699 1343 3760 atiud
1365 3701 1488 3770 iaciunt,
1509 3717 1599 3774 quam
1620 3700 1834 3774 deprecantur.
1850 3725 1868 3756 a

156 3789 290 3848 monium.
311 3790 340 3847 C.
358 3790 416 3860 Dic,
433 3807 542 3864 quase,
557 3796 587 3848 et
610 3805 657 3848 me
683 3790 764 3848 omni
788 3792 881 3850 libera
899 3809 981 3866 que·
1069 3794 1115 3850 to.
1130 3793 1238 3850 Laudat
1253 3790 1281 3848 S.
1296 3791 1491 3864 depectionem.
1504 3820 1540 3832 -
1553 3788 1804 3863 Scripsitdaduoa
1819 3792 1872 3851 vir

157 3877 262 3946 atione,
288 3895 379 3952 quare
404 3879 542 3937 intentati
572 3879 756 3953 baptizentur
778 3881 793 3937 ‘l
816 3885 848 3938 Α.
873 3881 911 3938 Ut
938 3881 980 3940 eis
1034 3887 1156 3940 sanctus
1169 3885 1198 3938 et
1211 3880 1353 3952 eloquens
1367 3879 1523 3954 episcopus
1538 3877 1762 3952 augustinusait
1777 3876 1868 3937 Mar·

157 3969 276 4042 paccata
290 3967 320 4022 iu
335 3967 512 4043 baptismate
526 3967 723 4038 dimittantur,
748 3970 776 4027 C.
802 3970 876 4038 Quid
900 3971 979 4028 enim
1034 3970 1186 4038 collinum,
1199 3969 1250 4042 qni
1261 3973 1362 4041 postea
1372 3968 1427 4026 sub
1438 3967 1548 4024 invidia
1557 3967 1720 4041 tyrannidis
1731 3966 1743 4002 ⁸
1755 3963 1871 4028 bilorn-

157 4071 356 4114 commeruere
370 4057 479 4130 peceati
496 4057 502 4112 t
517 4057 928 4134 QuisquammoaotviturJnon
943 4059 980 4118 li·
1034 4059 1121 4118 ctiaui
1135 4061 1146 4096 ²
1159 4057 1196 4116 ab
1211 4055 1355 4116 haereticis
1370 4057 1510 4114 innocens
1526 4071 1617 4114 cesus
1638 4059 1693 4126 est,
1717 4054 1797 4112 duos
1825 4055 1869 4116 li-

192 4231 201 4266 ¹
216 4229 322 4289 Vocem
337 4233 413 4290 illico
423 4249 459 4290 ax
475 4233 531 4290 tide
545 4249 619 4291 mss.
636 4235 817 4293 eutiocimus.
1033 4239 1119 4296 tibris
1133 4234 1273 4296 scribitur
1286 4233 1442 4292 Herodiano·
1473 4239 1499 4291 ot
1514 4233 1615 4292 Haedi
1635 4232 1681 4290 ael
1695 4231 1796 4290 Erudit
1811 4249 1873 4308 pra

192 4301 251 4360 ¹ln
278 4303 371 4361 Vatia.
401 4308 431 4362 et
457 4311 546 4362 veter.
571 4306 654 4376 edit,
683 4306 804 4364 Stultum
829 4315 869 4365 est
894 4309 978 4380 fidem
1012 4309 1266 4368 ¹tiercscts'eaeaut
1290 4305 1410 4364 Erectio.
1435 4305 1522 4363 Porro
1547 4321 1584 4362 ue
1611 4299 1679 4362 iacti
1703 4303 1872 4366 historiam

156 4388 246 4432 meam
259 4390 295 4430 ec
308 4376 428 4460 atterius
435 4375 558 4448 pdnctcrc
566 4377 684 4449 judicie.
1033 4381 1153 4438 omnino
1190 4382 1350 4460 roteraam,
1366 4377 1557 4434 Heraclianus
1568 4375 1622 4434 iste
1635 4375 1733 4434 ltrieo
1748 4379 1871 4450 comes',

192 4443 204 4482 ⁸
220 4445 300 4530 idom
315 4449 381 4503 vat.
397 4447 504 4532 deditio
516 4463 572 4506 croc
585 4451 702 4522 aliquos.
719 4452 810 4506 Vetus
825 4449 893 4507 edit.
910 4466 978 4510 eum
1032 4467 1101 4536 eum
1116 4453 1152 4508 ab
1167 4397 1294 4508 boneio
1318 4448 1452 4506 deficiens
1478 4460 1547 4505 eum
1576 4447 1689 4521 ingenti
1717 4445 1821 4533 classe
1835 4442 1871 4506 in

158 4517 360 4644 nillil?
376 4517 496 4647 titt
507 4525 690 4648 tzitta·
707 4593 849 4676 arose,
870 4594 937 4652 aa
960 4596 982 4653 e
995 4531 1020 4598 Β
1035 4523 1255 4653 ttttieitt
1268 4519 1307 4648 li
1322 4517 1787 4664 littattlltthlttlt
1814 4533 1870 4650 ἴ

157 4657 245 4787 gaulo
261 4665 327 4732 post
342 4605 432 4743 alieno
442 4665 473 4744 'et
486 4679 535 4746 ruo
547 4671 656 4734 peccato
671 4661 775 4719 Chresti
788 4667 924 4735 conputas
939 4611 980 4724 li·
1036 4671 1127 4742 repta,
1143 4663 1361 4748 Carthaginem,
1373 4662 1470 4731 rediit,
1486 4663 1537 4720 ubi
1561 4662 1682 4745 demam
1702 4665 1812 4734 eaptus
1836 4667 1871 4719 et

175 4739 280 4788 eretur.
298 4731 414 4816 Regina
429 4731 480 4791 hb.
493 4735 584 4791 alieno
607 4737 655 4792 eut
676 4750 724 4792 suo
749 4745 859 4808 peccate
874 4741 982 4796 terrem
1035 4756 1069 4798 ca
1091 4735 1439 4796 itemmutusest.'1'um
1460 4750 1529 4792 vero
1551 4731 1753 4814 Marcellinus,
1769 4747 1868 4815 quem

159 4801 263 4860 Christi
273 4819 418 4887 scuposas.
434 4808 488 4871 etc,
517 4867 523 4874 ,
546 4875 553 4887 ι
1035 4757 1187 4868 tribunum
1197 4805 1380 4864 etnotorium
1390 4801 1703 4862 miseratitonoriue‘nu
1719 4791 1853 4862 aimoni

193 4875 204 4909 ⁵
231 4877 254 4930 Α
277 4876 316 4959 ud
340 4891 438 4949 ipsum
469 4875 646 4960 tipprrenum
665 4877 783 4933 metam
811 4881 841 4935 et
867 4883 982 4938 remisso
1038 4886 1072 4939 ut
1087 4881 1240 4963 sequester
1253 4882 1330 4935 esset
1353 4875 1523 4934 collationis
1551 4875 1628 4933 inter
1653 4871 1822 4932 Catholicae
1838 4846 1868 4934 el

158 4961 226 5028 cum
266 4951 477 5005 atic.etveter1
492 4949 573 5018 edit,
589 4952 654 5004 tum
669 4955 778 5020 otpoec
787 4951 879 5032 pretio
893 4951 981 5008 etiam
1036 4956 1216 5024 Donatistae,
1231 4949 1303 5006 talso
1318 4947 1433 5006 delatus
1448 4949 1481 5005 cb
1495 4947 1646 5014 baeretieie,
1662 4949 1695 5003 ut
1718 4939 1866 5022 iiierony·

157 5016 245 5073 1niro.
258 5018 365 5076 deinde
388 5020 426 5076 Dc
457 5035 506 5077 oc
528 5028 623 5076 nostre
648 5036 680 5076 cc
703 5019 735 5076 de
762 5019 858 5077 aticiae
873 5025 981 5080 macri·
1036 5041 1104 5082 mus
1118 5021 1339 5096 voeat,proprie
1361 5023 1498 5079 autema
1526 5017 1711 5097 Donatistis,¹
1729 5031 1863 5098 quorum

156 5089 263 5156 cordio,
281 5037 536 5164 quemadmosum
561 5091 650 5148 etiam
675 5089 753 5162 apud
782 5091 859 5148 Hier.
882 5110 982 5151 emen·
1036 5097 1137 5154 odium
1152 5093 1292 5163 subierat,
1308 5092 1386 5166 quod
1412 5109 1442 5149 oe
1471 5091 1501 5148 iu
1524 5088 1742 5149 catholicorum
1771 5089 1867 5170 causa

158 5159 290 5215 dandum
315 5161 440 5228 videtur,
462 5163 645 5220 ttartiauaeus
679 5161 868 5236 posteriorem
892 5165 982 5238 huius
1036 5185 1088 5243 per
1110 5183 1178 5224 uam
1199 5163 1317 5222 strenue
1339 5163 1489 5238 gessisset,
1520 5165 1662 5236 tanquam
1683 5159 1865 5246 He'racliauq

159 5227 216 5286 loci
252 5234 344 5288 artem
360 5233 494 5308 Cypriani
504 5251 569 5292 esso
584 5251 642 5290 non
655 5232 807 5290 intellexit.
1036 5185 1243 5314 perdueltioois
1258 5233 1366 5304 socius,
1382 5231 1514 5306 Quadam
1539 5231 1645 5290 Marini
1656 5231 1746 5316 jussu
1760 5247 1862 5314 secur}

195 5299 206 5336 ⁸
248 5315 305 5357 unc
320 5297 415 5360 locum
433 5305 553 5380 respicit
568 5305 597 5362 S.
617 5305 729 5362 [lector.
755 5305 840 5379 epist.
866 5300 927 5378 itt,
944 5307 980 5365 ad
1036 5310 1281 5386 percutiturcum
1297 5306 1434 5390 optingio
1450 5305 1548 5374 tratre,
1564 5301 1731 5383 Septembri
1744 5317 1862 5372 mense,

158 5371 294 5498 deficat,
312 5375 489 5433 n.1:Certc
512 5377 584 5434 etin
609 5375 740 5450 Dialogo,
770 5392 858 5451 quem
889 5395 983 5508 auser
1036 5372 1867 5452 an.itit.Consonattubat,duguet.epiat.15t,etNo-

159 5442 205 5505 edi
228 5441 248 5510 i,
263 5447 321 5530 tute
336 5444 539 5516 beatitudinis,
554 5449 718 5521 utdignum
733 5445 838 5517 iuerat,
849 5465 929 5508 recor
951 5469 981 5509 a·
1036 5453 1141 5510 cisium
1155 5455 1302 5521 nostrum,
1315 5451 1420 5506 Hister.
1436 5447 1582 5521 Petuplib.
1601 5463 1649 5516 1,c.
1664 5437 1683 5504 5
1698 5451 1704 5502 ὲ
1721 5443 1831 5505 Orosiii
1845 5443 1862 5455 “’

158 5517 209 5572 tus
224 5526 302 5597 eum,
320 5536 335 5565 »
350 5517 404 5572 etc.
1036 5523 1233 5596 lih.v11,cap.
1258 5522 1302 5592 tt,
1319 5543 1334 5574 a
1356 5517 1497 5589 Marinus,
1522 5520 1552 5578 in
1575 5517 1629 5590 uit,
1665 5521 1765 5589 eomes
1782 5535 1843 5594 apa

196 5585 208 5623 ⁸
234 5584 345 5644 Vitiosa
368 5586 556 5674 Martianeua
591 5590 742 5660 Heracliae,
777 5590 871 5654 Vatie.
896 5597 981 5655 itero·
1036 5593 1242 5672 Carthaginem
1267 5588 1423 5674 (incertum
1452 5595 1506 5660 est,
1530 5535 1591 5650 zelo
1614 5589 1797 5666 stimulatus,
1824 5607 1866 5656 aa

158 5655 252 5744 eleuet
265 5673 273 5721 ι
287 5659 373 5722 vetus
387 5659 459 5722 stit.
475 5663 548 5722 satis
561 5660 636 5722 hene
658 5659 840 5728 deuotione.
867 5665 900 5728 tn
916 5665 982 5732 alita
1036 5685 1108 5734 auro
1124 5665 1292 5752 oomuptns)
1306 5662 1337 5728 S.
1348 5661 1553 5732 bucellinum
1567 5659 1684 5746 omitit,
1694 5683 1715 5726 ,ι
