4066 6162
145 263 204 338 eu
699 251 1293 343 corrmreaurnunnnescn:
1785 253 1847 345 ru

145 395 331 480 luitqutndc
345 397 423 468 415
439 421 499 468 nen
511 408 735 483 agnoscebatur,
747 413 775 466 at
790 407 865 465 alins
877 408 1009 480 quan-A
1058 404 1105 468 36.
1127 405 1295 461 Marcionitae
1317 399 1476 476 disputatio.
1492 431 1527 446 -
1546 395 1602 461 Oro
1624 399 1684 473 tol,
1708 393 1760 478 qul
1784 403 1847 476 tau·

144 497 182 555 do
203 495 323 572 agnitus
338 495 406 554 est?
420 496 505 554 Certe
528 513 605 553 unus
626 499 715 570 atque
733 497 811 554 idem
829 501 899 554 erat.
916 496 969 553 Co·
1025 493 1063 552 tis
1088 497 1191 550 eontra
1216 493 1458 551 resurrectionem
1481 493 1572 550 uteris
1595 493 1787 569 argumentis,
1814 493 1848 550 ut

145 601 285 664 gnoscere
304 601 387 658 ergo,
402 589 431 641 et
451 602 509 641 uon
525 601 709 659 cognoscere,
726 585 877 642 centorum
905 585 968 654 luit,
1025 583 1199 656 simpliciter
1220 599 1336 640 mecum
1361 582 1490 656 lcqrraris
1504 584 1524 638 ⁵.
1542 584 1640 640 Credis
1664 600 1729 641 vere
1748 581 1846 640 Demb

145 692 204 734 uon
217 677 282 750 ejus
295 673 349 747 qui
364 673 644 742 videbatur,lioetet
658 675 753 748 ipsius
764 673 969 731 luerit.Oeulos
1024 689 1097 728 num
1112 672 1316 739 resurrexisse,
1332 672 1362 728 in
1377 673 1479 728 eedem
1495 689 1552 744 quc
1567 675 1709 740 mortuus,
1726 688 1784 745 quo
1800 687 1847 730 se·

146 765 228 824 anim
246 763 365 820 tenebat
390 779 504 829 eorum,
520 779 556 819 ne
576 779 607 820 se
622 768 822 838 agnoscerent.
839 763 970 836 Denique
1024 759 1125 833 pultus
1149 765 1194 816 est
1222 776 1352 834 corpore,
1369 776 1468 817 annon
1496 759 1652 817 oredistsi
1673 760 1781 830 eredis,
1795 777 1848 817 cur

151 857 186 913 nt
208 853 282 911 scias
308 869 434 910 errarem
462 851 513 924 qui
538 853 711 908 versabatur
735 851 765 907 in
788 852 895 919 medio,
911 868 969 908 non
1025 849 1082 906 ista
1107 849 1245 922 proponis
1269 865 1322 921 per
1345 865 1407 922 que
1431 849 1604 906 resurrectio
1619 849 1802 922 denegatur?
1816 847 1847 907 Si

153 941 278 1016 corporis
291 939 416 1007 Domini,
434 941 486 997 sed
502 940 653 996 oculorum
669 940 760 997 fnisse
774 941 942 997 clausorum
961 959 967 996 :
1024 955 1083 995 nen
1099 938 1204 1006 credis,
1221 937 1271 1010 qui
1287 937 1328 993 ita
1342 937 1547 1010 imperitorum
1562 937 1654 994 lactas
1678 936 1803 1004 animus,
1819 937 1849 994 et

156 1029 269 1104 ariperti
284 1033 356 1086 suut
371 1029 447 1085 oculi
477 1045 589 1094 eornm,
605 1028 712 1102 inquit,
728 1035 757 1085 et
772 1033 970 1102 cognorerunt
1025 1027 1266 1083 resurrectionem
1283 1043 1367 1082 casso
1381 1027 1499 1082 nomine
1514 1025 1660 1083 ventilas?
1674 1026 1743 1084 audi
1754 1027 1776 1080 ⁸.
1791 1030 1849 1082 Nu-

146 1136 210 1179 eum
224 1119 317 1192 (locu.
332 1121 391 1186 xx).
412 1141 422 1167 ι
441 1117 523 1175 Unde
537 1121 565 1174 et
580 1117 672 1174 Maria
687 1117 856 1190 Magdalene
874 1135 969 1190 quan·
1025 1132 1077 1188 per
1092 1116 1126 1172 de
1154 1115 1310 1171 Marcionis
1333 1114 1453 1187 quidam
1477 1114 1577 1172 schola
1594 1133 1600 1170 :
1616 1115 1674 1183 Va,
1691 1114 1798 1188 inquit,
1810 1114 1847 1183 ei,

144 1209 192 1266 din
205 1225 266 1265 nun
282 1207 462 1280 agnoscebat
476 1206 588 1273 Jesum,
604 1209 633 1262 et
647 1207 743 1262 vivum
760 1207 908 1279 quaerebat
922 1208 968 1262 iu·
1025 1204 1075 1276 qui
1102 1203 1131 1260 in
1156 1203 1211 1260 hae
1233 1209 1374 1271 cernant
1396 1203 1426 1259 in
1443 1203 1490 1260 his
1513 1203 1631 1260 ossibus
1644 1204 1847 1261 resurrexerit.

142 1302 184 1356 ter
197 1301 347 1362 mortuos,
363 1294 555 1352 hortulanum
570 1295 699 1368 putabat.
716 1295 865 1368 Agnoscit,
880 1300 909 1352 et
918 1295 969 1352 Dc·
1025 1293 1162 1350 Gaudens
1177 1293 1294 1348 animus
1308 1291 1409 1348 statim
1425 1291 1524 1347 intulit
1539 1309 1546 1347 :
1559 1314 1573 1342 u
1589 1290 1757 1365 Consepulti
1767 1292 1848 1349 enim

141 1386 254 1444 minum
281 1388 377 1442 ruent.
403 1383 471 1440 Post
499 1384 742 1441 resurrectionem
765 1385 850 1441 lesus
874 1385 971 1440 stabat
1026 1397 1141 1448 sumus,
1155 1385 1183 1437 et
1198 1381 1437 1438 consurreximus
1456 1396 1524 1437 cnm
1539 1380 1653 1438 Christo
1676 1397 1728 1453 per
1747 1380 1846 1454 bapti·

140 1475 170 1531 in
183 1473 298 1541 littore,
314 1471 453 1546 discipuli
468 1473 499 1528 in
515 1472 581 1528 navi
595 1475 689 1529 erant.
706 1472 823 1530 Ceteris
838 1490 895 1529 non
907 1489 971 1546 cog·
1026 1486 1124 1527 smum
1139 1471 1150 1504 ⁷
1164 1470 1250 1542 (Rom.
1275 1487 1313 1538 vr,
1335 1470 1372 1542 4).
1399 1468 1517 1538 iluimus,
1534 1487 1571 1524 au
1594 1468 1691 1526 carnis
1717 1485 1847 1526 resurre-

141 1563 336 1622 uoseentibus
351 1577 431 1630 eum,
447 1561 518 1617 dicit
538 1560 703 1633 discipulus
719 1577 805 1633 quem
829 1561 971 1634 diligebat
1026 1559 1151 1614 ctionem
1177 1558 1271 1613 dicis?
1286 1557 1443 1630 Respondi,
1460 1574 1517 1614 nen
1542 1557 1635 1614 solius
1663 1557 1779 1626 animm,
1794 1556 1847 1614 sed

140 1651 235 1724 lesus,
262 1652 362 1718 Petro,
374 1672 389 1700 u
406 1649 548 1706 Dominus
572 1653 617 1706 est
638 1650 726 1722 (latre.
743 1667 801 1719 ιιιιι,
817 1652 845 1718 7)
860 1673 873 1700 n
890 1650 972 1707 Prior
1026 1647 1132 1716 carnis,
1149 1663 1213 1719 qua
1237 1663 1305 1702 cum
1324 1646 1424 1702 anima
1447 1647 1611 1703 renascitur
1625 1645 1654 1702 in
1670 1646 1796 1702 lavacro.
1813 1645 1849 1702 ut

140 1742 216 1799 enim
230 1739 394 1814 virginitas
422 1736 563 1812 virginale
583 1755 689 1811 eorpus
706 1740 713 1773 ¹
730 1739 872 1812 agnoseit.
891 1739 969 1795 idem
1027 1735 1172 1808 quomodo
1188 1734 1305 1807 peribit,
1318 1751 1381 1807 quae
1396 1733 1427 1789 in
1442 1733 1557 1791 Christo
1581 1738 1683 1790 renate
1696 1736 1761 1790 esti
1775 1732 1848 1800 Ouia

141 1833 258 1898 ernt,et
280 1845 341 1884 ncn
363 1827 442 1883 idem
469 1827 607 1884 omnibus
631 1827 971 1900 videbatur.Statimqne
1025 1823 1235 1896 scriptumest,
1252 1823 1342 1879 ait:«
1359 1824 1431 1880 Caro
1456 1822 1620 1896 etsanguis
1649 1838 1772 1896 regnum
1795 1811 1848 1879 Del

141 1917 358 1992 subjungitur:
375 1939 390 1966 «
406 1915 543 1974 cunano
558 1914 876 1989 audebatinterregare
891 1931 969 1971 eum.
1025 1929 1083 1969 non
1107 1912 1301 1985 possidebunt
1315 1911 1339 1984 (1
1350 1913 1412 1969 Gor.
1426 1928 1473 1980 xv,
1493 1912 1550 1984 50).
1567 1932 1581 1961 u
1606 1912 1739 1978 Atteude,
1763 1911 1847 1970 obse-

139 2007 186 2064 'ru
199 2005 272 2080 quis
291 2003 346 2062 es?
360 2004 488 2061 scientes
502 2004 579 2076 quod
592 2002 785 2061 Dominnsest
795 2004 871 2076 (ibid.
890 2005 943 2076 12).
956 2027 970 2054 a
1025 2017 1074 2057 cre
1088 2005 1127 2067 te,
1143 2001 1219 2072 quod
1236 2000 1353 2067 dicitur,
1365 2022 1379 2051 u
1394 1999 1465 2056 Care
1481 2003 1510 2056 et
1525 2000 1647 2073 sanguis
1662 2016 1785 2074 regnum
1796 1997 1848 2070 Dei

145 2094 240 2150 Nemo
255 2093 388 2160 audebat,
405 2092 477 2164 quia
500 2096 590 2147 Deum
615 2091 756 2148 sciebant.
773 2089 972 2148 vescebantur
1025 2106 1083 2146 nen
1106 2089 1339 2163 possidebunt.»
1359 2089 1497 2161 Nunquid
1522 2105 1580 2144 non
1602 2089 1848 2162 resurgenttllb-

147 2198 216 2239 eum
229 2178 638 2255 prandente,quiahcminem
654 2187 813 2236 etcaruem
823 2180 971 2248 videbant,
1025 2179 1064 2234 sit
1087 2196 1094 2247 ;
1117 2178 1167 2234 sed
1192 2195 1249 2233 non
1275 2177 1477 2250 possidebunt.
1503 2182 1597 2245 Quare
1624 2193 1683 2233 nen
1715 2177 1848 2250 possida-

143 2288 201 2329 non
218 2267 971 2344 quodelterDens‚alterbcmcesset,srdunusne
1025 2267 1120 2323 hunt‘l
1138 2267 1221 2334 Quia,
1246 2266 1390 2338 sequitur,
1416 2288 1430 2316 ιι
1453 2281 1548 2337 neque
1577 2265 1725 2339 corruptio
1755 2265 1849 2322 incor-

140 2355 971 2434 queidemFiliusbeicognoscebaturuthemo‚aderaba-
1025 2355 1191 2428 ruptionem
1217 2353 1380 2426 possidebit
1411 2353 1514 2425 (ibid).
1533 2375 1547 2402 »
1569 2353 1683 2409 Tandiu
1702 2368 1771 2425 ergo
1802 2367 1849 2409 re-

138 2453 186 2506 tur
195 2452 230 2506 ut
241 2445 457 2505 DenaSoilicet
467 2462 546 2502 nune
555 2444 627 2501 mibi
638 2444 907 2518 philosophandum
916 2450 970 2512 est,
1024 2460 1115 2518 gnum
1132 2442 1182 2499 Dei
1193 2459 1251 2498 non
1267 2441 1472 2514 possidebunt,
1491 2440 1632 2514 quamdiu
1648 2456 1714 2498 caro
1729 2444 1848 2500 tantum

138 2534 972 2600 incertosessesensusnostres,etmanimevisum.tlar
1025 2531 1206 2606 sanguisque
1246 2530 1471 2603 permanserint.
1508 2533 1578 2586 Cum
1613 2533 1711 2587 autem
1745 2545 1848 2587 eorru-

137 2626 247 2684 ueedes
266 2623 970 2698 aliquisabinierisexcitandusutprcleratve-
1025 2621 1137 2694 ptivum
1169 2619 1297 2676 induerit
1327 2617 1588 2692 incorruptionem,
1604 2623 1634 2676 et
1656 2617 1779 2676 mortale
1803 2618 1849 2674 in·

137 2717 230 2772 mm'.
242 2715 376 2771 Remum
392 2713 421 2768 in
439 2713 648 2785 uquniraotum
663 2712 766 2778 videri,
778 2711 972 2784 p'orticuslcn·
1026 2707 1122 2764 deerit
1143 2706 1394 2764 immortalitatem
1409 2706 1489 2778 (itm.
1505 2707 1562 2778 54),
1579 2711 1608 2764 et
1630 2705 1726 2763 lutum
1751 2697 1848 2764 earnis
1888 2729 1891 2740 ι

138 2803 203 2879 gius
217 2799 823 2877 angustiores,rotundosproculturrinm
836 2800 970 2874 angulos,
1026 2796 1177 2853 intestam
1193 2795 1280 2852 tuerit
1300 2799 1541 2867 excoctumque
1564 2794 1648 2867 prins
1671 2794 1752 2869 gravi
1776 2811 1849 2868 pon·

138 2888 482 2951 columbarnmccllaad
493 2889 625 2962 singulas
634 2888 836 2945 conversiones
845 2889 970 2946 celerem
1026 2887 1094 2942 dere
1106 2884 1294 2959 premebatur
1309 2883 1338 2938 in
1353 2887 1476 2950 terram,
1488 2883 1613 2953 acceptis
1629 2883 1751 2956 spiritus
1774 2899 1848 2957 pen-

139 2979 300 3039 mntnntia.
318 2979 392 3036 Cum
417 2976 518 3034 Rhode
529 2978 648 3034 Petrum
668 2976 827 3044 nuntiaret,
850 2981 879 3033 et
901 2995 969 3050 apo·
1026 2973 1072 3030 nis
1088 2978 1118 3030 ct
1131 2971 1356 3036 immutationis,
1372 2988 1430 3028 nen
1451 2969 1618 3028 abolitionis
1632 2972 1653 3038 ⁸,
1671 2987 1746 3028 nova
1756 2969 1850 3044 gloria

138 3071 221 3128 stolis
237 3069 354 3126 diceret
370 3067 439 3140 (dot.
453 3068 515 3138 ιιιι),
531 3067 568 3123 ob
585 3065 706 3138 periculi
737 3066 969 3140 magnitudinem
1025 3061 1134 3119 volabit
1148 3061 1183 3118 ad
1200 3059 1305 3116 eoelum
1323 3076 1329 3116 :
1344 3067 1374 3116 et
1387 3064 1457 3115 tnnc
1478 3058 1649 3133 implebitur
1671 3059 1744 3115 illud
1770 3049 1848 3132 qnod

138 3159 282 3224 eruisse,
308 3173 368 3213 non
403 3156 536 3222 credunt,
562 3155 739 3228 phantasma
774 3154 971 3228 suspicantur.
988 3133 1010 3200 G
1026 3152 1250 3226 scriptumest:
1269 3170 1283 3200 «
1297 3148 1442 3220 Absorptn
1456 3150 1500 3204 est
1515 3165 1595 3207 mors
1607 3148 1635 3204 in
1651 3147 1782 3204 uictoria.
1794 3145 1849 3203 Ubi

139 3248 228 3306 Perre
245 3245 328 3319 quod
357 3243 467 3300 clausis
496 3244 648 3316 ingressus
671 3242 824 3310 estostiis‚
840 3244 972 3316 ejusdem
1027 3246 1082 3310 est,
1106 3255 1196 3306 mors,
1213 3236 1359 3294 contentio
1382 3235 1521 3292 tualubi
1543 3239 1597 3308 est,
1614 3253 1704 3306 mors,
1732 3233 1852 3292 aculeus

141 3335 262 3392 uirtutis
289 3333 357 3400 fuit,
374 3333 460 3405 eujus
476 3335 505 3387 et
517 3349 551 3388 ex
577 3330 671 3388 oculis
694 3347 875 3388 evanescere.
899 3332 971 3406 Lyn·
1027 3335 1096 3387 tuus
1112 3329 1262 3401 (dcccxiii,
1280 3327 1314 3381 ll
1331 3343 1338 3380 :
1358 3325 1443 3382 lCcr.
1460 3341 1506 3392 nv,
1521 3325 1590 3398 55)r
1605 3347 1620 3375 n

142 3425 275 3492 oeus(ut
298 3421 404 3478 tabule
429 3420 536 3492 lerunt)
556 3419 672 3477 videbat
702 3423 783 3475 trans
807 3419 971 3493 parietem:
1063 3419 1107 3474 37.
1123 3418 1238 3474 loannis
1262 3414 1401 3487 Epicteti
1429 3413 1576 3486 Theophit.
1607 3413 1730 3472 Caesnrrb
1747 3418 1853 3470 metro-

143 3509 414 3568 llominnselausis
428 3509 521 3577 ostiis,
539 3507 596 3566 nisi
611 3507 790 3582 phantasma
815 3509 912 3576 luerit,
928 3508 973 3564 in·
1027 3507 1097 3581 polis
1123 3507 1270 3562 Palestinae
1288 3506 1387 3560 :totius
1417 3503 1537 3559 Orientis
1565 3503 1719 3559 Antiochia.
1736 3501 1853 3559 isidorus

150 3601 233 3655 trare
246 3614 305 3653 non
319 3597 442 3670 poterit?
456 3596 567 3670 Aquila
584 3601 613 3654 et
629 3597 761 3652 vultures
775 3597 973 3654 transmarina
1025 3595 1176 3668 presbyter.
1193 3626 1226 3636 —
1243 3592 1420 3665 Prepestero
1435 3592 1537 3648 ordine
1552 3592 1587 3647 de
1602 3591 1769 3647 animarum
1791 3593 1855 3647 stu·

152 3687 297 3743 cadavera
320 3687 454 3743 sentiunt.
479 3685 612 3743 Salvator
636 3684 783 3758 apostolus
808 3702 889 3752 suos,
916 3685 972 3742 nisi
1027 3687 1059 3740 tu
1074 3682 1212 3739 etearnis
1237 3679 1449 3738 resurrectione
1475 3679 1704 3751 respondimus:
1720 3677 1853 3734 emissis·

148 3775 260 3833 ostium
284 3775 439 3846 aperuerit,
462 3790 521 3830 non
545 3773 676 3829 videbit?
690 3773 741 3829 Dic
765 3772 849 3842 mihi,
865 3773 969 3830 acutis·
1028 3789 1085 3845 que
1099 3769 1252 3843 principiis
1265 3767 1407 3841 llpistolae,
1426 3771 1486 3824 tota
1500 3767 1587 3823 nohis
1605 3770 1707 3823 centra
1720 3765 1853 3839 egregios

143 3863 222 3922 sime
233 3863 411 3937 disputatur,
428 3861 498 3935 qnid
514 3865 558 3918 est
574 3863 683 3933 majus,
695 3865 810 3917 tantum
822 3865 905 3918 terre
915 3877 974 3918 ma·
1027 3864 1171 3918 tractatus
1190 3859 1254 3931 ejus
1281 3857 1336 3913 tuit
1357 3856 1528 3929 disputatio.
1543 3853 1702 3914 Malnimus
1724 3855 1803 3912 enim
1818 3853 1855 3911 de

142 3952 334 4026 gnitndinem
363 3951 553 4024 appendere⁸
572 3966 660 4022 super
680 3949 817 4017 nihilum,
843 3953 872 4005 et
886 3967 975 4024 super
1027 3949 1079 4006 Dei
1100 3948 1304 4018 rabasonem
1330 3945 1366 4000 de
1390 3945 1499 4002 nestris
1525 3943 1643 4018 injuriis
1663 3944 1782 4002 dicere:
1802 3941 1854 3998 udi

140 4057 288 4115 squmum
321 4041 435 4096 ineerta
462 4039 588 4108 librare;
605 4055 643 4095 eu
663 4038 756 4094 Deum
782 4037 974 4111 transirepar
1027 4037 1191 4111 peccaverit
1218 4034 1306 4091 bomo
1331 4033 1360 4089 in
1389 4032 1550 4099 bominem,
1567 4035 1712 4108 rogabunt
1731 4031 1855 4107 prceo⁸

138 4129 272 4188 clansam
297 4133 427 4202 portem,
453 4133 481 4184 et
505 4132 670 4184 creaturam
699 4127 802 4183 eadere
822 4127 975 4184 Creatori?
1029 4128 1064 4183 ad
1083 4124 1251 4182 Dominum.
1268 4123 1298 4179 Si
1314 4127 1410 4179 autem
1432 4122 1462 4177 in
1486 4121 1578 4179 Deum
1599 4121 1772 4195 peccauerit,
1787 4116 1855 4192 quis

137 4220 219 4287 cuod
250 4218 354 4290 majus
381 4215 766 4287 est,tribuis;mqucd
795 4215 894 4272 minus
914 4220 970 4284 est,
1029 4215 1124 4272 orabit
1152 4230 1205 4286 pro
1233 4229 1266 4268 eo
1291 4211 1316 4283 (l
1344 4213 1406 4282 ltep.
1425 4227 1457 4279 ιι,
1471 4210 1569 4282 25)l»
1593 4210 1677 4265 Nunc
1701 4225 1716 4265 e
1740 4209 1855 4265 diverso

140 4307 347 4365 calumniaris.
364 4304 467 4362 Petrus
482 4321 571 4377 super
585 4319 677 4376 equos
692 4303 827 4359 ambulat
842 4304 922 4376 gravi
947 4309 975 4360 et
1032 4305 1106 4361 m
1123 4318 1212 4374 super
1232 4300 1333 4358 omnia
1348 4303 1464 4356 nostros
1487 4297 1670 4354 adversarios
1693 4293 1855 4353 immortali

141 4395 236 4454 solido
260 4410 387 4468 corpore
411 4392 515 4466 (doch.
539 4410 597 4463 xrv,
618 4393 673 4464 28).
692 4390 787 4448 Mollis
811 4393 891 4449 unda
917 4409 974 4449 non
1029 4391 1096 4449 odio
1121 4389 1328 4464 persequimur
1347 4385 1644 4460 :blasphemantibus
1667 4385 1771 4455 Deum,
1798 4382 1854 4440 cle·

138 4485 237 4544 cedit:
254 4481 416 4559 paululum
431 4482 502 4538 fides
515 4481 641 4550 dubitat,
658 4485 687 4536 et
707 4479 807 4536 statim
837 4485 972 4537 naturam
990 4500 1012 4568 g
1028 4485 1156 4538 mentem
1173 4478 1352 4552 porrigimus
1376 4492 1508 4533 manum.
1524 4474 1632 4532 Scribit
1653 4475 1690 4532 ad
1705 4471 1856 4546 Theophi-

137 4591 228 4633 suam
241 4589 354 4646 corpus
375 4569 534 4645 intelligit;
550 4573 583 4626 ut
608 4569 747 4637 sciamus,
769 4585 859 4643 super
882 4586 975 4642 aquas
1028 4569 1091 4626 lum
1106 4569 1276 4642 episcopum
1292 4564 1457 4640 apologiam
1468 4566 1498 4634 ¹⁰,
1508 4564 1593 4638 cujus
1607 4563 1687 4622 istud
1703 4561 1856 4634 exordium

137 4681 199 4724 uon
214 4679 330 4737 corpus
345 4657 525 4729 ambulasse,
540 4660 591 4717 sed
607 4659 705 4716 fidem.
1030 4661 1076 4715 est
1091 4674 1097 4712 :
1117 4681 1131 4708 ιι
1148 4657 1190 4713 Tu
1201 4656 1321 4728 quidem
1335 4659 1367 4711 ut
1381 4654 1469 4712 bomo
1484 4653 1545 4722 Dei,
1557 4657 1586 4710 et
1597 4651 1757 4727 apostolica
1772 4666 1857 4708 orna·

182 4873 690 4947 ²b1s.S.Cruciseeunirpineleeor
729 4889 751 4938 s,
768 4875 824 4928 eto.
1068 4868 1174 4925 ⁸dudi.
1194 4868 1296 4941 Nuper,
1312 4871 1368 4925 etc.
1393 4869 1426 4924 ln
1452 4867 1509 4924 istc
1533 4863 1668 4923 similiter
1694 4863 1757 4920 loco
1784 4861 1860 4919 salsa

183 4947 241 5008 ’Ut
260 4951 389 5022 metuet
412 4949 629 5004 verumtaten
654 4944 726 5000 fasc
750 4943 904 5015 legebatur
921 4961 927 5000 :
946 4945 978 5002 Ut
1032 4940 1176 4998 retinetur
1204 4939 1293 5011 hujus
1323 4936 1402 4994 modi
1430 4937 1515 4993 lectio
1532 4956 1539 4993 :
1556 4935 1627 4992 Audi
1639 4950 1729 5006 nuper
1742 4933 1775 4990 de
1788 4933 1860 4990 ller-

138 5019 275 5096 proserot
302 5035 412 5076 remum
434 5020 464 5074 r'rr
488 5033 561 5088 nque
583 5015 716 5090 fructum,
732 5013 822 5070 uideri
841 5017 976 5085 porticus,
1032 5008 1473 5070 menisschotn:Vae.Mnnr1au.

138 5097 199 5151 ete.
224 5091 371 5148 ramma.
393 5121 426 5132 -
445 5089 553 5146 Vocem
583 5103 679 5144 verum
705 5090 815 5142 veteres
836 5085 979 5141 editiones
1069 5086 1079 5119 ⁷
1096 5083 1150 5139 ltls.
1167 5081 1396 5140 consurreximus
1410 5077 1517 5135 clurino
1532 5079 1563 5132 iu
1578 5077 1754 5150 baptismate.

139 5181 204 5222 nun
222 5163 346 5220 habeut.
1069 5155 1175 5211 lIdam
1193 5153 1314 5235 spiretur
1327 5148 1600 5222 praememoratis,
1616 5163 1673 5204 neu
1691 5147 1811 5204 obeidis.

176 5237 189 5271 ¹
203 5234 341 5290 Verbum
355 5231 506 5305 appendere
521 5229 551 5287 in
571 5247 627 5286 ms.
644 5228 836 5285 desideratur.
1071 5229 1082 5262 ⁹
1098 5228 1197 5282 benuo
1210 5223 1288 5278 rdem
1303 5237 1360 5276 ms.
1376 5220 1497 5277 Orubuut
1509 5236 1559 5294 pre
1573 5235 1614 5277 co.
1631 5219 1661 5276 si
1674 5227 1777 5287 nuum,
1792 5223 1858 5289 ete,

176 5306 264 5364 ‘Oro
279 5309 316 5373 ως
332 5307 387 5360 ete.
404 5303 456 5359 llic
477 5317 594 5374 queque
619 5298 693 5356 salsa
719 5303 782 5354 erat
805 5296 891 5353 lectio
907 5313 914 5352 ι
929 5296 981 5354 Oro
1035 5300 1175 5354 renuente
1189 5295 1287 5350 Graec
1306 5296 1396 5346 textu.
1807 5303 1811 5312 ·

140 5383 182 5450 te,
197 5377 254 5452 pue'
270 5379 387 5462 ‘tentum
412 5381 507 5462 contre
531 5373 763 5452 resurrectionem
791 5371 878 5425 sentia
898 5385 981 5442 crpu-
1072 5370 1093 5405 ¹⁰
1109 5364 1283 5452 Desinithic
1299 5361 1358 5446 'loci
1375 5379 1430 5446 ms.
1443 5361 1473 5418 S.
1484 5363 1585 5448 Crucis
1599 5361 1654 5418 hac
1670 5360 1772 5418 additu
1782 5360 1861 5444 clan-

140 5441 980 5586 ”utet“tectu“cuntulit-tillut:a,
1036 5431 1861 5578 tittfittitttttfttttnttttttutte

142 5593 286 5660 mrtem,
298 5581 517 5663 munrueutu'ru,
532 5585 645 5645 uetuit
659 5599 774 5658 nucum,
790 5587 845 5641 ate·
1036 5581 1150 5654 resumi
1163 5579 1196 5637 de
1211 5579 1408 5638 resurrectione
1421 5579 1524 5636 curru.
