4072 6164
215 317 286 410 ati
832 331 864 410 s'.
888 337 1299 411 nnsunrnmnourur.
1832 321 1894 414 orl

217 467 290 551 ddi,
307 461 490 560 recalescet
503 484 602 537 autem
617 478 757 538 itbaroth
773 483 802 538 et
827 479 905 537 filius
929 478 1083 552 Salmous
1135 479 1252 536 Auloni
1274 479 1344 553 (non
1370 483 1512 550 (tracum,
1537 483 1570 537 ut
1591 479 1708 554 quidam
1728 483 1827 554 puttnt
1841 485 1890 557 sed,

217 555 278 627 elie
299 567 419 626 Solanon
448 569 692 642 (Al.Solomoa).ut
705 569 735 626 in
750 567 1040 643 Paralipomenis(Ai.
1096 568 1250 625 Hebraeum
1266 569 1442 627 vocabulum
1453 571 1508 642 eet)
1525 587 1531 627 :
1548 569 1802 644 appellaturautem
1813 572 1887 630 saliis

217 659 459 731 Paralipomenon)
475 658 617 731 scriptum
634 659 689 715 est.
1097 656 1216 730 grandis
1231 661 1319 729 atqua
1332 659 1507 732 campestris
1520 659 1552 714 in
1566 660 1737 716 immensam
1750 657 1889 732 longitudi-

218 740 336 804 i'ta'rotli
351 744 478 819 Saphar,
495 752 524 802 et
539 746 598 802 hae
614 745 820 804 civitastribus
835 746 908 803 (led.
1096 763 1163 802 nem
1181 763 1212 802 se
1236 747 1394 804 extendens
1412 765 1419 818 ;
1436 765 1499 820 qua
1523 745 1718 804 circumdatur
1735 763 1767 804 es
1785 751 1891 822 utraque

253 836 340 904 iliad,
357 835 459 893 civitas
473 835 709 892 amorrheorum
723 834 821 892 vicina
845 835 960 891 deserto
990 834 1041 891 Ga·
1096 837 1179 907 parte
1193 834 1344 891 montibus
1359 835 1415 892 sibi
1430 835 1553 892 invicem
1578 835 1794 892 succedentibus
1813 839 1838 892 et
1849 851 1889 892 co·

219 925 281 1006 diss,
297 927 326 981 et
348 929 449 998 nsque
469 939 547 980 nuno
576 923 745 981 ostenditur
771 922 841 980 vilia
869 924 905 980 ab
936 922 1042 998 oppido
1096 922 1285 995 haerentibus,
1310 925 1361 998 qui
1390 922 1562 997 incipientes
1591 941 1608 980 a
1633 924 1739 982 libano
1765 927 1791 980 et
1816 921 1890 980 ultre.

219 1009 501 1086 mounts¹quartu
523 1011 663 1086 lapidae
692 1011 830 1070 chebron
846 1011 995 1080 vicesimo,
1012 1011 1042 1066 iu
1097 1028 1190 1085 usque
1209 1013 1408 1069 addesertnm
1420 1013 1534 1069 Pharan
1550 1011 1891 1085 perveniunt.Suntquein

219 1101 298 1160 tribu
313 1102 399 1160 iada.
1097 1101 1160 1173 ipso
1174 1099 1295 1169 Aulona,
1311 1099 1341 1156 id
1357 1105 1411 1176 eet,
1429 1101 1458 1158 in
1481 1099 1556 1158 valle
1571 1099 1726 1176 campestri
1750 1101 1829 1158 urbes
1849 1117 1893 1158 no·

253 1191 408 1272 esemona,
425 1189 529 1248 civitas
543 1190 572 1246 in
589 1191 704 1248 deserto
715 1191 752 1248 ad
767 1189 920 1247 meridiem
934 1189 1042 1246 ludere
1096 1188 1181 1258 biles,
1197 1188 1390 1262 Scythopolis,
1412 1189 1553 1262 'lybanius
1577 1193 1769 1261 stagnumque
1791 1193 1892 1262 propter

219 1280 519 1353 ditidebedigyptnm
535 1281 564 1335 et
577 1281 686 1336 sortem
702 1279 799 1336 tribue
811 1279 895 1336 lude
911 1278 946 1334 ad
963 1293 1043 1335 mare
1096 1295 1161 1334 eom
1178 1295 1185 1334 :
1202 1278 1252 1335 sed
1267 1281 1295 1334 et
1309 1277 1434 1346 iericho,
1452 1294 1531 1336 mare
1547 1277 1706 1350 Mortuum,
1730 1282 1758 1336 et
1779 1277 1893 1350 regiones

220 1369 315 1444 usipus
329 1369 508 1426 tendentem.
521 1367 609 1426 Posui
624 1371 652 1425 et
664 1383 754 1441 supra
776 1371 932 1437 daemone,
946 1371 1043 1424 castra
1096 1366 1259 1422 incircuitu
1278 1385 1284 1424 :
1302 1383 1353 1442 per
1364 1384 1438 1440 quas
1456 1367 1572 1424 madius
1585 1367 1722 1424 lordonis
1736 1366 1895 1442 tiluipriens

219 1459 347 1517 illiorum
363 1457 461 1515 isreel.
1097 1456 1132 1511 de
1149 1455 1279 1512 lontibus
1294 1456 1446 1524 Ponendis,
1463 1461 1491 1512 et
1515 1457 1546 1512 in
1561 1473 1641 1514 mare
1665 1457 1806 1514 Mortuum
1830 1455 1893 1513 inte·

256 1546 359 1606 iorebi
373 1548 395 1616 ²,
411 1545 555 1603 terminus
578 1545 686 1602 iudae
710 1544 864 1618 provincie
881 1544 918 1600 ad
942 1543 1042 1600 Orien·
1098 1545 1186 1600 riens.

222 1635 281 1695 tem
296 1634 467 1708 respiciens,
482 1633 579 1690 tribus
593 1633 686 1690 lude.
709 1638 758 1689 itst
782 1636 881 1690 autem
906 1637 934 1690 et
961 1633 1043 1688 vicus
1132 1631 1405 1706 Amalecices,regio
1422 1635 1451 1690 in
1467 1635 1580 1692 deserto
1594 1636 1629 1690 ad
1644 1633 1794 1692 meridiem
1806 1633 1896 1692 iudea

221 1722 555 1796 nuncusqnbgrandie,
585 1737 689 1779 novem
719 1720 851 1779 millibus
879 1739 896 1778 a
923 1721 1043 1794 Neapoli
1096 1726 1178 1778 trans
1203 1723 1305 1777 urbem
1332 1722 1458 1788 Petram,
1482 1723 1621 1780 euntibus
1643 1723 1738 1780 Ailam
1754 1740 1760 1778 :
1776 1722 1852 1794 cujus
1875 1725 1900 1778 ei

221 1817 323 1872 contra
336 1812 483 1869 Orientem
504 1809 748 1868 descendentibus
775 1811 812 1867 ed
837 1810 995 1868 lordanem
1015 1814 1044 1868 et
1098 1809 1248 1881 Scriptura
1272 1811 1452 1877 recordatur,
1482 1811 1582 1867 dicens
1598 1829 1604 1866 :
1622 1811 1731 1867 Amabo
1758 1809 1853 1866 baliol
1874 1809 1898 1862 ir

221 1899 382 1971 terimam,
397 1915 449 1973 per
473 1915 536 1956 eam
554 1915 618 1972 qua
644 1898 809 1974 appelletur
832 1900 1017 1956 acrabittene
1035 1916 1041 1956 :
1099 1898 1366 1954 concrematam
1382 1900 1610 1972 (Numanum).
1627 1900 1728 1956 Sedet
1747 1899 1827 1970 juxta
1843 1912 1898 1954 eum

220 1992 272 2050 sed
294 1991 325 2047 et
352 1988 513 2046 confinium
541 1987 786 2068 amorrheorum,
819 1987 965 2044 acrabbin
999 1987 1042 2043 di·
1098 1987 1174 2043 alius
1190 1987 1372 2044 Chananeus
1387 1987 1547 2058 habitabat,
1563 1988 1614 2060 qui
1630 1993 1659 2046 ot
1685 1987 1898 2045 dimicavitccn-

221 2080 297 2139 citur
312 2097 320 2148 ;
333 2078 370 2143 de
383 2094 441 2150 quo
462 2077 524 2134 loco
552 2091 610 2134 non
637 2076 841 2134 exterminavit
863 2075 1043 2149 alienigenas
1099 2080 1143 2132 tra
1158 2075 1236 2132 filios
1251 2075 1337 2132 lsrael
1363 2076 1392 2133 in
1415 2077 1530 2134 deserto
1546 2077 1602 2134 :de
1622 2077 1732 2149 quibus
1756 2075 1897 2133 scribitur:

219 2169 315 2228 tribus
329 2166 519 2240 liepbthalim
533 2169 566 2222 ut
589 2165 619 2220 in
642 2165 782 2222 ludicum
807 2164 881 2222 libro
900 2164 1043 2238 scriptum
1097 2166 1207 2220 Amalec
1221 2172 1313 2222 ouem
1327 2171 1353 2222 ol
1367 2163 1536 2222 Cleonaeae
1551 2165 1680 2222 lrolitoot
1694 2167 1725 2221 in
1738 2163 1805 2222 colb
1819 2165 1899 2236 (onor.

222 2262 279 2318 ast.
427 2309 430 2318 ,
1097 2271 1156 2322 xrv,
1173 2255 1230 2326 25).

255 2345 401 2414 Medeia,
417 2343 578 2405 confinium
592 2342 675 2400 iude
691 2343 852 2416 respiciens
870 2342 907 2398 ad
931 2342 1042 2416 aquilo·
1133 2342 1230 2398 Araba
1246 2357 1252 2396 :
1269 2341 1387 2414 Aquila,
1413 2341 1532 2415 planam
1550 2360 1557 2399 ε
1572 2343 1777 2418 Symmachus,
1801 2353 1900 2410 campe-

222 2449 301 2500 nsm.
1099 2434 1190 2488 stram
1219 2429 1449 2503 interpretantur
1472 2449 1478 2487 :
1503 2430 1580 2488 siout
1608 2447 1701 2506 supra
1728 2429 1832 2488 dietum
1856 2425 1900 2483 est.

252 2524 340 2593 Arad,
352 2523 496 2580 terminus
511 2526 541 2580 et
554 2521 617 2594 ipse
630 2521 714 2578 luda
733 2519 848 2578 distans
871 2536 888 2578 a
910 2520 1044 2578 Chebron
1099 2518 1186 2576 Porro
1201 2521 1246 2574 eet
1261 2523 1290 2575 et
1304 2517 1361 2576 alia
1382 2518 1453 2575 villa
1474 2519 1572 2576 Araba
1598 2521 1730 2589 nomine,
1758 2521 1787 2576 in
1813 2515 1902 2574 linibus

222 2611 354 2680 millibus
369 2611 472 2686 viginti
487 2611 525 2674 ad
540 2609 770 2671 meridiem:de
785 2626 843 2683 quo
858 2626 946 2682 euprr
965 2609 1044 2684 posi·
1099 2605 1285 2664 Diocaesarea
1323 2605 1398 2682 (quoe
1434 2605 1506 2664 olim
1546 2607 1710 2682 Sephorine
1749 2597 1902 2675 dicebatur),

221 2689 351 2758 tumest.
410 2775 412 2780 Ι
1099 2701 1127 2752 et
1141 2695 1199 2753 alia
1217 2695 1312 2753 tribus
1339 2696 1472 2754 millibus
1499 2713 1517 2753 a
1538 2697 1710 2772 Scythopoli
1728 2701 1825 2756 matra
1843 2689 1903 2751 occi·

256 2775 428 2858 asarenam,
445 2785 590 2846 terminus
613 2786 720 2844 iudan
740 2787 776 2844 ab
804 2785 1043 2860 septentrionem.
1099 2786 1226 2842 dentem.

255 2865 372 2948 Assum,
389 2876 534 2940 terminus
548 2875 649 2950 etipse
662 2875 780 2932 ludere.
1140 2867 1214 2930 142
1234 2875 1372 2942 Ammon,
1393 2889 1457 2946 qua
1478 2891 1557 2932 nune
1582 2873 1789 2950 Philaddpbin
1806 2873 1826 2940 ⁵,
1849 2866 1906 2926 urbs

257 2955 363 3026 eruent
376 2965 399 3034 ³,
414 2964 559 3026 terminus
573 2965 591 3021 J
593 2965 691 3033 udae,
708 2964 744 3020 nd
760 2968 855 3020 ortum
873 2963 944 3020 solis
970 2963 1044 3021 119
1099 2961 1211 3018 Arabia
1224 2960 1341 3032 nobilis,
1359 2961 1388 3018 in
1404 2977 1463 3035 qua
1476 2962 1687 3038 habitaverunt
1701 2965 1769 3022 oiim
1784 2959 1905 3036 llapheim

222 3055 379 3136 aspiciens.
396 3055 600 3126 ilstetusquo
619 3052 707 3110 hodie
730 3051 811 3108 vicus
834 3051 920 3132 Arbel
949 3055 1045 3108 trane·
1099 3066 1171 3124 gens
1187 3049 1317 3124 antiqua,
1334 3067 1422 3124 qnam
1452 3052 1669 3112 interfecerunt
1695 3052 1748 3110 filii
1766 3051 1825 3121 Lot,
1838 3043 1905 3106 bairi·

221 3145 381 3212 inmanem
394 3141 425 3199 iu
441 3141 551 3198 linibus
574 3139 658 3198 Pelle
682 3139 808 3198 civitatis
831 3138 1001 3208 Palestinae,
1017 3144 1046 3196 et
1101 3143 1197 3195 tentes
1212 3155 1265 3211 pro
1280 3139 1325 3196 eis
1341 3139 1372 3196 in
1388 3142 1534 3198 immam.

222 3231 298 3288 eiius
313 3231 369 3307 hoc
383 3228 523 3286 vocabulo
539 3228 569 3284 in
584 3213 689 3302 eampo
704 3227 868 3302 pregrandi
882 3227 996 3285 distans
1009 3228 1044 3285 ab
1061 3217 1083 3282 C
1137 3227 1244 3301 Argob,
1260 3227 1340 3301 regio
1355 3223 1398 3302 Og
1422 3228 1500 3303 regis
1524 3231 1617 3288 Baean
1648 3247 1739 3306 super
1759 3227 1905 3290 lordonum,

223 3319 331 3394 oppido
344 3317 480 3390 Legionis
495 3314 626 3373 millibus
641 3332 758 3373 novem.

260 3425 323 3482 ¹lo
351 3422 450 3498 oppido
477 3421 615 3491 liolottie,
649 3427 707 3479 etc.
736 3423 845 3496 Regius
871 3439 927 3480 me.
955 3424 1045 3480 codex

223 3494 388 3566 ommnium
412 3493 564 3564 recentior,
596 3510 678 3550 num.
710 3491 1044 3567 maurentionem

223 3564 354 3627 Mallotis.
383 3564 424 3622 uc
453 3565 507 3622 hoc
536 3564 641 3638 oppido
664 3564 750 3638 plura
772 3565 985 3622 edisseruimus
1013 3565 1044 3621 in

222 3638 344 3698 scholiis
370 3637 479 3694 nostris
508 3636 544 3693 ad
572 3651 672 3693 vocem
705 3638 929 3694 Acoeoollmmor.
963 3638 1043 3693 Man·

225 3727 301 3768 man.

256 3781 324 3852 ²qli.
340 3780 452 3837 Aorsoi.
466 3778 636 3838 Bonirsrius
659 3783 688 3836 et
705 3777 808 3837 clario.
831 3777 959 3836 idacii.
989 3778 1043 3834 He-

223 3853 320 3911 braico
334 3850 381 3922 est¹
395 3859 513 3940 nimpe.
529 3851 619 3908 Grac.
649 3841 827 3925 Ἀκραὸοείμ.
850 3849 924 3906 Vide
939 3849 1042 3906 ltelan·

223 3919 339 3980 dumln
355 3921 440 3978 oreb.

254 3993 388 4050 ⁸uadem
403 3994 448 4048 est
461 4009 495 4048 ao
509 3991 594 4050 Belca
610 4010 617 4060 ;
634 3996 722 4065 atque
734 3993 805 4050 adeo
821 3991 942 4059 iaiiitur,
955 3992 1043 4050 adno-

221 4067 303 4127 tente
314 4063 378 4137 ipso
395 4062 572 4120 Martianao.
590 4061 757 4122 Bnnlrerius
773 4062 824 4137 qui
847 4062 962 4120 nulium
989 4063 1043 4118 Ar·

219 4136 291 4266 qqqe
306 4135 336 4192 in
350 4133 510 4208 Scripturis
536 4133 692 4209 vestigium
712 4152 777 4192 esse
801 4133 958 4192 contendit.
975 4133 1040 4190 vid.

269 4224 297 4265 o.

243 4277 374 4350 '‘iuion,
394 4293 449 4335 oon
465 4277 591 4336 Grecom
619 4279 674 4334 etc.
704 4277 802 4334 Mouet
832 4275 881 4332 hie
906 4273 1041 4332 consulto

218 4349 325 4408 Hieron
380 4365 424 4416 us,
439 4346 527 4404 domn
542 4365 600 4406 non
619 4363 684 4404 esse
708 4349 839 4404 Granum
853 4345 1040 4412 vocabulum,

217 4425 251 4478 ut
266 4421 315 4494 qui
338 4437 386 4477 am
401 4417 456 4476 aria
469 4423 551 4476 atate
565 4419 708 4492 putabant
723 4419 773 4476 sed
788 4418 951 4473 Hebraeum.
967 4418 1040 4473 Nam

217 4493 296 4552 idem
307 4496 353 4548 est
366 4489 540 4573 vpcabulum
556 4489 640 4572 illud,
657 4490 734 4616 quod
765 4473 828 4550 ibin
842 4489 923 4556 dion,
938 4505 955 4544 a
972 4488 1039 4570 bili

215 4558 311 4634 Aulon
323 4561 530 4618 lectitetumid
544 4578 569 4617 sr
580 4565 658 4616 alten
682 4564 752 4618 isset
765 4559 894 4616 loannes
911 4557 1039 4616 Clericus

217 4635 248 4690 in
263 4649 316 4690 sua
333 4631 539 4689 dissertatione
553 4631 589 4688 de
609 4632 714 4688 Statua
732 4629 803 4688 sniis
818 4647 876 4686 non
905 4629 1040 4702 imperite

217 4706 405 4778 redargueret
428 4705 636 4775 Hieronymum
666 4707 785 4776 propter
808 4701 1040 4758 admonitionem

217 4775 364 4834 eruditam
395 4775 411 4829 ir
438 4776 483 4830 'ns
497 4772 563 4830 loci.
581 4773 646 4830 ideo
671 4778 768 4830 autem
791 4788 878 4829 suam
900 4771 1041 4846 premisit

216 4849 435 4920 Hieronymuso
458 4844 744 4918 servationem,quod
754 4844 981 4916 probenovisset
995 4842 1040 4898 oi-

216 4917 273 4974 λὼν
289 4920 359 4978 aiibi
373 4933 473 4974 vocem
485 4933 550 4974 esse
564 4915 694 4974 Greoam
706 4933 769 4990 quas
782 4915 927 4989 significet
943 4917 1038 4972 iocum

215 4988 509 5066 longum,angustum
524 4992 553 5046 et
565 4987 738 5045 cavum.Sed
766 4987 794 5042 in
812 4986 946 5060 prasenti
963 4986 1038 5043 libro

215 5081 347 5136 iocorum
361 5080 568 5145 Hebraicorum,
582 5061 658 5166 gibus
672 5078 762 5133 laica
777 5091 885 5133 nomen
908 5079 953 5131 eet
972 5089 1037 5146 pro-

212 5169 309 5242 prium
341 5168 496 5250 cujusdem
521 5167 648 5250 regionis
676 5166 795 5231 iudea,
825 5165 854 5218 in
882 5179 940 5235 qua
967 5167 1038 5219 sunt

210 5237 305 5364 piqbnews1
307 5239 429 5363 &hm
441 5252 504 5294 ears
519 5238 690 5295 nominibus
713 5237 768 5292 hoo
791 5235 854 5292 loeo
882 5249 1036 5307 expressas,

245 5411 279 5420 -
294 5349 356 5435 lmo
369 5395 437 5434 vero
452 5378 598 5449 Granum,
614 5395 673 5434 non
699 5378 854 5434 idebraum
873 5375 960 5448 vulgo
982 5374 1034 5431 hc·

211 5448 296 5508 betur
311 5467 318 5516 ;
333 5449 526 5574 quamobrem
541 5449 669 5505 clericus
684 5448 767 5505 avide
794 5451 910 5520 arrepta
933 5463 966 5504 ex
981 5446 1035 5502 hoo

207 5520 270 5578 loco
285 5520 314 5576 in
338 5517 544 5591 lieronymum
560 5520 742 5575 obtrectandi
767 5521 928 5588 occasione,
946 5531 1034 5591 quem

205 5593 296 5650 trium
310 5591 481 5663 linguarum
504 5589 717 5663 peritissimum
747 5607 850 5647 omnes
876 5589 1034 5657 mirantur,

205 5665 247 5724 im
269 5662 363 5723 eritis
389 5667 519 5724 accusat.
551 5663 658 5719 Contra
695 5661 881 5719 ilbenterdus
906 5676 1033 5719 errorem

205 5736 237 5800 in
249 5682 409 5799 florarium
422 5734 543 5808 coalent,
563 5731 684 5810 vultque
704 5731 760 5792 levi
774 5731 901 5794 duarum
915 5731 1032 5794 vocula·

1055 4582 1078 4647 Ι)
1111 4579 1206 4646 eiiam,
1224 4579 1261 4633 de
1274 4577 1486 4635 Melchisedech
1515 4595 1597 4646 num,

1100 3333 1164 3388 qun
1180 3315 1287 3372 cecidit
1299 3316 1329 3371 in
1345 3321 1453 3373 sortem
1470 3317 1597 3374 dimidie
1613 3319 1715 3376 tribus
1725 3319 1851 3375 Marassa
1864 3331 1870 3370 ι
1883 3313 1905 3368 et

1099 3439 1165 3480 rum
1192 3423 1422 3496 transpositione
1450 3425 1493 3480 sio
1521 3423 1598 3497 legi:
1615 3427 1677 3484 iton
1704 3419 1904 3490 Heiraetmntl

1116 3493 1210 3550 aidum
1230 3498 1330 3566 pateat
1367 3493 1412 3551 aed
1434 3499 1559 3552 Graecam
1585 3505 1624 3553 eet
1654 3499 1822 3554 vocobulum.
1844 3493 1904 3549 Lau·

1098 3510 1241 3622 3andain
1262 3569 1290 3634 S,
1320 3537 1442 3622 boctore
1469 3565 1615 3635 voluntas,
1649 3569 1771 3624 minime
1799 3573 1905 3637 sequen·

1099 3637 1170 3692 dum
1190 3635 1366 3708 exemplum.
1397 3638 1455 3710 ilgo
1481 3637 1549 3694 data
1571 3650 1662 3711 opera
1692 3645 1823 3697 notatum
1849 3636 1905 3708 pcto

1099 3708 1135 3763 ab
1176 3708 1365 3780 Hieronymo,
1406 3725 1465 3764 non
1519 3724 1583 3765 esse
1623 3711 1761 3768 Graecum
1803 3716 1906 3769 nomana

1098 3779 1176 3851 quod
1204 3779 1318 3852 integra
1346 3778 1447 3836 eedem
1477 3778 1694 3852 significatione
1729 3795 1830 3852 nempe
1854 3774 1904 3834 let·

1099 3851 1134 3906 iis
1160 3849 1255 3923 primo
1293 3849 1393 3906 statim
1430 3849 1530 3906 intitul
1557 3845 1659 3906 Α”λὼν
1698 3825 1748 3907 led
1783 3856 1830 3920 τῆς
1865 3841 1903 3928 ²³³(

1098 3917 1150 3990 λὴς
1167 3921 1359 3978 deduceretur
1382 3925 1436 3978 :at
1456 3939 1514 3978 non
1539 3938 1556 3978 e
1577 3921 1698 3993 Graecis,
1724 3924 1774 3980 ee'd
1798 3920 1905 3978 liebrers

1097 4009 1224 4065 inditum
1239 4009 1302 4066 ioco
1317 4009 1430 4077 luisset,
1456 4025 1530 4082 quoe
1554 4025 1645 4083 penes
1666 3997 1748 4102 publii
1766 4012 1906 4068 domna

1096 4083 1263 4137 oonoouitoic
1273 4096 1379 4137 nomon
1393 4081 1476 4136 cottis
1482 4083 1661 4154 preeprandr's
1677 4081 1904 4156 significationen

1097 4153 1251 4208 obtineret.
1267 4152 1368 4224 Neque
1382 4153 1454 4208 adeo
1464 4167 1582 4209 necoese
1596 4158 1643 4210 eet
1653 4155 1728 4211 illud
1743 4149 1868 4224 usurpari
1880 4147 1904 4200 iu

1096 4222 1254 4308 Scripturis
1269 4222 1324 4279 boc
1338 4239 1437 4290 sensu,
1454 4225 1533 4296 quod
1548 4239 1643 4281 unum
1671 4230 1820 4299 tantopere
1834 4221 1906 4292 argei

1096 4294 1244 4362 Glerrcns;
1275 4294 1347 4350 satis
1374 4295 1399 4350 si
1427 4295 1577 4351 communi
1600 4297 1781 4380 vulgatoque
1807 4305 1904 4351 sermu-

1097 4381 1142 4432 na,
1159 4365 1286 4420 maxime
1302 4366 1436 4438 sequiora
1452 4381 1521 4433 evo,
1542 4368 1581 4422 itr
1595 4368 1632 4423 ab
1656 4368 1814 4441 indigenis,
1836 4357 1903 4419 head

1096 4435 1231 4507 equidem
1248 4435 1365 4504 Grecis,
1380 4437 1517 4508 planities
1531 4437 1582 4494 iila
1599 4442 1630 4494 et
1651 4439 1739 4498 vallis
1751 4455 1788 4512 sp
1808 4435 1901 4494 ellare·

1096 4513 1153 4563 tur.
1170 4513 1230 4563 Hoc
1244 4523 1311 4562 vero
1325 4507 1388 4579 ipse
1403 4508 1598 4582 Hieronymus
1612 4511 1773 4640 ⁰8i⁸tte⁷tzr
1825 4509 1903 4634 ffi-

1649 4625 1657 4650 ‚
1715 4599 1730 4638 s
1773 4595 1808 4638 nr
1893 4600 1903 4616 ·

1092 4595 1267 4705 festissimis
1282 4650 1391 4718 verbis,
1425 4667 1469 4706 ue
1484 4651 1578 4708 critici
1593 4653 1622 4707 in
1634 4659 1793 4726 utramque
1804 4652 1903 4724 purim

1095 4724 1248 4793 perspecta
1272 4720 1380 4777 habere
1405 4665 1577 4779 accesissent
1604 4738 1673 4780 nem
1693 4739 1807 4796 3eupre
1830 4731 1901 4776 entre¹

1094 4791 1223 4863 ptionem
1252 4796 1458 4866 praeconcepta
1486 4795 1633 4865 opinionis
1662 4800 1692 4852 et
1720 4795 1788 4851 ildei
1822 4789 1902 4848 suni:

1094 4883 1108 4912 n
1125 4862 1216 4920 Vallis
1235 4861 1341 4934 inquit,
1358 4864 1446 4937 regis,
1460 4865 1521 4920 siva
1536 4869 1568 4922 ut
1581 4865 1774 4940 Septuaginta
1792 4863 1903 4920 transto-

1095 4932 1202 5004 ierunt,
1229 4949 1351 5005 campus
1376 4951 1464 5006 quem
1493 4952 1578 4992 soors
1602 4953 1736 4994 turonen
1763 4939 1901 4992 sumunt

1092 5011 1206 5061 vorant.
1223 5025 1239 5057 ι
1254 5005 1361 5062 Doceat
1385 5022 1463 5061 nuno
1491 5007 1630 5074 Clericus,
1664 5008 1830 5065 Palestinae
1848 5011 1896 5058 nnn

1091 5075 1281 5132 vernaculum
1296 5076 1359 5132 ioco
1379 5093 1486 5134 nomen
1508 5077 1661 5146 indidisse,
1685 5081 1737 5136 sed
1761 5081 1900 5136 demum?

1092 5147 1161 5218 quid
1180 5146 1258 5203 enim
1284 5147 1382 5213 reiert,
1399 5149 1424 5202 si
1453 5148 1540 5204 etiam
1571 5151 1600 5204 in
1629 5151 1728 5208 Gracc
1760 5143 1901 5206 resonet?

1091 5218 1148 5274 Nee
1176 5234 1307 5292 repugno
1349 5219 1374 5274 si
1411 5220 1611 5276 Martianeum
1653 5221 1763 5278 bonam
1790 5227 1898 5276 anunm

1091 5306 1148 5345 non
1176 5305 1257 5363 eque
1283 5289 1358 5345 bene
1385 5294 1517 5346 tuentem
1554 5291 1707 5364 redarguit
1739 5309 1746 5346 ε
1774 5291 1898 5356 Hieronp-

1090 5377 1172 5416 mum
1188 5361 1338 5417 immerito
1353 5363 1483 5418 accusari
1497 5363 1650 5435 imperitia
1661 5357 1896 5421 nemoscsereet

1124 5446 1320 5520 “losepbus
1352 5447 1442 5522 Aaiiq.
1480 5449 1501 5504 i.
1545 5465 1608 5524 cap.
1652 5451 1665 5504 i
1698 5467 1709 5514 ,·
1746 5447 1898 5522 stephinot

1089 5518 1218 5601 ‘lm’
1251 5519 1442 5648 ⁹i⁰¹⁰¹¹¹illt
1462 5511 1897 5650 Pbitlln³¹¹it²in⁸⁶sfiffi
1983 5537 1984 5542 '

1087 5605 1334 5796 {ifirgrasrtsssfprgffi
1357 5679 1391 5722 ea
1405 5665 1493 5742 syrus
1519 5632 1646 5723 araneae
1672 5663 1839 5742 potirentur,
1852 5661 1895 5716 tt·

1153 5751 1192 5796 R·
