4096 6164
127 329 180 401 ΒΩ
553 323 1403 394 utttouttscoutantuttultttos.-l.la.1.
1768 325 1832 394 Μ

127 464 332 522 discernuat
349 459 468 530 Verum,
485 463 577 518 Attice
597 463 649 518 sed
665 477 722 518 uon
738 461 839 518 eodem
854 475 943 516 sensu
958 458 985 525 Α
999 457 1047 514 trii
1061 457 1232 529 intelligant
1244 463 1428 532 potestatem.
1456 463 1487 516 G.
1508 461 1570 516 lton
1599 464 1644 518 est
1672 462 1713 518 itu
1729 466 1762 517 ut
1775 451 1825 518 au·

127 555 159 610 ab
173 549 289 610 emulis
304 550 455 624 accipitur,
472 567 559 624 quoa
572 567 620 608 mo
635 551 746 610 dietum
762 553 816 606 ast.
834 549 854 605 A
870 549 943 615 Quid
1003 547 1166 610 tumasnea
1182 565 1207 602 a·
1215 565 1261 602 me
1269 553 1429 620 utrumque
1444 548 1561 616 dieitur,
1571 553 1605 604 ut
1617 553 1646 605 et
1660 549 1825 623 Daigratite

125 642 199 701 euim
214 640 421 714 ambiguitatis
442 641 473 696 in
488 639 565 696 dioto
579 643 634 708 cst,
651 643 685 696 ut
704 640 824 694 diversa
839 635 945 694 intelli·
1000 636 1047 700 sit,
1064 635 1142 707 quod
1154 635 1229 694 tales
1244 635 1353 692 conditi
1368 653 1485 704 sumus,
1497 641 1526 694 et
1539 651 1591 710 per
1604 637 1723 710 singula
1734 655 1826 710 opera

99 769 101 774 .
125 732 226 806 gestia
240 731 391 786 tribuatur
404 729 602 786 occasiotliec
617 731 757 801 quercui
771 727 807 784 de
822 730 946 798 utroque
999 719 1079 778 illius
1094 722 1272 780 adminiculo
1295 724 1462 781 fulciamur.
1478 727 1510 780 A.
1522 724 1642 804 Constat
1656 741 1724 798 ergo
1749 727 1827 782 inter

126 817 435 893 paritarrcapondeas.
452 817 515 874 Duo
530 817 608 872 anim
624 821 684 874 ate
699 815 848 889 proposita
862 816 946 870 sunt:
1001 829 1064 880 uos,
1082 811 1110 866 in
1127 811 1212 868 bonis
1227 812 1366 886 operibus
1387 817 1454 885 post
1468 814 1617 886 propriam
1629 811 1823 883 voluntatem,

129 923 237 976 uuum,
251 921 332 981 possa
343 907 494 962 homiuem
510 904 575 962 siue
586 908 705 978 peccato
728 921 802 972 esse,
819 903 844 958 si
858 900 946 969 velit;
1003 901 1051 958 Dei
1066 917 1121 958 uos
1136 901 1190 956 niti
1201 901 1317 970 auxilio,
1329 900 1359 956 in
1375 901 1461 959 malis
1476 903 1595 959 diaboli.
1613 904 1641 960 C.
1658 901 1788 969 Constet,
1800 905 1831 958 et

128 997 262 1063 alterum,
288 993 383 1052 facilia
397 993 449 1051 Dei
470 1009 534 1051 csse
554 997 707 1066 precepta.
726 991 805 1048 Licet
823 1005 891 1064 ergo
909 989 947 1044 si·
1002 989 1156 1063 superhoo
1167 989 1405 1047 nullaooulcntio
1420 993 1508 1046 estu.
1520 990 1594 1047 Male
1607 1006 1675 1064 ergo
1686 990 1828 1057 sentiunt,

130 1085 190 1142 mul
204 1083 460 1148 crustularium
476 1097 529 1154 per
541 1086 640 1154 partes
655 1079 789 1153 singulas
804 1079 950 1136 disseran-
1003 1077 1054 1150 qui
1068 1093 1121 1150 per
1132 1076 1265 1158 singulas
1275 1093 1322 1134 res
1332 1093 1405 1150 quas
1418 1079 1545 1152 agimus,
1561 1079 1611 1135 Dei
1627 1079 1765 1135 auserunt
1779 1080 1828 1135 ad·

128 1167 950 1244 tuantquorumuuavideturlides,nullasitinsenten·
999 1166 1155 1238 jutcrium,
1185 1169 1214 1222 et
1240 1165 1313 1222 illud
1344 1169 1423 1240 quod
1452 1167 1719 1224 Psalmistacauit:
1736 1191 1749 1218 n
1765 1168 1828 1225 Nisi

125 1260 231 1316 tiorum
248 1257 419 1314 diuersitate
432 1256 588 1314 contentio.
614 1254 642 1310 C.
659 1255 728 1327 ligo,
755 1253 860 1320 Attice,
890 1253 950 1310 dixi
1004 1253 1148 1312 Dominus
1162 1253 1346 1311 edificaverit
1374 1256 1506 1322 domum,
1523 1255 1677 1312 iuvenum
1693 1255 1829 1312 laborant

124 1347 273 1406 homiuem
289 1348 402 1417 absque
415 1342 746 1417 peccetoposseesse.si
760 1341 840 1411 velit,
851 1358 907 1399 non
918 1348 951 1398 ut
1005 1341 1055 1415 qui
1070 1341 1215 1398 adissoaut
1225 1357 1300 1399 eam.
1317 1343 1393 1400 699
1409 1343 1471 1398 Nisi
1500 1344 1643 1400 Dominus
1657 1343 1831 1401 custodierit

124 1436 244 1508 quidm
260 1433 397 1492 maledici
412 1431 640 1499 calumniantur,
657 1431 771 1503 absque
790 1431 841 1487 Dei
857 1431 951 1504 gualla
1004 1431 1162 1499 civitatem,
1190 1432 1300 1487 frustra
1330 1431 1431 1505 vigilat
1455 1432 1505 1505 qui
1520 1433 1649 1488 custodit
1659 1449 1723 1488 eam
1739 1433 1828 1506 (Paul,

126 1524 215 1597 [quod
230 1523 320 1582 etiam
336 1521 464 1596 cogitare
479 1519 666 1594 sacrilegium
682 1520 749 1592 est),
770 1520 820 1576 sed
837 1519 952 1591 simpli·
1006 1535 1099 1586 cxxvi,
1117 1521 1193 1590 l);»
1215 1523 1244 1576 et
1273 1523 1376 1576 ostem
1401 1521 1616 1592 hujuscemodi,
1632 1522 1830 1593 parvul-sisin-

123 1615 194 1670 citer
205 1610 339 1686 passast
360 1609 440 1675 velit,
450 1613 484 1665 ut
498 1607 696 1666 subaudiatur
710 1623 776 1664 oum
786 1607 835 1664 Dei
847 1609 951 1680 gratia
1006 1609 1274 1681 terpretationibus,
1290 1608 1350 1665 imo
1366 1609 1427 1666 risu
1442 1609 1551 1678 dignis,
1577 1611 1613 1665 ad
1638 1609 1711 1668 alios
1722 1627 1828 1668 sensus

124 1705 154 1759 A.
169 1701 246 1774 Ergo
256 1704 287 1756 et
303 1697 449 1757 malumm
464 1698 495 1754 in
508 1702 537 1754 te
552 1710 672 1769 operum
686 1701 841 1753 auctorest
855 1696 954 1753 Deus?
1008 1697 1180 1769 detorquere
1195 1698 1340 1754 nituntur.

128 1791 156 1847 C.
176 1790 372 1863 Nequaquam
387 1788 429 1844 ita
452 1791 486 1842 ut
499 1789 647 1842 autumas.
664 1785 721 1841 Sed
734 1784 760 1840 si
771 1785 842 1856 quid
859 1785 888 1840 in
905 1799 952 1843 ma
1043 1787 1070 1842 3.
1087 1787 1248 1859 loainpulr'a
1276 1789 1356 1844 rebus
1371 1789 1421 1843 Del
1434 1803 1501 1860 optas
1515 1803 1570 1844 ease
1587 1788 1732 1859 adjutorio.
1748 1819 1783 1830 -
1798 1790 1827 1846 C.

126 1879 191 1936 boni
206 1872 948 1948 babeo.illosuggerenteetadjuvautecomplatur.
1006 1875 1080 1941 Quid
1107 1875 1181 1930 mihi
1208 1891 1327 1932 necesse
1356 1881 1401 1932 ast
1428 1880 1529 1931 contra
1555 1876 1628 1932 alios
1644 1876 1828 1946 dicer-amum

126 1971 156 2023 A.
172 1965 237 2023 Noa
252 1965 289 2020 de
301 1967 409 2020 natura
423 1977 532 2035 quaro,
549 1962 600 2019 sed
629 1963 666 2018 de
685 1965 763 2018 actu.
786 1961 858 2026 uuis
872 1962 951 2017 enim
1007 1979 1116 2020 mcum
1134 1979 1308 2037 responsum
1330 1963 1458 2021 habeas?
1481 1967 1512 2020 A.
1529 1967 1626 2021 Tuum
1653 1980 1828 2038 responsum

127 2055 242 2110 dubitat
255 2056 343 2110 mum
360 2051 493 2106 omnium
517 2049 704 2106 Creatorem?
727 2049 787 2106 lloo
802 2049 876 2104 mihi
891 2065 951 2106 ms·
1006 2051 1196 2123 eujusmodi?
1210 2052 1265 2107 llos
1278 2053 1351 2108 bene
1367 2052 1485 2120 sentire,
1499 2068 1536 2108 un
1555 2053 1654 2108 male?
1674 2053 1702 2110 C.
1719 2055 1828 2127 Eique

129 2141 261 2215 pendeas
278 2138 382 2195 aelim:
406 2139 485 2210 quod
508 2137 571 2212 agis
592 2138 714 2208 bouum,
734 2141 819 2194 tuum
845 2139 898 2197 est,
914 2154 950 2193 aa
1006 2158 1053 2197 me
1068 2141 1146 2214 cogit
1174 2140 1342 2204 necessitas,
1363 2145 1396 2196 ut
1410 2147 1512 2196 contra
1526 2141 1599 2197 alios
1613 2157 1747 2213 promam
1763 2161 1829 2200 sen-

127 2229 203 2286 Deli
216 2227 249 2292 ,6.
266 2224 357 2290 Meum
371 2231 426 2296 est,
442 2229 471 2282 ct
485 2225 553 2293 Dci3
569 2229 602 2280 ut
615 2241 667 2299 ego
683 2241 785 2298 operer
798 2225 887 2282 atille
900 2226 951 2282 ad·
1006 2229 1127 2286 tentiam
1139 2229 1153 2284 i
1164 2231 1195 2284 A.
1213 2227 1425 2302 Disputationis
1448 2230 1519 2285 ordo
1543 2237 1571 2284 et
1599 2231 1671 2286 ratio
1686 2231 1828 2296 veritatis,

122 2321 216 2392 juret.
235 2318 269 2373 A.
292 2317 327 2374 at
352 2314 500 2388 quomodo
521 2314 582 2371 hac
606 2315 741 2372 omnium
768 2315 867 2387 opinio
896 2319 951 2384 est,
1005 2321 1048 2375 Au
1065 2319 1182 2391 ignoras
1196 2332 1283 2372 omne
1306 2317 1384 2389 quod
1409 2315 1525 2378 dicitur.
1554 2322 1690 2387 autesse,
1705 2325 1829 2376 autnon

127 2403 204 2482 quod
232 2406 283 2462 Dei
313 2405 428 2462 auteres
455 2403 592 2476 gratiam,
614 2408 642 2459 ct
655 2402 799 2476 quidquid
815 2403 952 2460 homiues
1007 2423 1089 2474 csse;
1106 2409 1200 2462 etaut
1228 2405 1304 2461 inter
1329 2406 1406 2460 bona
1434 2403 1579 2462 autmala
1606 2405 1830 2464 debareuumc·

125 2497 251 2571 aglaum,
275 2494 400 2567 pmpriar
428 2496 545 2548 tantum
576 2507 691 2548 asseras
723 2491 952 2547 voluntatis'lt'
1006 2495 1088 2552 rarii
1104 2494 1163 2550 lloc
1193 2493 1381 2566 ergodequo
1409 2492 1568 2566 interrogo,
1594 2497 1645 2550 unt
1670 2495 1828 2568 benedici,

125 2587 225 2654 ldiror,
238 2583 346 2652 Attica,
361 2598 415 2638 our
425 2579 630 2638 erroriaalieui
645 2595 849 2636 amecauaum
862 2579 951 2636 ratic·
1007 2587 1058 2641 aut
1073 2582 1160 2648 male,
1173 2581 1297 2654 ingratis
1312 2582 1365 2636 tibi
1387 2583 1537 2638 latendum
1554 2587 1607 2638 est.
1625 2584 1654 2640 C.
1671 2583 1701 2640 Si
1716 2584 1746 2639 in
1764 2583 1830 2640 sin-

125 2687 254 2746 namqua
268 2670 396 2743 llagitcs,
411 2673 440 2724 et
452 2668 480 2724 id
498 2683 613 2741 quaeras
633 2669 711 2741 quod
733 2668 874 2740 scriplum
890 2684 969 2724 uou=
1006 2671 1084 2746 gulis
1100 2671 1188 2727 rebus
1204 2687 1281 2742 ques
1312 2671 1452 2744 gerimus,
1467 2671 1517 2726 Dei
1533 2671 1676 2727 utendum
1689 2677 1735 2728 ast
1748 2674 1847 2743 adju·

123 2769 256 2831 erasum
263 2758 587 2833 perspicuumsitquod
599 2756 777 2832 scripserim.
787 2756 952 2813 Dixihomi·
1006 2760 1080 2818 torio
1109 2775 1177 2832 ergo
1191 2762 1221 2814 et
1233 2757 1380 2814 calamum
1403 2763 1564 2830 temperare
1579 2759 1614 2814 ud
1629 2759 1827 2818 scribendum.

125 2867 190 2909 uem
206 2850 272 2906 sine
293 2851 412 2921 peccato
436 2861 502 2904 esse
529 2863 627 2919 posse,
658 2847 683 2902 si
712 2845 791 2903 velit.
811 2844 951 2918 Nunquid
1006 2851 1236 2920 attemperatum
1265 2846 1382 2918 pumice
1409 2849 1511 2912 terere,
1535 2861 1715 2919 manumque
1730 2855 1830 2920 aptare

125 2938 234 3006 cadmi,
249 2933 430 3008 amorraei
445 2935 563 3008 gratia?
583 2936 613 2990 A.
629 2934 685 2991 Sed
701 2949 737 2990 ex
750 2951 784 2990 eo
799 2935 877 3006 quod
893 2950 969 2989 noo.
1006 2938 1122 3006 litteris,
1138 2939 1244 3004 tacere,
1260 2933 1351 3006 loqui,
1367 2935 1477 3000 sedere,
1494 2938 1582 3003 stare,
1594 2936 1829 3003 ambulare,cur-

125 3026 277 3098 addidisti,
291 3025 400 3081 videus
421 3040 537 3098 negare.
555 3024 585 3080 C.
611 3023 722 3080 lmoea
741 3039 774 3080 eo
798 3022 951 3096 quodnou
1006 3043 1079 3094 rere,
1109 3025 1270 3088 comedere,
1294 3025 1438 3094 jejunare,
1469 3024 1547 3090 llere,
1564 3025 1829 3092 ridere-,etcertum

123 3117 237 3192 negavi,
247 3115 360 3171 dixisse
370 3112 584 3170 existimandus
593 3112 757 3169 summ
767 3110 952 3184 Nequeeuim
1006 3113 1223 3186 hujuscemodi,
1249 3111 1305 3166 uisi
1334 3112 1411 3167 Deus
1432 3112 1550 3183 pulerit,
1568 3129 1625 3168 non
1642 3116 1828 3186 poterimus?

124 3203 267 3279 quidquid
282 3219 343 3258 uon
367 3201 506 3266 dicimus,
522 3215 628 3272 negare
649 3199 808 3256 arbitrandi
831 3215 946 3257 sumus.
963 3193 985 3260 C
1004 3204 1033 3260 A.
1049 3204 1136 3260 Juxta
1150 3193 1248 3257 meum
1264 3215 1383 3256 sensum
1400 3217 1457 3256 non
1468 3217 1554 3273 posse
1563 3203 1750 3274 perspicuum
1766 3208 1824 3259 est.

123 3299 154 3352 A.
169 3287 862 3362 concanaergoposaehominemsinepeeesto
873 3303 947 3354 esse,
1004 3293 1033 3348 C.
1051 3295 1081 3348 lu
1093 3306 1150 3362 quo
1164 3288 1388 3362 igitur-liberum
1403 3289 1547 3346 babemus
1560 3290 1759 3358 arbitrium‚et
1774 3291 1826 3347 Dei

124 3379 243 3446 aiuelit,
259 3395 327 3436 cum
339 3378 390 3435 Dei
406 3378 531 3451 gratiai.
548 3377 577 3434 0.
593 3377 655 3434 Non
675 3375 772 3433 solum
784 3377 885 3443 fateor,
898 3375 949 3432 sed
1004 3383 1034 3436 in
1048 3395 1102 3436 nos
1117 3377 1211 3452 gratia
1232 3377 1407 3446 custoditur,
1419 3378 1445 3432 si
1460 3395 1497 3433 ne
1511 3378 1565 3434 boc
1578 3380 1696 3451 quidem
1713 3381 1827 3452 absque

124 3475 155 3526 et
167 3469 260 3526 libere
274 3467 431 3540 proclamo.
452 3465 483 3521 A.
510 3467 595 3522 lirrat
609 3481 677 3538 ergo
692 3466 742 3538 uui
757 3466 806 3522 Dei
822 3466 950 3538 gratiam
1004 3470 1063 3526 Deo
1077 3481 1235 3541 possumus
1251 3465 1365 3522 lacere?

124 3554 949 3627 tollith.Errut.0uiupotiusarbitrundusestimpius,
1040 3563 1066 3613 l.
1083 3555 1222 3629 (irremotis
1236 3555 1336 3612 dotum
1365 3555 1484 3610 liberum
1515 3555 1673 3611 arbitrium.
1694 3558 1830 3614 Litcrtntt

128 3660 201 3701 cum
216 3643 269 3699 Dei
283 3647 352 3696 nutu
368 3643 465 3699 omnia
479 3643 690 3716 gubernentur,
706 3643 800 3699 ethoc
815 3642 892 3714 quod
904 3659 952 3698 su·
1004 3663 1059 3704 nen
1075 3645 1161 3716 officit
1189 3645 1238 3699 liei
1260 3645 1360 3714 pretio.
1377 3674 1411 3682 -
1425 3643 1455 3697 A.
1476 3643 1538 3696 Nou
1555 3643 1597 3698 sic
1613 3645 1721 3700 donata
1732 3651 1777 3700 est
1792 3646 1829 3700 ti-

131 3747 203 3790 mus
218 3737 249 3787 et
259 3729 394 3788 babemus
406 3731 569 3805 appetitum
580 3732 704 3804 propris
714 3732 883 3797 voluntatis,
900 3731 952 3786 Dei
1006 3735 1067 3792 beri
1081 3731 1193 3789 arbitrii
1208 3729 1405 3804 gratia,utl)ei
1416 3729 1594 3802 persingula
1608 3731 1727 3788 tollatur
1739 3733 1837 3788 stimi·-

19 3827 22 3840 '
126 3817 543 3877 conditorissitbcuetlciom.
568 3820 606 3876 Ut
619 3820 697 3876 euim
712 3820 838 3876 liberum
853 3819 951 3892 possi·
1007 3819 1149 3879 niculum.
1178 3819 1207 3874 C.
1235 3820 1297 3873 Non
1326 3817 1439 3874 tollitur
1467 3817 1516 3872 Dei
1544 3819 1735 3890 adjutorium,
1762 3836 1830 3876 oum

126 3912 251 3968 dcamus
267 3907 449 3975 amunnmt,
460 3913 489 3964 et
502 3907 547 3964 val
564 3911 599 3964 ad
616 3909 785 3973 bouam,vel
796 3909 831 3963 ad
843 3907 951 3964 malam
1008 3913 1147 3967 creature
1163 3923 1196 3961 ex
1208 3904 1298 3960 semel
1314 3904 1373 3958 dati
1389 3903 1472 3960 liberi
1488 3905 1600 3962 arbitrii
1614 3908 1709 3979 gratia
1719 3923 1833 3966 conaer-

129 4003 242 4071 putem
259 3993 444 4052 declinemus
457 3995 822 4069 propriavoluutate;ejus
839 4001 953 4069 ostgra·
1008 3997 1142 4055 venturi.
1154 3993 1185 4050 Si
1211 3995 1289 4050 enim
1315 3994 1426 4064 absque
1441 3993 1510 4060 Deo,
1535 4000 1563 4050 et
1577 3995 1633 4050 nisi
1649 4012 1701 4068 per
1715 3997 1832 4070 singula

125 4087 186 4152 lia,
200 4085 252 4158 qui
267 4100 324 4140 uos
338 4083 376 4139 ad
391 4083 562 4157 imaginem,
572 4089 601 4140 et
615 4084 651 4140 ad
668 4083 892 4141 similitudinem
906 4083 952 4140 sul
1007 4086 1056 4150 illa
1072 4099 1118 4140 me
1129 4082 1249 4154 javerit,
1266 4080 1339 4136 nihil
1355 4096 1476 4152 possum
1492 4099 1595 4155 agero:
1613 4101 1665 4141 neo
1680 4103 1732 4157 pro
1747 4085 1832 4152 bonis

127 4174 202 4230 tales
216 4171 361 4230 condidit.
1009 4191 1056 4232 me
1066 4177 1147 4246 juste
1158 4170 1295 4243 operibus
1309 4170 1526 4238 coronabimus
1541 4171 1651 4244 allliget
1666 4191 1717 4244 pro
1733 4173 1830 4241 molis;
1848 4217 1851 4224 .

159 4259 649 4332 compatientissimum?
668 4260 850 4328 A-Nullt,
866 4259 953 4317 oCri-
1009 4263 1059 4320 sed
1075 4263 1105 4318 in
1121 4266 1246 4332 utroque
1272 4275 1359 4315 suum
1382 4258 1426 4313 vel
1460 4259 1589 4331 recipiat,
1615 4260 1659 4316 vel
1680 4263 1834 4325 damnabit

127 4349 239 4418 tabule,
257 4347 384 4404 dubiuin
400 4351 454 4418 est,
471 4364 506 4404 cx
519 4350 584 4420 ejus
597 4349 955 4422 cunctapenderejudiclo
1009 4351 1161 4409 auxilium.
1178 4352 1208 4405 A.
1227 4349 1277 4404 [lic
1291 4363 1360 4420 ergo
1374 4347 1555 4419 simpliciter,
1570 4365 1623 4404 our
1639 4350 1687 4405 [tei
1704 4351 1834 4406 aulerast

129 4437 697 4511 qaicraatorastumatum,ctquidquid
709 4437 863 4508 habemus,
875 4438 956 4494 illius
1009 4442 1146 4515 gratiam.
1163 4436 1310 4510 Quidquid
1327 4436 1404 4492 enim
1421 4435 1500 4492 tollis
1512 4437 1542 4492 in
1556 4437 1699 4510 partibus,
1717 4455 1834 4496 necesse

129 4525 269 4582 beneflcio
286 4525 498 4597 deputandum.
511 4525 566 4582 Sed
579 4543 688 4598 quaro,
704 4526 759 4582 hoc
769 4527 866 4599 ipsum
877 4525 955 4598 quod
972 4565 994 4628 D
1010 4533 1098 4586 estut
1113 4529 1179 4583 etin
1192 4543 1298 4599 genere
1313 4539 1411 4598 nages.
1429 4525 1524 4582 &Nou
1539 4543 1612 4600 nego
1628 4527 1834 4600 praetensum

129 4611 178 4669 Dei
191 4611 424 4684 assurgentia,
438 4618 547 4682 utrum,
558 4617 593 4670 ad
605 4615 783 4671 conditionis
794 4616 956 4672 referasbe·
1013 4619 1108 4674 iteme
1122 4633 1140 4672 a
1154 4617 1204 4672 Dei
1221 4631 1350 4671 asseram
1367 4615 1564 4682 eonditum,ut
1580 4633 1630 4688 per
1644 4617 1694 4673 Dei
1710 4619 1833 4690 gratiam

129 4701 280 4768 osticium,
295 4717 336 4756 an
348 4699 379 4755 ia
395 4700 521 4773 singulis
530 4703 618 4759 rebus
632 4706 956 4776 putesessequasgori·
1012 4723 1083 4762 mero
1100 4706 1202 4760 datum
1217 4704 1257 4760 sit
1274 4705 1431 4770 voluntati,
1446 4705 1490 4761 vel
1512 4706 1606 4762 lacere
1620 4707 1702 4778 quid,
1717 4706 1760 4762 vel
1777 4723 1835 4761 nou

129 4803 209 4856 mua,
224 4795 257 4844 ut
269 4788 384 4845 scilicet
398 4787 476 4846 illius
492 4789 522 4846 in
538 4791 677 4848 omnibus
693 4795 815 4848 utamur
829 4791 956 4860 auxili03
1013 4795 1117 4851 lacere.
1134 4795 1165 4848 A.
1182 4792 1326 4848 Dormitat
1340 4809 1408 4863 ergo
1423 4794 1500 4850 Deus
1520 4794 1548 4848 in
1564 4795 1702 4866 operibus
1713 4794 1834 4860 nostr-is,

128 4893 169 4934 an
185 4877 276 4933 mmet
290 4879 327 4934 ab
342 4894 376 4934 co
390 4877 474 4934 liberi
487 4879 599 4935 arbitrii
609 4880 729 4948 conditi,
747 4887 847 4937 nostra
855 4880 957 4938 volun·
1013 4880 1103 4940 semel
1114 4880 1272 4936 dataliberi
1281 4878 1393 4936 arbitrii
1408 4887 1567 4952 potestate:
1584 4898 1636 4936 uec
1652 4865 1779 4936 orandus
1792 4887 1837 4937 est

128 4969 191 5022 tate
220 4965 264 5022 vel
290 4965 403 5022 viribus
432 4983 555 5040 agamus
591 4969 667 5041 quod
693 4968 859 5025 volumus?
887 4969 958 5027 Novi
1014 4975 1046 5026 ut
1060 4971 1090 5025 in
1107 4967 1232 5041 singulis
1258 4967 1396 5039 operibus
1425 4969 1836 5040 noejuvet,oumvoluutatis

129 5053 223 5120 euim,
239 5053 398 5127 plerosque
411 5060 541 5112 vestrum
558 5056 599 5112 ila
613 5058 648 5114 ad
665 5056 715 5114 Dei
734 5061 839 5114 cuneta
853 5058 960 5115 reterre
1013 5063 1118 5115 nostra
1133 5056 1172 5112 sit
1184 5054 1330 5127 etpmprli
1345 5056 1469 5123 arbitrii,
1485 5057 1528 5112 vel
1544 5057 1638 5112 lucere
1649 5058 1672 5112 si
1688 5057 1835 5129 volumus,

130 5143 272 5216 gratiam,
287 5147 322 5199 ut
336 5157 393 5198 nou
409 5143 438 5199 iu
455 5144 597 5215 partibus,
614 5145 703 5201 sedin
715 5161 830 5218 genere,
842 5145 960 5212 hucest,
1013 5147 1056 5204 vel
1074 5146 1240 5203 nonfacere
1255 5143 1278 5200 si
1295 5143 1443 5201 uolumus.
1733 5206 1748 5228 ·

131 5231 362 5306 naquaquamin
376 5231 663 5306 singulisrebua‚scd
675 5232 961 5291 incondilionearbi-
1053 5237 1129 5292 wo
1143 5237 1170 5290 5.
1188 5234 1216 5288 C.
1241 5233 1391 5298 Quomodo
1413 5233 1442 5288 in
1458 5233 1568 5290 catoris
1583 5236 1723 5294 creaturis
1736 5239 1836 5295 condi·

160 5417 176 5466 Α
193 5425 380 5484 uenrutetmt
389 5426 524 5484 monachi
538 5429 567 5485 S.
578 5429 733 5502 Augustini
743 5429 869 5488 editurae
879 5445 962 5488 cons
1050 5431 1362 5498 8Α1.,διιηιοινῑιιτιινιιῑ
1394 5432 1442 5489 laec
1462 5434 1616 5491 sunetdnti
1630 5437 1713 5492 litere·
1725 5438 1838 5493 nrlulru

133 5501 231 5556 muter
245 5499 421 5556 eructatum
435 5499 576 5557 scribunt.
1016 5507 1106 5575 gratio
1125 5507 1309 5559 rorucructur.

169 5575 180 5610 ⁸
195 5571 263 5627 Vui.
278 5585 383 5626 rursus
397 5571 552 5643 Augustini
569 5573 678 5630 librum
692 5573 725 5631 dc
740 5573 827 5632 Gestis
841 5575 961 5646 Pelagii,
1051 5575 1219 5631 tVictorius
1233 5575 1379 5630 evetustia
1389 5577 1605 5650 exemplaribus
1621 5581 1838 5637 eurcndandum

137 5659 163 5700 c.
182 5645 229 5714 to,
245 5661 275 5702 n.
289 5645 336 5714 22,
351 5647 380 5698 et
395 5643 439 5711 ll,
455 5659 484 5698 u.
499 5643 545 5702 30.
1017 5646 1176 5715 contendit,
1192 5646 1261 5721 quud
1276 5647 1326 5706 llat'
1340 5649 1461 5720 uuluae,
1478 5655 1545 5724 ato,
1558 5667 1610 5723 pro
1624 5669 1683 5720 cur,
1695 5657 1748 5710 eto.

300 5771 431 5842 saraca.
454 5769 561 5836 llllllt.
1642 5781 1678 5840 tt
