4072 6164
86 351 89 359 Ι
130 255 195 333 iltis

131 401 222 460 matio
237 415 352 460 eorum.

166 475 295 543 Thenas,
311 474 395 533 licus.

649 262 767 337 hiena
787 267 839 338 nn
861 269 1079 338 NOMINIBUS
1102 268 1322 338 nnsaaieis.

754 407 866 475 Abdon,
883 423 985 465 servus
1001 409 1142 466 nioeroris.

754 477 823 535 Allel
840 481 933 552 (litet),
949 481 1027 538 taus.

1776 271 1836 338 eea

1341 404 1403 534 iii
1427 405 1721 540 cairate·

164 545 302 614 Tharais,
324 547 423 604 vidisti
452 549 661 610 terebinthum.
752 551 1250 625 Aminadahpopulusmeusspon-
1341 551 1450 622 tiphod,
1467 555 1770 636 superindumentum,

164 618 294 686 Thabor,
311 619 431 677 veniens
446 621 555 678 tomen.

167 691 276 758 thalla,
292 707 363 763 ager
372 692 445 763 ejus,
458 691 502 750 vel
511 695 662 768 appensio.

718 623 833 679 teneus.
974 695 994 750 B

1305 623 1382 695 quod
1398 622 1488 681 Greci
1502 622 1761 701 vocantsctidope,
1773 629 1833 686 sive

1304 691 1442 766 ἒπωμῖδα.

164 761 390 835 thamnatsare,
407 781 549 823 numerus
561 767 664 838 operi·
753 764 977 849 Beccatulgulr,
995 766 1040 822 vel
1064 769 1249 838 contemptus
1322 765 1489 846 ¹Ephratha
1513 768 1639 840 (Epiro),
1664 769 1803 842 frugifera
1811 774 1832 842 ⁸,

127 833 225 892 menti
237 835 314 891 novi.
387 905 409 962 U

166 975 208 1032 Ur
222 976 308 1050 (tior),
325 976 449 1046 aerium,
475 979 536 1038 sive
551 982 585 1037 ad
605 981 662 1037 ira-

127 1047 267 1104 cundiam
289 1065 451 1122 provocans
466 1052 487 1106 ¹.

164 1207 261 1278 Zabdi,
278 1208 356 1266 dotis
371 1139 451 1266 nizea.

161 1279 263 1348 Zabdi,
287 1279 385 1338 tluxus
408 1281 575 1352 vehemens,
600 1285 661 1342 siva

123 1350 294 1409 abundans.

142 1423 265 1550 '‘Zancs,
282 1422 399 1496 repulit,
416 1424 460 1480 vet
480 1425 535 1483 iste
550 1427 661 1500 requie·

120 1509 150 1548 Ἡ
169 1537 176 1551 ’
210 1582 257 1639 na
273 1581 380 1639 aiano
393 1583 573 1642 iuniaiaii.

158 1741 353 1812 Adonibczec,
364 1743 502 1802 dominus
516 1745 659 1820 tulminis,

121 1815 187 1872 sive
207 1815 348 1872 dominus
372 1819 557 1890 contemptus
581 1821 659 1876 vani.

160 1887 210 1943 fl
221 1885 661 1963 ahimam,iiaiermeuaquis‘i

121 2028 128 2040 ¹
157 1963 225 2014 Aua
255 1958 371 2030 (nens),
408 1959 588 2030 claudicans,
616 1963 659 2020 vet

119 2045 267 2086 irascens.

159 2100 307 2170 Athaniel,
332 2105 452 2174 tempus
478 2120 576 2161 meum
597 2105 658 2162 Dei.

159 2171 241 2228 Arati
263 2173 359 2245 (ram),
383 2176 580 2232 consurrectio
607 2179 660 2234 de·

120 2243 301 2309 scensicnis,
317 2249 368 2302 aut
389 2247 594 2304 testimonium
608 2249 658 2305 de-

119 2315 279 2375 scandens.

156 2386 268 2453 Accho,
283 2403 379 2460 usque
395 2386 463 2455 huc,
478 2389 658 2462 authamus,

118 2461 174 2516 aut
188 2457 344 2516 humilitas
359 2459 434 2531 ejus.

154 2546 233 2605 Alah
248 2533 342 2676 gain),
358 2547 414 2614 lac,
432 2548 479 2631 yet
495 2549 599 2609 lactea.

154 2621 251 2676 Acrah
275 2636 327 2687 im,
343 2636 522 2692 scorpiones.

157 2691 310 2762 Astaroth,
326 2689 423 2758 ovilia,
436 2692 480 2750 vel
491 2693 615 2763 tactura,
629 2694 657 2750 id

120 2767 172 2820 est
185 2761 298 2830 actaeis
314 2762 541 2835 exploratorum.

155 2833 286 2900 Anatha,
302 2835 465 2907 responsio.

155 2906 265 2963 Arasth
283 2905 413 2978 (Harae),
429 2905 542 2963 artifex.

155 2979 313 3046 Abinaam,
329 2978 421 3050 patris
446 2977 504 3034 mei
527 2978 616 3035 decor
630 2980 652 3035 ¹.

154 3048 362 3118 Abstluctiis,
388 3047 432 3104 vel
458 3049 655 3107 committens.

154 3120 338 3188 Ahelmeola,
350 3119 447 3176 luctus
456 3121 656 3194 parturientis.

156 3194 231 3250 Ares
246 3193 341 3265 (nin),
359 3190 413 3248 sot.

156 3264 250 3330 Ahed,
267 3280 378 3320 servus.

157 3337 281 3403 Arinen,
317 3335 475 3392 anathemo
512 3336 656 3403 moeroris,

118 3405 167 3463 vel
182 3407 280 3479 imago
294 3407 431 3462 tristitia.

158 3477 264 3547 avom,
279 3477 480 3544 commoratio,
500 3477 544 3534 vel
559 3479 656 3544 sedes,

121 3548 654 3622 nutricatus,siveincunabula,quod

121 3624 227 3678 (ἔνθα
241 3620 343 3676 dieitur
355 3615 480 3680 ἓπανλις.

163 3690 278 3764 abgam
292 3692 425 3762 (abesan),
451 3695 534 3764 pater
548 3691 653 3749 sordis.

718 850 822 901 VERUS,
840 853 900 893 sive
917 855 1040 895 micans.

1304 852 1365 892 sive
1384 837 1420 892 de
1434 839 1531 894 cinere
1550 839 1679 909 veniens,
1703 849 1755 899 aut
1769 842 1834 916 pul·

752 907 924 978 Bootmesar,
951 909 1073 979 habens,
1098 908 1250 964 velvirex
1303 907 1464 964 rorulenta.
1499 909 1534 965 tlt
1566 928 1656 984 super
1685 911 1739 969 hoc
1763 915 1834 986 quid

717 993 860 1118 prffacggios'.
872 1050 1033 1134 fulgurans.

752 1121 869 1188 Bachal,
884 1139 1001 1197 Jugum.

752 1192 835 1264 Bara,
852 1199 994 1264 creatura,
1016 1195 1077 1251 sive
1090 1193 1193 1251 lectus.

752 1265 937 1321 Baracinnim
962 1267 1050 1338 (Apud
1080 1265 1159 1332 LXX,
1185 1284 1247 1332 viii,

715 1334 913 1462 {tremulum
935 1338 1083 1406 nidorum,
1109 1337 1169 1393 sive
1195 1338 1248 1394 iri-

738 1422 755 1460 u
770 1422 789 1460 i.

750 1476 927 1546 Baalberith,
948 1479 1061 1536 liabens
1076 1483 1205 1553 pactum.

750 1549 823 1605 Bere
837 1553 951 1623 (aasz),
967 1555 1084 1623 putans.

751 1620 860 1689 Berllh,
878 1627 1007 1694 pactum.

750 1689 947 1762 Baalthamar,
969 1693 1081 1749 habens
1105 1692 1244 1766 patinam.

750 1765 834 1831 Boea,
844 1764 1065 1833 infortitudine,
1075 1763 1134 1820 sive
1146 1766 1175 1820 in
1188 1782 1246 1838 quo

714 1833 817 1890 virtus.

749 1975 1001 2052 Ceaea,possessio
1017 1978 1245 2052 contemptibilis

749 2047 867 2106 Cetruin
892 2049 1021 2124 (Cetrora),
1046 2051 1173 2108 tenebrae
1197 2067 1244 2107 eo·

713 2136 790 2188 rum,
806 2121 850 2177 vet
868 2121 1039 2196 thymiama.

748 2191 846 2259 Cison,
861 2193 1057 2266 impegerunt,
1069 2194 1128 2250 sive
1138 2193 1246 2249 duritia

712 2279 813 2319 eorum
828 2263 872 2320 vcl
888 2264 999 2321 taetitia.

748 2333 854 2390 Cercar
873 2335 966 2416 (Apud
993 2335 1073 2406 LXX,
1101 2353 1161 2404 viii,
1189 2337 1244 2408 10),

712 2407 909 2476 investigatio.

711 2547 730 2604 l.
748 2478 798 2534 48
818 2477 939 2547 Camon,
965 2476 1138 2534 resurrectio
1152 2476 1243 2534 inuti·

724 2565 760 2604 is.

711 2624 835 2691 ocataor
848 2623 972 2690 aomina,
993 2636 1056 2694 qaae
1080 2627 1243 2691 seqcaatar,

747 2708 782 2748 ea
810 2691 924 2748 Ctittcro
953 2693 1122 2765 aspiratione
1150 2691 1244 2748 addita

748 2764 951 2835 santtepeada.

747 2834 874 2892 Chettim
894 2834 1026 2906 (tletti'm),
1052 2832 1241 2900 insanientes,

711 2906 755 2963 val
772 2905 944 2974 formidans,
962 2907 1021 2962 sive
1037 2903 1162 2976 signata.

747 2977 888 3044 Chusam,
903 2976 1050 3050 AEthiopia
1064 2993 1175 3034 eorum.

746 3049 881 3115 chamos,
900 3050 985 3122 quasi
1009 3052 1181 3115 attrectans,
1197 3048 1242 3104 vel

713 3136 1117 3274 00iiiiiiigoann,8’consummatio
1137 3192 1158 3260 ³,
1183 3189 1244 3246 sive

711 3264 807 3320 omnis
820 3263 912 3332 dolor,
928 3263 973 3320 vel
993 3264 1029 3319 ab
1045 3267 1138 3320 initio.

746 3405 889 3474 Debbora‚
905 3406 981 3479 apis,
996 3404 1040 3462 vel
1057 3405 1173 3476 loquax.

748 3475 851 3544 Datila,
871 3476 1059 3550 paupercula,
1083 3475 1127 3530 vel
1144 3473 1241 3531 situla.

748 3551 856 3620 Dagon,
873 3547 1115 3674 piscisgristitia.

747 3691 833 3758 tinec,
850 3688 972 3746 humilis
988 3702 1180 3761 consurgens.

1304 978 1388 1035 nohis
1402 979 1543 1047 videatur,
1559 982 1590 1038 in
1611 983 1695 1040 libris
1713 985 1835 1042 Hebrai-

1302 1067 1400 1177 csffmgni
1415 1053 1602 1120 Quaestionem
1627 1053 1744 1127 plenius
1759 1057 1833 1114 diiii·

1311 1153 1312 1158 κ
1335 1139 1354 1176 u
1399 1163 1405 1176 .

1339 1192 1535 1266 ltuphratites,
1557 1194 1677 1264 humus,
1702 1203 1754 1255 aut
1769 1199 1833 1273 pul-

1301 1265 1346 1320 vis
1361 1281 1474 1334 eorum,
1490 1267 1550 1322 sive
1564 1267 1697 1340 frugiter.

1302 1337 1359 1393 liao
1374 1339 1499 1405 aomina,
1525 1353 1587 1409 pase
1609 1349 1772 1412 sequantur,
1783 1359 1834 1414 per

1337 1417 1480 1463 extensam
1512 1409 1635 1478 tepamais
1657 1412 1832 1470 eumeniam.

1338 1480 1399 1535 nuo
1415 1480 1502 1550 (lod),
1526 1482 1673 1553 accipiens
1695 1482 1831 1557 gloriam.

1337 1551 1421 1607 litam
1437 1551 1551 1622 (nutu),
1566 1553 1628 1610 avis
1648 1569 1759 1612 eorum.

1557 1659 1578 1714 F

1338 1728 1414 1784 tura
1437 1727 1562 1803 (Pharo),
1593 1729 1763 1805 laguncula,
1788 1734 1833 1790 vel

1301 1799 1431 1873 frugiter.

1336 1869 1455 1938 sanuel,
1472 1871 1561 1928 facies
1581 1873 1640 1929 Dei.

1336 1943 1394 1998 toa
1409 1941 1520 2016 (Phua),
1542 1945 1704 2016 operarius,
1724 1946 1769 2003 vet
1784 1965 1831 2005 so·

1301 2012 1392 2081 nitas,
1408 2019 1459 2070 aut
1470 2015 1600 2071 evidens.

1336 2086 1432 2154 Farez,
1449 2085 1593 2156 dividens,
1609 2086 1653 2143 vet
1675 2087 1830 2158 violentus,

1299 2156 1360 2212 sive
1375 2157 1478 2212 divisio
1493 2159 1515 2226 ⁶,

1334 2316 1445 2372 Gaasar
1459 2316 1577 2390 (Goaer),
1594 2321 1761 2379 commotio.

1334 2387 1418 2453 Gora,
1436 2389 1605 2446 ruminatio.

1334 2459 1385 2514 tt)
1407 2459 1532 2527 Gedeon,
1559 2461 1746 2532 circumiens,
1770 2463 1829 2522 sive

1298 2529 1418 2587 tentatio
1433 2531 1598 2604 iniquitatis
1608 2549 1721 2590 eorum.

1335 2600 1467 2659 Gabatha
1489 2605 1518 2672 (Α
1541 2605 1582 2660 ad
1606 2604 1686 2672 LXX,
1712 2623 1763 2672 vii,
1789 2606 1828 2680 t),

1298 2671 1391 2740 collis,
1408 2672 1468 2730 sive
1486 2621 1633 2732 enitimis.

1319 2743 1472 2828 'Gerizim
1498 2745 1605 2814 accola,
1630 2746 1690 2804 siva
1718 2748 1830 2806 advena

1299 2831 1426 2968 eJlilariola
1462 2887 1562 2962 (Goat),
1585 2889 1737 2962 abjiciens,
1768 2891 1849 2948 sive.

1299 2957 1446 3015 revelatio.

1333 3028 1420 3100 Gaza,
1440 3029 1578 3087 tortitudo
1605 3032 1682 3102 ejus.

1333 3101 1443 3157 Gadam
1469 3101 1557 3174 (Apcd
1586 3102 1666 3172 Lxx,
1696 3119 1743 3172 xx,
1770 3105 1828 3178 t5),

1298 3172 1431 3240 tentatio,
1446 3172 1490 3229 vel
1506 3173 1646 3231 accinctio
1664 3175 1775 3248 populi.

1335 3331 1472 3389 Jezbaam
1509 3334 1664 3406 (tabicam),
1685 3335 1829 3405 dsttuens,

1298 3402 1344 3460 vel
1358 3403 1540 3477 desipiscens
1554 3405 1692 3478 populus.

1333 3474 1431 3543 Jabin,
1447 3474 1626 3549 intelligens,
1641 3475 1685 3534 vel
1701 3477 1829 3550 sapiens.

1334 3545 1394 3601 tael
1412 3547 1433 3614 ⁷,
1463 3563 1557 3614 cerva,
1584 3547 1629 3604 vet
1657 3549 1829 3624 conjugium

1298 3616 1422 3684 cervale,
1437 3617 1498 3673 sive
1513 3617 1668 3691 incipiens.

1333 3687 1828 3763 Jonasperans',sivetemporalis.

161 3831 301 3889 ¹ttatcre
315 3833 432 3907 Origen.
456 3831 557 3888 homil.
573 3835 619 3901 25,
644 3833 674 3889 in
689 3833 842 3889 Numeros.
860 3831 891 3888 Ut
906 3829 1057 3900 ire-Aetsi
1081 3826 1147 3883 illas
1171 3831 1240 3882 tunc
1264 3843 1323 3899 pris
1347 3827 1485 3884 manibus
1514 3829 1658 3888 hahuerit.
1675 3829 1748 3886 Vide
1763 3848 1827 3904 qua

121 3907 291 3978 terpretatur
305 3905 438 3960 irritatio.
461 3903 543 3960 ltaud
557 3903 618 3961 scio
634 3909 742 3971 tamen,
759 3919 847 3975 quam
870 3918 946 3971 vero,
1010 3902 1065 3957 hae
1079 3898 1114 3955 de
1129 3898 1305 3980 redicimus
1318 3897 1348 3953 in
1361 3899 1488 3972 generali
1503 3901 1617 3984 Prasiai.
1630 3919 1712 3958 nuni.
1727 3906 1773 3960 28.

126 3977 187 4034 nisi
211 3974 237 4032 si
257 3979 303 4033 est
326 3975 363 4032 ab
385 3985 447 4040 aia.
463 3976 543 4048 quod
572 3975 730 4048 significat,
758 3975 955 4048 expallescere,
1046 3973 1171 4026 ⁶Atn0vl
1187 3969 1256 4025 hinc
1271 3985 1377 4026 nomen
1396 3973 1534 4040 taceaco,
1556 3990 1616 4030 sive
1638 3978 1672 4031 ut
1697 3975 1833 4033 Martian.

1012 4042 1082 4116 legit
1096 4043 1235 4108 Fenaaac,
1251 4043 1408 4098 conversio:
1427 4045 1504 4115 quod
1529 4061 1624 4118 nequa
1647 4047 1676 4101 in
1698 4063 1836 4104 inseras.

127 4045 247 4123 proprie
260 4063 320 4130 ppoe
335 4045 498 4103 iracundia.

163 4121 176 4155 ¹
191 4118 331 4191 Proprius
343 4121 434 4190 patris
449 4120 606 4176 amenitas.
623 4117 740 4174 Scilicet
762 4135 780 4174 a
799 4129 856 4182 nit:
872 4132 958 4171 cmae-
1013 4128 1108 4186 neque
1124 4112 1154 4168 in
1169 4111 1259 4185 Regio
1275 4111 1375 4177 altero,
1392 4117 1467 4171 teste
1481 4115 1544 4243 ἰὶεε
1555 4117 1689 4173 Martiae.
1701 4116 1837 4186 habetur,

128 4193 218 4258 adas,
232 4192 262 4246 et
273 4201 316 4250 :are
327 4197 417 4261 pater.

165 4269 316 4339 'chalma
333 4271 542 4336 comammaeso,
559 4273 613 4326 etc.
630 4269 743 4326 ctetica
758 4285 816 4324 non
833 4267 961 4341 tegimus
1014 4259 1030 4315 J
1035 4257 1153 4313 udicum

1014 4202 1068 4243 nce
1084 4183 1150 4240 deni
1175 4201 1210 4240 ue
1227 4185 1255 4239 in
1271 4183 1358 4240 editis
1374 4189 1460 4242 antea
1472 4186 1492 4242 li

1154 4201 1289 4323 siibrum,
1307 4256 1358 4311 sed
1374 4257 1409 4311 ad
1421 4257 1550 4329 primum
1566 4259 1733 4332 Regnorum
1750 4260 1839 4333 perti-

1515 4187 1565 4244 ris.
1591 4189 1625 4244 ici
1646 4204 1713 4244 vere
1732 4206 1790 4245 non
1802 4190 1838 4245 ad

130 4344 161 4400 tn
183 4340 260 4398 lihrc
274 4340 415 4398 tadicum
429 4361 435 4410 ς
448 4341 502 4398 etsi
522 4341 636 4397 codices
647 4357 719 4397 mss.
731 4337 899 4396 omneshoc
910 4355 961 4396 no·
1017 4334 1075 4394 nel,
1092 4345 1149 4400 quo
1165 4327 1456 4386 ¹0⁰⁰0¹1¹⁸¹¹d⁸i¹⁰t08
1472 4345 1543 4386 0000·
1560 4335 1588 4386 ei
1608 4329 1718 4404 vulgali
1734 4348 1839 4405 rflprae·

130 4429 203 4471 men
213 4413 359 4485 scriptum
371 4412 514 4470 retineant
530 4412 712 4496 intpraesenti
727 4411 811 4476 serie,
824 4409 963 4482 abjiciant
1018 4405 1144 4458 sentent.
1356 4472 1361 4481 Ι
1544 4472 1549 4484 .
1588 4473 1593 4484 Ι

131 4489 233 4542 anum
244 4501 261 4541 e
273 4481 424 4540 volumine
435 4485 524 4553 Ruth,
537 4484 587 4540 uhi
597 4483 746 4556 propriam
755 4482 843 4538 habet
853 4483 961 4538 sedem.
1042 4501 1088 4554 ,-
1103 4473 1224 4553 Vendat,
1237 4485 1385 4527 00000000·
1403 4469 1594 4556 000000000ῑὲ
1606 4476 1717 4556 0000000
1731 4473 1844 4556 §ddunt

132 4561 245 4613 Verum
262 4555 434 4612 meminisse
449 4555 535 4612 dehet
548 4555 640 4612 lector
653 4554 805 4611 studiosus
825 4553 963 4610 tadicum
1019 4541 1537 4615 h¹0100¹n0m01¹Plltn0nnffliqu⁰d
1556 4543 1713 4602 minimele
1759 4545 1846 4602 debet

132 4633 163 4686 st
180 4626 260 4684 Ruth
274 4625 367 4683 libros
383 4642 435 4699 pro
455 4627 556 4684 eodeni
580 4625 729 4683 volamine
755 4625 833 4698 apud
854 4631 965 4681 veteres
1020 4616 1049 4697 in
1067 4614 1142 4670 libro
1153 4613 1303 4694 ludim·
1316 4613 1367 4668 000
1379 4614 1515 4696 inprime
1527 4616 1672 4699 8010001ἰο
1683 4633 1719 4699 vt?
1734 4617 1844 4699 umine.

1021 4702 1051 4741 in
1068 4701 1126 4757 quo
1142 4688 1240 4740 tamen
1270 4683 1342 4740 illud
1357 4691 1498 4741 omittunt
1522 4693 1716 4760 manuscripti
1731 4688 1847 4744 codices

176 4797 211 4810 ·-
225 4769 347 4826 Maritus
363 4769 451 4838 Ruth,
469 4772 504 4826 ad
520 4773 606 4842 cujus
621 4768 748 4842 pertinet
762 4765 881 4822 tibrum.
899 4765 965 4821 Vid.
1018 4753 1847 4908 {effigiem}rglggzusloizzromcgggxst’naffligere&undoni&

133 4699 230 4756 tuisse
245 4702 411 4771 susceptos.
432 4701 573 4754 ltinriiiri.

138 4840 277 4897 Martian.
293 4839 524 4899 adnotationem.

178 4921 365 4993 ‘Epirotas
417 4923 497 4992 itero,
513 4927 568 4977 etc.
593 4920 635 4977 De
658 4919 788 4992 Ephrata
807 4915 925 4972 disserit
938 4921 967 4970 S.
1024 4899 1099 4956 didit
1114 4899 1142 4952 in
1160 4897 1234 4953 ¹¹bt⁰
1249 4897 1398 4954 00000000·

1618 4905 1757 4957 Mansuri.

136 4992 336 5066 ffimymu,
374 4991 394 5048 fi
418 5009 449 5048 ,0
491 4993 676 5062 Qmwnum
715 4989 911 5045 mmmmm
939 4988 969 5043 jn
1059 4968 1175 5025 lAliter
1195 4968 1335 5050 Origenes
1358 4971 1544 5027 mecastoriam
1566 4971 1784 5045 interpretatur,
1812 4971 1849 5028 ah

137 5064 280 5122 Genesim
296 5080 360 5136 cap.
377 5080 475 5120 xcviii.
490 5063 586 5120 Nolim
606 5068 705 5119 tamen
730 5060 892 5116 asseruisse
907 5075 970 5115 eas·
1026 5052 1045 5101 Π
1066 5041 1230 5107 00000000·

137 5137 208 5192 dam
223 5151 292 5192 esse
307 5135 484 5208 questiones
501 5151 575 5206 quas
590 5134 644 5191 hoc
659 5134 722 5190 loco
742 5131 851 5187 citavit.
867 5131 896 5185 S.
913 5131 971 5186 Do-

137 5213 204 5266 ctor
232 5225 240 5271 ς
274 5206 384 5263 multos
414 5205 493 5262 enim
522 5206 612 5262 libros
649 5205 743 5261 edidit
773 5185 1103 5284 Hebraiearairassetfu
1153 5258 1157 5268 ,
1266 5269 1272 5282 ⁸

138 5281 346 5352 occasionem,
380 5281 410 5334 et
444 5277 563 5350 quidem
601 5275 733 5332 diversos
771 5289 822 5346 pro
851 5273 974 5328 dirersis
1027 5256 1269 5338 *0000000000ον

1065 5112 1189 5168 ⁸Malim
1201 5129 1216 5166 e
1227 5110 1524 5182 eontraricdesperaas
1534 5123 1606 5174 iasii
1625 5115 1721 5171 tocseti
1740 5113 1850 5186 quippe

1108 5189 1173 5239 turo
1195 5180 1309 5254 Hophal
1334 5181 1495 5254 desperabit,
1520 5185 1580 5240 siva
1603 5195 1695 5242 aelam
1719 5187 1783 5251 erit,
1799 5189 1852 5242 ant

1288 5253 1365 5325 quod
1386 5253 1471 5324 plane
1496 5261 1615 5321 norunt,
1638 5258 1688 5330 qui
1713 5257 1854 5313 Hebraiee

139 5350 367 5422 Scripturaruni
387 5347 599 5413 voluminibus,
626 5347 703 5403 unde
725 5345 785 5400 ait:
813 5365 827 5394 α
844 5343 873 5398 in
891 5344 975 5399 libris
1029 5332 1136 5383 001000·
1154 5325 1398 5392 P⁰Pl⁰1⁸ld⁰¹⁸¹¹⁸i
1416 5325 1561 5392 0000000000
1578 5327 1629 5383 lib·
1647 5345 1699 5394 Vlla
1713 5346 1737 5386 0·
1753 5329 1781 5398 6,
1796 5330 1854 5401 spi·

137 5419 354 5480 hebraicarum
369 5419 568 5484 Quasiionam
589 5418 705 5491 plenius
718 5416 857 5472 diximus.
870 5436 884 5464 υ
896 5417 974 5472 Miri-
1029 5415 1096 5480 raas
1109 5414 1161 5470 000
1176 5412 1291 5468 0000000
1306 5395 1385 5478 legii,
1403 5413 1526 5468 00000100
1542 5397 1696 5456 lectionem
1712 5399 1854 5484 sunliqlsl

1029 5471 1077 5525 hic
1091 5485 1206 5540 quoque
1221 5468 1298 5539 apud
1312 5471 1521 5540 Hieronymum
1536 5473 1733 5544 reponendam
1748 5470 1850 5527 velint.

139 5509 221 5552 mit.

180 5562 325 5620 sgcffioep
354 5563 390 5618 ,d
419 5565 508 5635 caput
535 5562 606 5618 Gen·
637 5577 720 5625 xxxv,
750 5575 824 5614 vers,
854 5559 899 5626 45,
925 5557 975 5613 ubi
1030 5538 1856 5624 ligorerosolemneesseputopronuntiationisvitiuin

143 5641 214 5709 post
226 5635 334 5703 mutto,
351 5655 366 5684 a
383 5633 519 5706 hiphrata,
536 5631 643 5705 inquit,
659 5636 688 5686 et
701 5629 870 5712 Bethlehem
883 5629 976 5710 'unius
1031 5631 1040 5666 0
1057 5611 1193 5693 10000000
1209 5627 1261 5682 000
1281 5627 1304 5665 0·
1328 5608 1418 5696 Alter}
1442 5613 1624 5696 tlyiiiologiio¹
1646 5613 1793 5671 consentit
1806 5627 1856 5690 ap·

143 5699 975 5776 urhisvocabulumestsubinterpretationeconsiiiiili;
1031 5699 1125 5756 100000
1145 5687 1262 5738 Graecus
1289 5699 1446 5754 χρονισμος,
1472 5685 1654 5812 tenfforalis.
1683 5685 1739 5740 Sed
1766 5683 1856 5736 tertis

144 5777 297 5850 siquidem
312 5777 533 5906 iii-(rupissem,
549 5785 576 5833 el
600 5774 629 5830 iii
655 5775 765 5856 domam
791 5773 874 5843 ponis
889 5769 976 5826 certi·
1032 5754 1091 5810 01ῑο
1107 5753 1181 5811 00ῑὶ0
1197 5757 1251 5810 esl-
1269 5755 1342 5809 Puta
1358 5769 1392 5809 ex
1407 5763 1450 5823 tit,
1465 5771 1523 5828 quo

144 5855 208 5907 tur.
226 5871 241 5900 »i
258 5849 318 5909 Nea
364 5849 397 5904 ie
419 5847 501 5906 edita
525 5851 597 5906 sunt
623 5846 675 5903 ahs
699 5843 824 5924 Hierony

145 5923 252 5982 aima
276 5920 420 5981 astraea
442 5919 472 5979 in
500 5921 574 5982 alios
612 5917 767 5990 Scriptura
796 5913 887 5972 libros
902 5917 977 5972 tatu
1032 5915 1165 5975 derivari.

1565 5759 1661 5825 Deam,
1685 5755 1747 5810 sive
1765 5747 1856 5804 nomi·

827 5857 884 5908 mo,
901 5843 977 5910 Quia·
1031 5861 1098 5900 acm
1125 5847 1221 5914 sonat,
1265 5844 1294 5898 st
1320 5853 1363 5931 pp
1390 5842 1501 5916 sortem,
1522 5835 1855 5932 atvopiesoeeice'nim,
