4108 6174
252 259 334 326 itii
998 262 1209 334 tueunotx.
1848 265 1904 332 tut

253 396 289 454 de
305 395 422 470 pietate.
438 395 490 453 eat
511 395 611 456 amiur·
632 397 800 458 comitium?
819 400 979 458 Consilium
1006 402 1075 459 dare
1089 405 1117 469 A
1133 418 1185 458 nec
1209 402 1238 457 in
1261 405 1342 456 tantu
1367 395 1551 474 cogitatione.
1567 403 1602 456 ut
1623 394 1680 456 hoe
1694 401 1746 465 est,
1761 398 1861 456 walen
1876 408 1905 458 ut

253 483 353 555 stulto,
381 484 534 543 charitatis
557 491 602 544 est
632 507 639 545 :
665 489 820 546 consilium
848 490 917 545 dare
941 489 1076 564 sapienti,
1131 505 1177 546 cer
1205 505 1296 546 meum
1323 491 1354 545 in
1381 489 1546 546 uisceradite.
1577 490 1611 545 tu
1638 489 1708 561 quia
1738 487 1906 547 inconsiderata

253 571 457 631 ostentationis
482 579 527 632 est
542 593 549 633 ε
565 575 722 634 consilium
746 578 815 635 dare
830 577 886 650 ipsi
911 577 1076 651 Sapientia,
1132 595 1225 644 mens,
1242 579 1390 635 lareribus
1412 584 1517 646 erecta,
1535 578 1694 652 aliqnando
1708 576 1807 646 laudat,
1819 579 1907 650 quale·

251 662 451 736 perversitatis
477 669 531 721 est.
557 665 638 723 Unde
666 667 808 738 sequitur,
838 674 863 724 et
885 667 1076 730 prudentiam.
1131 666 1179 736 cit,
1200 667 1314 723 addidit
1338 684 1345 724 :
1370 671 1395 725 el
1420 669 1555 726 ascaldus
1578 683 1640 723 eum
1662 649 1769 722 manum
1789 682 1861 723 mmm
1877 683 1908 725 err

252 749 366 820 Omnis,
381 753 428 808 cui
449 754 606 825 prudentia
624 759 678 824 est,
695 759 775 810 rectu
798 758 852 810 est.
869 755 995 811 Plurima
1018 771 1076 811 non
1131 773 1199 812 mee.
1217 756 1282 825 Qua
1304 758 1439 830 irriqurtes
1463 761 1503 813 cst
1526 757 1660 812 maxima.
1677 755 1763 812 Omne
1783 759 1907 828 pometum

251 845 306 904 est,
324 839 466 913 quianon
484 841 550 914 plue
565 841 676 914 appetit
701 859 813 914 sapere.
830 847 926 900 Nonne
940 861 1013 912 eum,
1029 846 1079 915 qui
1131 846 1209 916 quod
1232 845 1450 902 erintirmitate
1471 850 1526 912 est,
1542 844 1680 918 spiritum
1696 861 1751 899 nen
1762 843 1850 915 perdit,
1862 845 1910 916 quiq

250 930 317 999 fecit
340 929 562 1003 spirarrreulumi
585 929 706 1002 Bnldad,
723 931 793 1004 quia
815 930 869 989 Jcb
895 931 1076 1006 flagellatum
1131 951 1149 990 a
1176 934 1234 991 Deo
1263 933 1376 990 veniam
1392 935 1506 1006 querit.
1532 932 1724 1006 Presumptio
1738 949 1806 1004 vere,
1830 937 1910 1005 quanto

252 1035 304 1092 pro
321 1019 407 1093 culpa
430 1019 565 1091 credidit,
581 1019 728 1078 occultum
749 1020 801 1077 Dei
823 1021 980 1094 judicium,
998 1022 1076 1095 qnod
1131 1021 1247 1096 longine
1263 1027 1307 1081 eet
1322 1024 1357 1080 ab
1377 1022 1552 1090 bumilitate,
1567 1026 1649 1079 tanto
1665 1021 1777 1096 gravier
1789 1021 1814 1077 in
1836 1022 1910 1095 dupe·

251 1108 381 1166 venerari
403 1107 504 1166 debuit
527 1107 688 1182 humiliter,
713 1111 840 1186 superba
863 1111 946 1169 uisus
970 1115 1015 1169 est
1034 1118 1076 1169 te·
1132 1113 1242 1170 ratione
1264 1117 1319 1183 est,
1335 1117 1374 1181 et,
1390 1112 1461 1169 dum
1483 1112 1559 1169 vir-es
1574 1110 1630 1168 sihi
1656 1109 1766 1178 tribuit,
1781 1110 1855 1167 allec
1869 1126 1909 1166 nen

252 1196 386 1254 meritate
410 1201 570 1270 penetrare.
588 1199 647 1274 ipsi
669 1215 738 1274 ergo
761 1216 793 1257 se
817 1216 869 1273 per
890 1199 1076 1274 prudentiam
1131 1201 1265 1276 requirit.
1289 1233 1323 1243 -
1354 1203 1427 1259 llum
1457 1200 1526 1257 mali
1555 1201 1633 1258 bona
1656 1199 1805 1268 mirantur,
1823 1198 1912 1255 lucerna

252 1285 391 1358 praetulit,
407 1287 653 1359 cujusjudicium
678 1305 736 1344 nen
752 1289 941 1362 intelligendo
960 1289 1076 1362 judica·
1132 1292 1214 1347 ardet
1238 1291 1266 1347 in
1292 1295 1384 1348 nocte.
1410 1291 1439 1346 Si
1464 1295 1492 1346 et
1516 1289 1584 1346 boni
1607 1288 1718 1360 optima
1736 1285 1911 1354 mirantur,rol

251 1374 302 1431 vit.
318 1377 373 1431 Sed
393 1375 463 1448 quia
487 1376 553 1446 lob,
570 1376 702 1434 Ecclesiae
723 1383 826 1451 typum
851 1393 966 1451 gerens,
984 1394 1077 1451 pauca
1131 1379 1232 1452 fulget.
1250 1381 1280 1435 ln
1295 1382 1306 1417 θ
1320 1380 1367 1436 die
1382 1381 1453 1436 dum
1469 1381 1580 1435 benum
1595 1376 1836 1448 actionecerperis
1847 1374 1913 1444 tacu,

252 1462 283 1519 in
311 1463 505 1537 superborum
533 1467 711 1524 correctione
739 1467 871 1539 protulit,
901 1472 1017 1540 repente
1046 1484 1077 1524 se
1131 1468 1362 1536 lucernaest,id
1382 1473 1436 1534 est,
1453 1468 1553 1525 lumen
1578 1467 1803 1523 intesta:dum
1816 1469 1913 1522 enun-

252 1552 288 1608 ad
325 1552 486 1610 doctrinam
516 1570 568 1627 per
603 1557 763 1612 sententias
799 1557 947 1629 expandit,
976 1557 1077 1612 dicens
1133 1556 1598 1631 plutionementis,seldecmlo.

251 1641 331 1714 (uera.
347 1643 374 1714 5)
392 1657 399 1697 :
415 1643 482 1700 lieee
505 1646 630 1714 gigantes
655 1650 770 1716 gemunt
795 1645 844 1701 aab
868 1647 957 1718 aquia.
973 1645 1077 1719 Gigau-
1387 1647 1426 1702 rld
1441 1646 1506 1719 Cap.
1521 1645 1657 1716 llllll'lll,
1670 1646 1698 1700 7.

250 1732 304 1798 les,
334 1730 480 1803 superbi,
512 1749 595 1804 aquae
622 1737 693 1789 sunt
724 1733 834 1806 populi.
863 1732 935 1790 Elati
964 1739 1075 1803 autern,
1168 1736 1234 1792 Cum
1254 1753 1297 1792 me
1324 1736 1469 1792 laudarent
1492 1735 1575 1790 simul
1596 1743 1671 1790 aetra
1693 1731 1914 1789 includentem-

250 1816 321 1872 dum
337 1816 368 1875 in
389 1818 444 1875 hoe
465 1821 571 1876 aeccle
587 1822 704 1894 assequi
729 1822 870 1879 honorem
895 1821 1076 1879 celsitudinis
1132 1825 1258 1883 nationis
1272 1825 1379 1881 Christi
1397 1823 1568 1896 mysterium
1583 1823 1671 1878 etiam
1688 1821 1771 1878 electi
1785 1819 1866 1893 angeli
1878 1819 1915 1874 mi-

251 1905 384 1980 cupiunt,
400 1908 456 1963 sub
479 1909 658 1981 ponderibus
680 1910 854 1984 populorum
880 1916 1012 1986 gemunt.
1027 1911 1077 1968 Eis
1132 1913 1186 1970 rati
1202 1917 1280 1982 sunt,
1292 1915 1361 1986 quie
1375 1913 1463 1986 primi
1477 1913 1648 1984 intempore
1658 1908 1748 1967 creati
1758 1915 1829 1982 eunt,
1841 1923 1885 1964 neu
1895 1906 1916 1963 iu

252 1992 369 2068 populis
385 1997 560 2069 supponitur
575 1998 641 2071 quis
656 2003 765 2066 mente,
777 1999 885 2072 quibus
901 1999 1077 2073 supponitur
1130 2001 1224 2060 initio.
1242 2007 1329 2060 Astra
1345 2002 1492 2058 matutina
1512 2002 1661 2066 dicuntur,
1675 1999 1721 2056 vel
1737 1998 1803 2072 quia
1821 1995 1915 2069 seperi

252 2083 405 2156 dignitate.
435 2085 471 2141 lit
498 2085 544 2142 his
571 2087 668 2144 verbis
695 2089 852 2158 indicatur,
877 2090 954 2163 qued
980 2089 1076 2148 omnis
1130 2090 1674 2160 exhortandoshominesmissi,dum
1697 2092 1843 2145 venturum
1855 2099 1916 2141 maur

253 2174 392 2248 superbia
414 2190 449 2231 eo
472 2174 536 2248 ipso
560 2175 590 2231 in
614 2175 673 2233 ime
692 2177 781 2249 iacet,
808 2195 866 2250 quo
881 2193 913 2235 se
937 2177 966 2233 in
983 2178 1076 2234 altum
1132 2181 1278 2252 nuntiant,
1293 2181 1330 2237 ab
1349 2179 1489 2237 humenis
1503 2179 1641 2236 cordibus
1668 2175 1918 2251 praesentisvitete·

252 2265 349 2340 erigit.
1131 2271 1236 2327 nebron
1265 2271 1378 2344 lugent.
1407 2269 1474 2334 Oua
1500 2268 1644 2325 matutina
1668 2271 1748 2323 astra
1769 2265 1847 2322 etiam
1869 2277 1917 2319 ocu

494 2352 535 2411 rid
549 2354 614 2428 Cup.
630 2356 713 2423 titt,
730 2355 773 2428 19,
790 2356 834 2412 20.
1128 2359 1303 2434 vespertinis
1319 2359 1521 2432 Redemptoris
1536 2357 1697 2431 polentiam
1717 2355 1849 2412 laudant:
1869 2349 1920 2424 quir

289 2443 379 2501 iterim
401 2459 463 2500 mea
476 2452 572 2516 aperta
599 2448 639 2502 est
649 2445 733 2517 juata
747 2461 843 2518 aquas.
862 2447 868 2481 ¹
886 2444 1002 2503 Radicis
1024 2463 1075 2503 no·
1130 2448 1290 2524 redemptis
1305 2448 1334 2503 in
1351 2449 1407 2504 fine
1422 2446 1525 2504 mundi
1542 2445 1713 2502 homiuibus
1727 2443 1874 2516 largitatem
1885 2455 1920 2494 su·

254 2534 333 2591 mine
347 2531 461 2591 occulta
473 2533 610 2607 cogitatio
626 2533 769 2608 signatur.
784 2535 873 2591 Juxta
887 2551 978 2606 aquas
996 2534 1077 2592 radix
1131 2555 1227 2611 pernae
1250 2538 1349 2609 gratia
1376 2535 1552 2610 glorificant.
1569 2537 1599 2591 Et
1609 2535 1765 2607 jubilarent
1786 2545 1865 2588 ermes
1882 2528 1922 2600 ilii

253 2623 394 2697 aperitur,
410 2621 549 2696 quoniam
572 2623 609 2679 ud
633 2623 820 2697 percipienda
839 2623 968 2680 veritatis
984 2624 1075 2681 lluen·
1131 2629 1188 2684 liei.
1203 2626 1342 2684 anilulio
1357 2625 1475 2692 dicitur,
1492 2639 1559 2682 cum
1584 2623 1678 2680 cordis
1694 2621 1794 2678 laetitia
1814 2620 1865 2676 eris
1876 2617 1921 2673 elii·

252 2712 293 2770 tia
320 2713 332 2747 ’
360 2710 485 2769 latenter
512 2711 771 2786 cogitatiomenlis
801 2713 940 2786 aperitur.
971 2717 1005 2770 lit
1032 2729 1077 2770 rer
1130 2717 1211 2772 cacia
1226 2733 1282 2772 non
1299 2715 1440 2788 expletur.
1452 2713 1694 2785 Laudantitaque
1712 2708 1865 2784 angeli,qui
1876 2707 1922 2778 jan

251 2802 406 2858 merebitur
429 2803 459 2858 in
479 2803 615 2859 messione
636 2819 708 2859 mec.
734 2802 881 2859 Subaudie
905 2803 926 2874 ³,
942 2801 1075 2860 dicebam.
1129 2803 1371 2876 tanteclaritatis
1386 2803 1573 2860 latitudinem
1590 2802 1618 2857 in
1636 2801 1814 2857 sublimibus
1826 2797 1922 2853 vident:

250 2891 356 2948 Messio
382 2890 514 2946 Ecclesiae
548 2891 700 2965 accipitur,
724 2909 791 2948 cum
816 2893 947 2966 perlecta
971 2892 1075 2948 anime
1127 2893 1255 2966 jubilent
1269 2910 1334 2949 vere
1358 2892 1504 2962 homines,
1521 2891 1571 2963 qui
1587 2889 1683 2946 adhuc
1702 2889 1732 2944 iu
1755 2883 1922 2944 inferioribus,

251 2979 422 3053 corporibus
436 2981 591 3037 abstracta
606 2979 684 3037 velut
700 2985 820 3038 mature
840 2989 952 3054 segetes
967 2998 984 3037 a
999 2985 1076 3037 terra
1129 2983 1189 3038 eris
1205 2981 1250 3037 sui
1266 2980 1418 3054 angustias
1434 2980 1580 3036 sustinent
1596 2993 1603 3032 ε
1620 2993 1684 3048 que
1702 2975 1773 3048 quia
1786 2973 1872 3029 lutura
1884 2973 1923 3063 ⁰⁰:

251 3069 366 3136 decisa,
378 3069 418 3139 ,ad
433 3069 561 3126 caelestia
579 3071 699 3128 horrere
713 3071 888 3145 demigrant.
907 3073 963 3128 llos
980 3090 1076 3129 mera·
1132 3072 1229 3127 minue
1253 3075 1380 3138 noverat,
1397 3069 1472 3125 lacta
1495 3065 1677 3123 narratum
1705 3063 1775 3137 quia
1797 3076 1856 3117 cum
1873 3057 1923 3112 bunt

253 3159 333 3216 bitur
359 3157 390 3213 ln
419 3159 575 3228 messione,
600 3160 670 3232 quia
692 3160 787 3233 gratia
811 3161 937 3234 desuper
958 3162 1076 3220 veniens
1090 3145 1112 3211 C
1128 3158 1268 3232 jubilant,
1284 3157 1377 3214 mulos
1391 3155 1685 3219 iuridicinsstmmtis
1701 3169 1776 3226 quos
1790 3155 1874 3206 mill
1886 3144 1924 3201 Di

255 3249 326 3322 agit,
340 3251 373 3303 ut
400 3247 480 3320 digni
505 3247 609 3319 simus,
624 3249 675 3322 qui
699 3249 735 3306 de
750 3249 937 3306 interioribus
960 3250 1078 3324 colliga·
1133 3250 1232 3306 minus
1246 3253 1399 3320 temperat,
1416 3245 1451 3304 de
1466 3244 1513 3302 bia
1526 3243 1659 3318 protinus
1674 3242 1786 3299 subdit.

257 3356 335 3397 mur.
375 3339 467 3398 Gloria
502 3355 564 3396 area
590 3355 696 3411 seraper
722 3340 902 3396 innovabitur
968 3340 1041 3405 Quia
1068 3343 1079 3378 i
1379 3331 1707 3408 naucratiticum.

252 3439 396 3500 amissam
420 3431 544 3508 gloriam
570 3429 725 3502 deplorat:
749 3429 818 3502 quia
840 3445 901 3497 eos,
918 3445 992 3503 ques
1016 3431 1078 3503 ipse
1166 3428 1300 3501 Numquid
1326 3427 1336 3461 ⁷
1365 3426 1529 3498 conjungere
1557 3423 1658 3479 celebre
1691 3421 1820 3476 miranter
1844 3414 1925 3478 sala.

251 3547 332 3589 nore
350 3530 414 3584 vire
439 3521 566 3580 militare
590 3517 762 3582 crediderat,
777 3516 900 3574 vetustis
924 3519 1077 3577 desideriis
1131 3522 1185 3574 etc.
1202 3515 1321 3573 Constet
1335 3515 1390 3572 hoc
1405 3513 1518 3570 nullum
1533 3511 1683 3568 hominem
1701 3525 1787 3584 pesse
1799 3527 1806 3576 ;
1820 3505 1864 3564 sed
1876 3515 1925 3560 tum

251 3619 363 3679 servire
378 3612 538 3690 cognoscit.
1130 3606 1185 3664 leb
1210 3607 1246 3662 de
1260 3604 1308 3661 bis
1332 3605 1536 3676 interrogatur,
1551 3605 1583 3656 ut
1603 3599 1728 3657 humilis
1745 3599 1780 3655 ad
1795 3612 1856 3653 eum
1868 3590 1926 3647 reiu-

496 3702 535 3757 rid
555 3700 621 3773 Gap.
637 3699 720 3765 itit,
738 3699 833 3754 25-28.
1131 3697 1201 3768 glut,
1217 3695 1267 3768 qai
1283 3693 1363 3751 solue
1379 3697 1477 3767 posset
1492 3691 1556 3760 hoc,
1572 3689 1751 3746 ostenditur.

285 3797 452 3857 Intellectus
467 3790 512 3849 vel
532 3789 592 3846 otio
609 3792 715 3861 torpet,
731 3786 775 3843 vel
799 3784 923 3844 eletione
936 3786 1076 3854 varrescit,
1312 3784 1354 3840 dd
1366 3781 1536 3856 principium
1549 3781 1653 3851 Capitis
1667 3779 1774 3834 tritt.
1905 3855 1910 3868 .

248 3894 279 3947 et
292 3887 358 3945 ideo
375 3885 440 3942 ait:
466 3881 496 3938 Si
511 3881 623 3938 teutolus
637 3893 709 3934 sura.
726 3877 799 3932 Cum
814 3875 890 3945 quis,
908 3891 972 3948 qua
987 3875 1077 3933 intel·
1166 3873 1258 3931 ibices
1286 3889 1375 3947 parve
1398 3873 1408 3906 ⁸
1433 3869 1637 3942 quadrupedia
1659 3867 1810 3937 dicuntur,
1833 3877 1885 3936 quc
1905 3871 1927 3912 n

246 3977 322 4052 ligit,
342 3975 489 4048 operatur,
505 3985 539 4026 ex
553 3983 597 4036 eo,
613 3966 691 4039 qnod
715 3965 793 4020 ieras
807 3963 982 4028 ostenditur,
999 3980 1075 4038 sape
1131 3963 1221 4036 petris
1238 3966 1399 4028 morantur,
1416 3967 1445 4016 et
1460 3959 1600 4032 pariunt:
1627 3961 1657 4013 et
1672 3956 1790 4012 ruentia
1803 3954 1831 4009 in
1844 3949 1927 4007 suiset

248 4064 368 4123 labitur.
386 4060 441 4119 Sed
458 4060 577 4116 beatum
592 4054 647 4112 Job
662 4054 741 4110 sicut
753 4051 951 4126 intelligentia
966 4070 1070 4110 aarum
1130 4053 1269 4109 cornibus
1283 4049 1373 4107 illaec
1386 4048 1562 4120 suscipiunt.
1575 4047 1605 4103 ln
1622 4045 1734 4120 quibus
1749 4041 1926 4134 magistraret]

248 4171 306 4212 non
325 4149 440 4219 extulit,
456 4148 498 4206 sic
513 4161 565 4204 nec
581 4144 680 4201 lumen
696 4139 882 4214 operationis.
900 4142 935 4197 Et
949 4141 1003 4198 hoo
1020 4147 1074 4212 est,
1130 4139 1330 4216 spiritualium
1354 4155 1479 4212 persona
1494 4137 1636 4210 signetur,
1652 4135 1703 4206 qni
1720 4132 1799 4191 velut
1820 4129 1896 4186 ibices
1906 4137 1927 4176 tt

246 4245 273 4300 si
286 4241 453 4300 viditatem
469 4238 546 4294 Bene
561 4231 614 4290 soli
639 4229 707 4288 boni
721 4231 799 4287 bona
814 4247 868 4287 sua
892 4247 948 4287 nen
964 4231 1073 4298 vident,
1130 4231 1220 4305 petris
1235 4229 1363 4303 pariunt,
1378 4227 1448 4301 quia
1463 4226 1492 4282 in
1506 4224 1638 4282 doctrina
1657 4223 1790 4288 Petrum,
1804 4217 1849 4293 qui
1863 4216 1927 4309 ρθὶῐξ

249 4349 313 4406 qua
342 4329 409 4388 aliia
436 4325 563 4383 videnda
588 4321 729 4396 prebent,
755 4336 807 4377 uec
830 4320 943 4391 lunam,
965 4319 994 4377 id
1020 4326 1074 4392 est,
1129 4336 1181 4392 pro
1204 4317 1352 4375 soliditate
1377 4320 1447 4372 sunt
1470 4312 1575 4382 vocati,
1592 4312 1628 4368 ad
1644 4310 1860 4368 conversionem
1879 4315 1929 4358 rut·

248 4422 357 4478 lamam
374 4417 441 4475 beni
459 4413 565 4490 operis,
582 4429 646 4486 qua
661 4411 691 4466 in
706 4410 835 4466 tenebris
854 4407 1075 4467 ambulantibus
1130 4425 1193 4465 runs
1201 4409 1336 4480 gignunt.
1347 4405 1415 4478 lpai,
1426 4403 1610 4471 velutibices‚
1621 4417 1711 4458 casus
1726 4397 1834 4456 nullius
1842 4395 1927 4488 dauco

247 4509 335 4568 lueet.
353 4508 419 4564 Hac
433 4505 512 4562 enim
528 4504 584 4560 lob
599 4516 657 4558 nou
673 4497 785 4566 extulit,
801 4515 866 4570 que
890 4497 956 4571 plus
971 4499 1076 4555 timen—
1090 4515 1114 4580 Β
1129 4498 1270 4564 sentiunt,
1286 4495 1357 4550 dum
1373 4493 1402 4548 in
1423 4491 1485 4549 suis
1500 4491 1639 4547 cornibus
1660 4489 1928 4574 excipiuntur:qu1¹

248 4601 296 4656 ala.
312 4599 396 4654 'lunc
409 4596 420 4632 ⁸
435 4594 525 4661 enim,
538 4591 623 4664 quasi
634 4587 693 4646 alta
707 4588 804 4657 arbor,
815 4585 934 4644 flatibus
947 4587 1076 4660 amplius
1129 4583 1270 4660 quicquid
1287 4583 1377 4639 ruine
1393 4579 1562 4654 temporalis
1586 4575 1775 4635 adversitatis
1789 4568 1927 4630 emeseni,

248 4687 385 4762 agitatur,
415 4700 480 4757 que
508 4697 560 4756 per
587 4677 811 4750 intelligentiam
839 4680 902 4733 erat
930 4675 1014 4748 quasi
1044 4676 1075 4732 in
1129 4675 1159 4730 in
1175 4672 1358 4731 testamentis
1383 4687 1415 4728 sc
1438 4685 1527 4727 sacru
1552 4667 1709 4740 Scriptura
1735 4657 1928 4734 suscipiente

248 4775 360 4834 semine
389 4771 593 4848 operationum
624 4772 749 4824 mortua.
780 4770 818 4822 De
842 4764 979 4821 laudibus
1009 4781 1075 4822 vero
1130 4761 1214 4838 quasi
1243 4777 1387 4818 cornuum
1412 4758 1579 4832 exceptione
1603 4756 1768 4812 salvantur.
1792 4748 1927 4850 tpsieertt

248 4883 306 4924 non
336 4865 422 4921 mode
438 4878 495 4919 non
517 4863 562 4917 est
576 4857 671 4915 luctus
694 4871 835 4928 arrogans
850 4854 878 4910 in
902 4854 1007 4928 verbis,
1024 4853 1074 4910 sed
1128 4855 1279 4917 vocantur,
1300 4849 1349 4922 qul
1374 4848 1559 4921 interemptis
1583 4845 1670 4914 vitiis,
1694 4843 1783 4917 quasi
1806 4835 1927 4898 ersunete

284 5043 385 5101 ¹liene
409 5043 450 5100 ita
476 5041 505 5097 in
533 5056 589 5096 ms.
606 5055 664 5094 non
681 5052 756 5092 secus
779 5037 810 5090 nt
824 5035 853 5090 ln
880 5031 997 5107 vulgatu
1012 5048 1074 5088 ver·
1128 5029 1342 5088 desiderantur.

248 5115 340 5173 siene.
357 5115 432 5172 Nota
446 5111 578 5170 Relandi.
1163 5103 1229 5158 'Ex
1244 5102 1364 5168 isidore,
1382 5114 1468 5172 quem
1484 5103 1513 5154 et
1535 5097 1570 5153 cl.
1592 5095 1742 5154 ltelaudue
1765 5092 1871 5156 laudat,
1883 5085 1924 5139 ht*

284 5187 377 5260 ’Leg.
393 5187 507 5258 fluenta.
1128 5173 1305 5241 delibantur,
1321 5171 1371 5226 lib.
1388 5187 1439 5237 xrr,
1450 5187 1514 5243 cap.
1532 5171 1557 5234 i,
1569 5170 1637 5226 circ.
1650 5165 1784 5250 medium
1800 5181 1807 5222 :
1827 5157 1924 5244 'iiiiii’

283 5257 294 5292 ⁸
312 5258 378 5330 Leg.
395 5258 521 5326 subaudi,
538 5269 642 5326 nempe
657 5269 672 5308 e
689 5248 832 5324 principie
847 5263 950 5303 versus
966 5247 1010 5301 18.
1128 5245 1212 5316 quasi
1237 5243 1355 5300 alites...
1379 5259 1443 5314 qua
1467 5240 1607 5297 animalia
1631 5242 1661 5295 iu
1686 5243 1780 5312 petrrs
1803 5235 1926 5312 alcuius

284 5331 295 5364 ⁴
308 5328 499 5400 Praepositum
515 5329 581 5400 quic
597 5325 705 5382 rectius
719 5319 903 5395 expunxeris.
1127 5320 1357 5382 commorantur,
1371 5319 1404 5369 ut
1420 5313 1444 5369 si
1460 5313 1577 5385 quaudo
1589 5312 1727 5392 ferarum,
1740 5306 1784 5392 vel
1799 5307 1925 5363 hominum

283 5400 376 5474 ileg.
392 5403 489 5457 Fama.
1128 5387 1333 5444 adversitatem
1357 5386 1563 5459 persenserint,
1580 5384 1615 5440 de
1635 5380 1793 5438 altissimis
1816 5379 1926 5448 srattttttQn

282 5470 417 5528 ⁶Mavult
432 5470 501 5528 edit.
518 5469 598 5543 Lipe.
613 5467 686 5525 lude.
1051 5531 1055 5543 Ι
1127 5458 1329 5544 cacuminibus
1352 5472 1424 5538 sese¹
1441 5453 1653 5528 precipitantes
1669 5453 1700 5508 in
1717 5453 1783 5509 suis
1806 5466 1835 5507 se
1854 5453 1925 5526 euml·

282 5542 358 5600 1Ηῐε
379 5542 486 5599 desinit
511 5541 633 5597 Roman.
656 5539 756 5602 codex,
772 5552 807 5591 err
830 5549 888 5607 quo
911 5547 989 5589 nune
1013 5546 1073 5604 prr·
1127 5530 1183 5586 hue
1197 5528 1294 5586 illesa
1316 5533 1491 5610 suspiciunt,
1509 5547 1523 5578 a
1539 5524 1685 5608 Nonnulla
1699 5541 1736 5581 ex
1761 5521 1857 5582 eodem
1871 5509 1924 5570 tttft‘

248 5631 328 5678 rnuut
345 5621 406 5678 tota
419 5615 480 5674 bero
494 5631 558 5688 cap.
575 5613 609 5668 38
633 5611 767 5685 pericope
782 5605 954 5680 suppletur;
970 5607 1072 5662 eutero
1127 5604 1189 5660 rius
1204 5601 1324 5660 lotidem
1339 5601 1399 5656 lere
1414 5599 1509 5658 verbra
1524 5598 1739 5656 describuntur.
