4066 6162
201 291 266 372 to
837 285 871 354 s.
887 283 1047 361 cosam
1066 287 1322 364 atmerici..
1784 257 1788 266 ’
1840 289 1912 360 aas

200 389 285 494 utero
299 440 421 502 corpore
435 423 570 500 ligureto,
597 420 698 484 stetim
713 423 790 482 lacta
812 426 842 482 et
868 423 961 482 missa
978 426 1024 480 est
1036 425 1067 500 Α,
1074 426 1223 498 judiciam
1235 446 1242 497 ;
1256 428 1287 486 in
1303 444 1362 501 quc
1381 425 1505 502 iudicio,
1522 449 1537 481 c
1557 429 1588 486 ct
1599 429 1713 488 ωωη,
1727 427 1822 501 supa
1834 439 1904 486 m.

201 515 237 584 ria
252 514 343 574 coelo?
362 515 398 572 itt
412 513 509 572 tribus
523 529 615 573 unum
631 514 703 588 quid
718 511 827 570 sentius
852 511 926 570 scire
949 513 1023 570 desi·
1077 515 1182 574 borum
1192 517 1271 575 vitiis
1286 521 1382 576 tacere
1391 518 1576 576 decreveram
1589 536 1596 588 3
1613 517 1665 579 sed
1680 515 1749 590 qaia
1764 514 1904 589 discipuli

200 605 281 664 alere
298 605 328 662 si
345 603 401 661 init
415 603 472 676 (Aa.
488 619 548 660 nan
558 602 624 674 luit)
639 606 797 675 antequem
809 605 979 658 nosceretur
989 617 1024 657 eu
1077 607 1142 678 ejus
1156 606 1506 680 mirentureloqusntiam
1522 605 1720 680 prsoeptctis,
1731 621 1827 679 pcucc
1841 621 1904 678 per

200 693 303 765 lteris,
319 692 445 754 necdum
469 707 538 766 ergo
561 696 623 748 erat
651 691 750 748 anima
763 691 845 757 lesu,
865 695 896 748 et
919 690 1025 764 egebat
1078 693 1231 768 stringam.
1247 696 1365 755 Dixerat
1388 696 1537 768 judicium
1569 695 1703 752 futurum
1716 712 1725 764 ;
1739 694 1791 754 sed
1813 693 1903 753 homo

200 781 321 858 aliquid,
338 797 371 838 ac
387 784 506 854 propter
529 780 634 838 merita
660 779 802 836 uirtutum
830 782 932 851 posteo
945 778 1024 836 fecto
1077 789 1181 842 cnutus
1195 785 1295 842 timuit
1304 786 1400 843 solum
1416 785 1512 844 dicere
1525 786 1557 842 ia
1567 800 1629 858 que,
1641 789 1671 842 ot
1684 783 1792 857 posuit,
1809 784 1840 840 io
1850 799 1903 856 aaa

199 876 244 933 est
258 871 357 934 anima
371 870 447 942 ejus.
467 869 496 925 si
522 868 598 942 cepit
612 885 647 926 ex
667 867 798 936 traduce,
823 867 1022 926 bumanorum
1073 874 1196 948 judiam
1208 890 1245 935 00
1259 875 1284 934 si
1299 891 1356 932 non
1369 875 1498 932 mundo
1508 873 1664 947 repetisset
1672 872 1823 946 judicium,
1835 889 1902 945 nos,

199 959 289 1032 igitur
305 959 482 1027 nnimsrum,
507 975 580 1031 quas
604 961 728 1016 curnis
753 957 889 1023 latemur,
909 961 939 1014 et
953 957 1022 1014 bru·
1077 963 1160 1020 obliti
1176 965 1372 1037 superiorum,
1389 981 1441 1038 pro
1463 963 1575 1034 jndicio
1589 964 1703 1020 asinum
1716 965 1901 1035 pateremus.

198 1053 295 1105 torum
304 1047 510 1116 animantium,
520 1063 584 1120 quo
597 1063 664 1103 oum
675 1062 796 1120 corpore
810 1043 1021 1109 dissolvuntur.
1077 1052 1152 1110 iilud
1168 1070 1285 1127 quoque
1299 1053 1378 1127 qaod
1389 1055 1490 1126 postes
1500 1052 1600 1121 infert,
1612 1073 1626 1104 a
1639 1050 1690 1124 qui
1704 1049 1904 1110 criminantur

199 1154 260 1196 una
275 1135 402 1193 conditio
413 1139 465 1192 cst.
478 1136 528 1192 Sin
541 1141 639 1192 autem
654 1136 779 1208 llguretc
790 1151 909 1208 corpore
923 1133 1022 1192 statim
1077 1140 1190 1210 fratres}
1206 1158 1273 1198 cum
1292 1141 1357 1214 ipso
1377 1140 1485 1214 paritur
1507 1139 1607 1198 sterni
1632 1139 1711 1214 ignis
1733 1139 1902 1198 hundinis

197 1231 312 1289 creetur
325 1229 354 1282 et
368 1225 506 1294 mittitur,
524 1223 613 1282 latera
639 1222 823 1297 simpliciter,
839 1229 1024 1282 ctuossoru-
1077 1227 1236 1305 potientur,
1257 1253 1272 1282 a
1296 1231 1429 1302 ejusdcm
1453 1233 1499 1286 est
1520 1228 1694 1288 venustatis.
1722 1227 1794 1296 Quis
1819 1229 1899 1286 euim

198 1313 268 1387 pulc
283 1314 386 1371 libere.
1076 1335 1207 1392 unquam
1222 1319 1333 1376 mdivit
1355 1320 1443 1392 potiri
1457 1317 1579 1388 innitur,
1595 1319 1626 1376 et
1638 1315 1697 1373 frui
1718 1315 1903 1388 suppliciis?

234 1404 262 1458 5.
278 1402 357 1462 Nihil
372 1403 478 1462 horum
494 1401 640 1476 loqueris:
657 1403 707 1460 sed
723 1405 884 1475 occupatus
899 1401 929 1458 in
944 1398 1022 1468 aliis,
1076 1409 1132 1469 sed
1147 1409 1235 1466 homo
1249 1408 1367 1466 (tumus
1386 1408 1502 1466 videtur
1516 1405 1590 1464 mihi
1614 1405 1690 1467 m
1707 1405 1840 1478 seipsum
1855 1405 1902 1464 in.

195 1489 385 1566 simplicitate
393 1495 494 1550 nostre
503 1491 643 1560 abuteris,
652 1496 680 1547 et
690 1490 847 1564 prestigiis
856 1504 1022 1563 pompaque
1075 1498 1228 1571 terprcturi
1242 1496 1381 1566 voluisse,
1392 1500 1422 1554 ct
1437 1513 1529 1570 proeo
1545 1495 1622 1568 quod
1638 1495 1716 1569 apud
1727 1511 1778 1552 eos
1792 1495 1903 1554 dicitur

194 1580 351 1644 verborum
367 1581 475 1638 haerere
490 1596 544 1638 noa
559 1595 616 1636 non
647 1579 721 1638 sinis
744 1577 912 1652 questioni.
935 1576 1021 1644 Quid,
1075 1582 1346 1660 κληρονομήσουσιν,
1364 1589 1393 1642 ot
1419 1585 1497 1658 opud
1513 1600 1567 1644 nos
1590 1600 1650 1641 uno
1673 1584 1761 1640 verbo
1775 1583 1834 1640 dici
1849 1600 1900 1657 po.

195 1666 323 1742 inquies,
339 1683 436 1726 noune
451 1667 574 1742 questio
600 1672 662 1726 crat
677 1668 714 1725 de
728 1667 941 1726 resurrectione
957 1681 1022 1722 car·
1076 1678 1134 1732 test
1148 1673 1357 1740 traeretiutunt,
1374 1672 1569 1748 compositius
1583 1675 1613 1732 et
1626 1672 1760 1732 orontius
1778 1671 1901 1738 dixisse,

196 1755 254 1824 115¹·
281 1759 309 1812 el
322 1758 416 1830 Pfflssls
437 1755 569 1813 dl³h⁰lll
598 1757 619 1812 F
621 1761 701 1814 ³10⁰?
723 1755 776 1828 (Ab
804 1756 926 1828 Fetere).
948 1755 1022 1828 ΕΓΒΟ
1037 1764 1231 1874 Blereditetc
1250 1765 1400 1837 potientur.
1424 1761 1593 1822 istiusmodi
1609 1760 1698 1834 nugis
1724 1763 1755 1818 et
1768 1760 1898 1834 eoyrnle

194 1843 322 1903 breuiter
336 1860 466 1919 pureque
487 1845 641 1918 responde.
658 1845 720 1901 Noc
737 1860 835 1918 quero
851 1844 930 1916 quod
946 1842 1020 1900 eori-
1075 1853 1132 1925 giis
1147 1851 1244 1910 omnis
1268 1853 1333 1925 ejus
1357 1856 1451 1910 motet
1470 1848 1574 1908 cretio.
1597 1848 1653 1910 sea
1669 1851 1849 1908 revertemur
1862 1851 1901 1908 ad

195 1931 254 2000 bis,
273 1934 406 1992 eumdem
422 1949 539 1990 carnem
559 1948 722 2006 resurgere,
749 1934 779 1990 in
807 1949 866 2008 que
880 1932 1018 2002 vivimus,
1074 1955 1209 1997 consum,

196 2019 278 2080 nullo
290 2021 423 2082 membro
436 2025 600 2098 amputato,
617 2038 669 2080 nec
683 2021 783 2094 alique
797 2026 880 2096 perte
890 2020 1020 2096 corporis
1108 2031 1136 2085 7.
1164 2027 1241 2086 aiter
1268 2029 1361 2099 Rufini
1390 2027 1480 2086 verbe.
1505 2026 1717 2098 luniaaeternua
1730 2026 1814 2096 justo
1838 2026 1903 2084 Ori-

196 2110 324 2179 aiesoota,
340 2110 402 2168 bec
412 2110 491 2168 enim
506 2112 655 2169 tuaverba
667 2112 809 2168 sunt:sed
820 2125 929 2186 quero,
941 2109 1019 2184 quad
1072 2134 1180 2191 penem,
1196 2147 1231 2158 -
1246 2116 1357 2174 Grandi
1375 2114 1510 2172 diabolus
1534 2113 1638 2172 lances
1661 2113 1831 2186 percutitur,
1847 2115 1900 2188 qai

197 2198 339 2274 oncense
353 2202 450 2274 nogat,
463 2201 544 2259 ⁴⁹⁴
568 2204 668 2258 utrum
692 2199 722 2258 in
738 2201 840 2258 eodem
860 2216 942 2268 suu,
962 2214 1020 2274 quo
1074 2204 1211 2266 omnibus
1225 2202 1554 2278 existirccusepecccti,
1571 2201 1596 2260 si
1611 2217 1662 2276 pro
1681 2200 1820 2275 omnbus
1834 2203 1899 2260 cuis

196 2293 313 2348 mortua
327 2292 398 2346 sunt
416 2304 548 2362 corpore,
567 2288 762 2350 suscitentur:
772 2292 801 2345 et
815 2288 906 2346 Muris
916 2288 1018 2358 Maria,
1074 2293 1160 2369 quusi
1182 2294 1281 2361 homo,
1298 2294 1467 2351 redditum
1482 2295 1527 2350 ssa
1549 2290 1703 2358 rationem,
1719 2294 1750 2347 ut
1763 2307 1831 2350 oum
1846 2308 1901 2352 an·

195 2375 324 2438 lomnes
339 2376 919 2450 resurgatloannes:aaeommistosexu
932 2381 1020 2450 etque
1073 2381 1148 2456 getis
1162 2383 1224 2440 suis
1252 2382 1352 2440 eterni
1375 2381 1454 2456 ignis
1476 2380 1646 2438 hereditate
1670 2379 1809 2452 potietur.
1836 2379 1898 2438 tlon

195 2466 324 2532 turbato,
339 2481 392 2522 nec
407 2464 460 2534 vir,
490 2482 543 2524 neo
568 2465 677 2524 lemine
700 2466 754 2535 sit;
771 2466 822 2525 sed
848 2470 1018 2540 utrumque,
1073 2469 1152 2528 enim
1167 2469 1276 2538 decrat,
1292 2475 1326 2527 ut
1338 2468 1511 2530 bominibus
1524 2471 1671 2528 tormento
1696 2467 1835 2536 subditis,
1849 2466 1901 2525 ille

195 2553 240 2620 vsi
265 2553 425 2612 neutrum?
449 2558 483 2614 ut
498 2571 535 2612 en
558 2555 623 2628 ipse
646 2571 768 2629 corpora
796 2555 976 2628 incorrupta,
991 2559 1021 2614 et
1074 2557 1242 2631 potiretur⁸
1269 2557 1388 2631 igni-bus
1410 2555 1538 2626 uternis,
1561 2571 1636 2628 quos
1659 2558 1741 2613 tacu
1769 2559 1903 2628 tempere

195 2641 385 2714 immortalia,
400 2646 430 2700 et
444 2647 477 2700 ut
490 2647 593 2720 arguto
612 2659 786 2718 premones,
799 2644 884 2716 juxta
899 2645 1020 2716 Aposto-
1073 2645 1297 2704 desiderauerat.
1313 2646 1349 2702 itt
1367 2645 1476 2702 uideris
1489 2643 1562 2702 mibi
1576 2645 1588 2678 ⁸
1603 2641 1784 2702 osiumuicm
1798 2642 1829 2703 in
1844 2642 1903 2700 boo

195 2729 258 2789 lum
272 2730 438 2808 spiritualis
456 2737 649 2806 permaneant
668 2732 699 2788 ia
724 2736 887 2789 eternum:
912 2736 941 2790 et
959 2748 1018 2788 non
1072 2731 1137 2790 loco
1152 2734 1247 2792 secere
1261 2733 1388 2802 diabolo,
1405 2737 1435 2792 ot
1459 2732 1678 2793 criminatorem
1693 2730 1828 2792 omniurn
1843 2731 1900 2792 tat-

196 2817 292 2886 splum
316 2835 447 2893 corpora,
464 2820 515 2878 sed
531 2836 598 2878 noro
614 2824 643 2878 st
657 2821 778 2895 sanguis
793 2820 921 2887 inlusus,
936 2820 1019 2876 venis
1073 2822 1115 2879 sis
1125 2821 1299 2880 criminibus
1310 2839 1458 2882 soousnre.
1474 2821 1554 2879 Dicis
1568 2819 1659 2890 enim,
1671 2841 1686 2872 ιι
1697 2818 1898 2893 quiomnibus

196 2913 226 2974 st
239 2909 356 2972 ossibus
372 2909 520 2983 irrigatus,
537 2926 600 2984 qus
616 2910 743 2968 Thomas
757 2908 872 2983 tetigit:
889 2925 927 2966 aa
942 2914 1019 2968 corte
1072 2911 1187 2968 exsistit
1200 2927 1291 2970 ceusu
1305 2911 1415 2986 peccati
1427 2929 1451 2982 ;ι
1469 2915 1499 2968 et
1512 2909 1626 2967 damin
1641 2907 1726 2968 illum
1741 2908 1832 2968 reiera
1843 2908 1899 2966 ori·

195 2997 339 3072 psalotim
366 2997 549 3058 resolvantur
575 2999 604 3056 in
621 2997 758 3066 nibilum,
783 3003 812 3056 ct
834 2998 871 3056 ad
893 3003 1019 3070 quatuor
1073 2999 1163 3068 mino,
1187 2999 1321 3060 homines
1337 2999 1556 3074 oulpoliberes,
1581 2997 1719 3071 tollisque
1734 2996 1847 3059 erbitrii
1862 2997 1898 3054 li-

195 3087 275 3149 onde
289 3092 525 3160 comperierunt
548 3087 703 3156 elementa,
729 3086 939 3144 retrahantur?
953 3086 1018 3144 Hac
1071 3087 1225 3158 berintum,
1242 3089 1391 3148 salvatore
1406 3088 1530 3158 dicente,
1546 3087 1625 3162 qaod
1640 3109 1656 3140 ιι
1673 3086 1710 3143 de
1725 3087 1812 3146 cardo
1826 3103 1898 3146 uce-

196 3178 246 3236 snt
259 3175 519 3240 dicendumne,
534 3181 585 3234 aut
608 3193 724 3248 negare.
740 3181 769 3234 et
791 3192 850 3233 non
874 3174 1014 3250 telequi,
1031 3167 1059 3244 C:
1070 3180 1115 3242 tro
1131 3181 1237 3236 exeunt
1252 3176 1441 3254 cogitationes
1456 3174 1726 3248 molmbomicidie.
1739 3174 1895 3246 udaiuns,

196 3279 262 3338 quc
276 3262 400 3320 subdole
423 3262 561 3338 Origenes
576 3264 700 3332 ratetum
728 3268 761 3322 ut
783 3262 869 3338 quasi
883 3263 973 3323 istuis
986 3268 1018 3320 et
1070 3265 1289 3334 fornicationes,
1306 3266 1385 3323 iuris
1411 3265 1488 3324 lelsa
1510 3264 1689 3333 testimonie,
1706 3262 1903 3336 blasphemis·

195 3351 294 3424 pueris
315 3350 454 3421 illudens,
470 3355 499 3408 et
523 3351 604 3410 nullo
620 3353 751 3410 membro
774 3356 938 3426 amputato,
962 3367 1015 3408 nec
1070 3355 1173 3428 (Molli.
1190 3372 1238 3423 xv,
1254 3355 1309 3426 ts).
1340 3377 1355 3406 n
1370 3355 1405 3414 Iit
1433 3370 1551 3414 rursum
1576 3353 1612 3412 do
1639 3351 1717 3414 luda
1745 3351 1775 3413 in
1800 3339 1907 3412 tvnc-⁸

194 3438 295 3514 aliqua
322 3438 452 3512 corporis
479 3443 562 3514 parte
580 3441 740 3500 desecta.»
767 3440 880 3498 Scilicet
907 3440 963 3500 bno
978 3441 1014 3497 ti·
1070 3443 1145 3518 gelic
1161 3443 1307 3518 legimus:
1330 3466 1344 3494 ι
1361 3444 1430 3502 Post
1450 3441 1612 3502 buccellam
1638 3440 1761 3500 introvit
1773 3439 1804 3502 ia
1823 3457 1894 3500 eum

194 3528 337 3596 muimus,
353 3545 390 3590 ne
405 3529 469 3588 sine
493 3546 565 3588 nuso
587 3536 616 3587 et
635 3530 756 3590 auribm
771 3545 970 3604 surgeremus,
986 3533 1016 3587 et
1069 3533 1190 3590 Satanas
1205 3531 1294 3604 (loon.
1309 3547 1371 3599 1111,
1382 3531 1428 3604 27)
1441 3549 1448 3588 ι
1460 3553 1475 3582 »
1485 3530 1535 3604 qui
1550 3533 1618 3618 aute
1630 3527 1792 3588 buccellam
1807 3544 1897 3602 spou-

194 3617 355 3690 ornputatis
373 3616 520 3692 sectisque
542 3617 733 3693 genitalibus.
756 3617 959 3678 eunuchorum
984 3618 1015 3674 in
1068 3625 1099 3680 te
1119 3625 1297 3696 peccaverat,
1326 3626 1356 3677 et
1381 3635 1436 3678 neo
1462 3618 1640 3686 bumilitate,
1667 3634 1721 3676 nec
1734 3617 1895 3678 momentis

194 3704 480 3772 solutissimum
495 3706 598 3767 oivitas
612 3708 795 3766 coadoretur.
1068 3709 1227 3768 Selactcris
1242 3708 1334 3768 flexus
1348 3711 1395 3768 es't
1408 3709 1444 3768 eal
1456 3706 1668 3782 penitentium.
1680 3706 1762 3768 llnale
1772 3708 1896 3780 Aposto-

228 3796 255 3852 o.
272 3795 359 3854 Parra
378 3796 414 3854 de
439 3795 555 3860 diabolo
583 3797 626 3854 sic
653 3797 828 3854 sententiam
851 3801 1012 3870 temporat:
1068 3795 1130 3864 lus:
1154 3819 1168 3848 a
1194 3799 1271 3868 Quos
1292 3796 1410 3866 trodidi,
1438 3797 1545 3870 inquit,
1561 3796 1686 3866 srucc,
1714 3798 1748 3852 ul
1775 3795 1898 3856 discent

193 3904 209 3934 «
224 3882 357 3942 Dicimus
369 3899 484 3958 quoque
498 3889 527 3942 et
537 3885 683 3958 judicium
698 3887 842 3956 futurum,
858 3885 889 3944 in
904 3887 1017 3960 quoju·
1068 3904 1127 3947 nan
1142 3885 1329 3960 blaphemare
1344 3887 1370 3956 (l
1387 3887 1454 3944 Tim.
1469 3904 1489 3956 i,
1512 3885 1569 3958 20).
1586 3907 1601 3938 u
1616 3885 1652 3944 itt
1672 3885 1701 3944 in
1725 3881 1781 3942 alio
1803 3882 1892 3942 loom

193 3970 266 4033 eicio
281 3971 488 4048 uuusquisque
506 3973 626 4047 recipiet
638 3975 757 4050 propria
771 3977 911 4050 corporis,
929 3979 1016 4050 prout
1068 3999 1082 4027 «ι
1100 3974 1219 4033 'tradidi
1234 3973 1406 4044 huiusmodi
1421 3975 1535 4034 Satius
1560 3973 1590 4034 in
1615 3970 1894 4042 interitum-earnis,

192 4061 294 4134 gessit,
316 4061 377 4120 sive
391 4061 477 4132 bona,
494 4063 554 4120 sive
578 4062 667 4122 mole.
682 4063 763 4130 Quod
779 4063 953 4122 sibomincs
969 4080 1013 4121 re·
1068 4069 1102 4122 ut
1115 4063 1239 4137 spiritus
1253 4060 1352 4120 salvus
1374 4065 1425 4122 liat
1438 4063 1464 4137 (l
1479 4063 1541 4120 Cor.
1558 4079 1586 4136 v,
1601 4063 1641 4136 55.
1658 4083 1674 4114 n
1686 4058 1828 4121 tractate
1839 4075 1894 4122 eas

192 4151 304 4222 capturi
320 4154 391 4210 sunt
415 4167 467 4224 pro
488 4151 628 4226 oporibus
650 4153 723 4222 suis,
739 4158 851 4227 quanto
867 4154 961 4228 megin
986 4158 1015 4210 et
1069 4154 1193 4221 ssione,
1204 4148 1289 4226 quusi
1303 4151 1449 4210 tortoried
1464 4151 1658 4226 puniendum,
1669 4150 1720 4223 qui
1729 4152 1892 4224 antequem

192 4237 397 4314 diuturnqm
414 4241 553 4298 amnibus
567 4242 704 4300 mustit¹
727 4258 817 4301 neusa
832 4242 957 4316 pcccati!
975 4243 1015 4298 tto
1067 4241 1266 4310 traderentur,
1287 4240 1438 4299 uoluntate
1461 4239 1580 4314 proprie
1600 4237 1893 4312 btupmmvercnc.

192 4344 250 4400 quo
265 4327 337 4389 illud
353 4329 499 4388 unumne
511 4331 591 4404 quod
601 4331 743 4404 scriptum
759 4335 804 4390 ost
818 4329 1013 4404 inbvengelic
1067 4328 1103 4386 Et
1117 4328 1224 4386 David:
1246 4350 1261 4382 ιι
1276 4329 1319 4386 Ab
1340 4327 1475 4398 occultis,
1490 4327 1598 4402 inquit,
1615 4326 1689 4386 mais
1704 4325 1818 4389 munde
1831 4341 1895 4394 me,

191 4414 298 4486 (unu.
313 4417 396 4490 srvi:
413 4417 483 4491 quia
497 4421 527 4476 et
548 4418 613 4492 ipse
635 4419 780 4488 diabotus,
797 4427 825 4478 ot
838 4434 942 4481 omnes
961 4436 1013 4478 en·
1068 4417 1200 4487 bonine,
1216 4421 1245 4475 ct
1259 4418 1296 4478 eb
1311 4415 1416 4476 olienis
1440 4432 1527 4492 perce
1540 4431 1624 4476 seruo
1639 4419 1689 4474 tuo
1704 4414 1793 4488 (Recl-
1808 4430 1894 4485 xviri,

191 4502 249 4576 gsii
261 4504 339 4577 auus,
366 4505 496 4564 cumbis
519 4507 568 4578 qui
583 4522 671 4581 opera
685 4509 749 4580 eius
765 4506 930 4576 laniantia
957 4512 1013 4578 est,
1028 4535 1057 4602 D,
1067 4505 1559 4576 l3);»brevitoreteuuvolanteiis
1569 4503 1894 4580 suammet.uitiarum

192 4590 243 4663 qui
255 4591 450 4649 criminentur
465 4594 569 4651 iratres
584 4595 605 4663 ²,
621 4611 690 4652 cum
712 4596 776 4669 ipso
791 4597 901 4669 pariter
914 4596 1013 4654 sterni
1067 4595 1438 4669 incentivssigniiicans.ln
1449 4589 1890 4667 lioclssiosthuaquelegimus:

190 4679 271 4758 ignia
284 4679 451 4756 bmnatitate
466 4682 623 4757 patientur.
639 4683 670 4742 Si
686 4685 754 4759 quis
769 4701 838 4762 ergo
853 4691 943 4762 negat
955 4686 1015 4746 dia·
1068 4709 1082 4737 «
1094 4685 1126 4744 Si
1139 4685 1263 4760 spiritus
1277 4687 1452 4760 potestatem
1470 4681 1606 4744 bibentis
1620 4679 1786 4746 accederit
1799 4695 1893 4754 super

191 4769 292 4830 mlum
313 4771 428 4831 eternis
450 4771 569 4846 ignibus
593 4775 785 4848 manciparii,
809 4781 921 4850 pcrtsm
946 4793 1014 4836 oum
1068 4791 1118 4832 cor
1144 4777 1239 4844 tuum,
1255 4774 1351 4831 iocum
1374 4777 1462 4832 tuum
1484 4786 1528 4832 rae⁴
1554 4768 1708 4830 timueris.
1733 4768 1832 4838 (Emi
1863 4785 1894 4836 x.

191 4859 256 4932 ipsu
271 4859 370 4917 sterni
385 4860 464 4935 ignis
475 4861 608 4935 accipiat,
624 4870 658 4921 ut
673 4863 780 4922 sentiat
793 4867 871 4937 quod
887 4867 1013 4940 negavit.
1069 4866 1107 4938 4).
1123 4887 1138 4917 n
1155 4865 1194 4920 lix
1210 4881 1267 4938 quo
1282 4863 1394 4937 liquido
1412 4864 1543 4937 apparet,
1560 4859 1585 4916 si
1602 4857 1774 4916 osismus
1785 4869 1894 4913 mosu-

193 4949 370 5024 llepetsmus
385 4951 512 5028 singule.
536 4977 549 5005 ι
575 4952 717 5024 Dicimus,
747 4954 853 5028 inquit,
883 4955 1015 5011 turturum
1069 4951 1149 5009 denti
1163 4950 1271 5020 locam,
1289 4967 1343 5009 nos
1355 4965 1491 5025 peoonese
1502 4945 1742 5020 quincentum,
1754 4947 1896 5010 etennen-

228 5188 238 5221 ¹
253 5185 286 5240 ln
300 5185 425 5258 vulgatis
436 5189 605 5244 constanter
614 5186 726 5244 obtinet
740 5187 846 5246 exstitit
860 5185 908 5242 hic
928 5187 1017 5258 etque
1106 5183 1219 5244 ‘vetus
1242 5181 1313 5240 adit.
1329 5195 1397 5240 oum
1420 5181 1550 5258 negandi-
1574 5177 1689 5256 petilo,
1711 5176 1895 5250 turocae-

191 5255 285 5322 ioirn;
311 5271 397 5312 secus
426 5271 510 5324 mss,
540 5261 614 5314 teste
643 5256 673 5312 P.
699 5257 882 5326 Constantio,
912 5272 1017 5330 nempe
1070 5257 1180 5314 tiretur.
1332 5321 1364 5332 ..
1673 5321 1679 5332 ,
1726 5318 1733 5331 Ι
1758 5317 1765 5331 ‚
1850 5317 1856 5330 ,

192 5324 299 5380 existit.
1106 5325 1206 5385 'Sunt
1219 5320 1298 5381 docti
1311 5337 1376 5390 viri,
1392 5325 1441 5395 qui
1457 5325 1494 5381 ab
1509 5321 1682 5408 huiusmodi
1708 5319 1832 5381 nmstro
1848 5333 1895 5376 ιιι·

228 5391 449 5450 ’coislinianus
473 5394 594 5466 quidam
621 5413 705 5465 mss„
726 5405 818 5470 patrer
844 5415 896 5472 pra
917 5400 1017 5482 {ratres
1070 5394 1279 5468 terpretaticne
1307 5391 1446 5451 llufluum
1472 5395 1632 5472 vindicent.
1661 5391 1771 5454 Quem
1797 5405 1898 5462 neque

193 5463 278 5540 legit3
296 5462 368 5518 illud
385 5464 568 5522 retinendum
594 5465 687 5538 liquet
701 5484 735 5524 ex
758 5467 926 5545 Hieronymi
950 5486 1016 5528 oen-
1070 5465 1167 5532 illurn,
1183 5464 1230 5523 cui
1253 5461 1327 5546 ulter
1350 5481 1439 5524 oousa
1462 5467 1498 5524 ud
1514 5467 1694 5540 peccandum
1713 5463 1820 5546 luituri
1843 5477 1895 5540 ge-

194 5551 274 5594 sure.
1072 5538 1173 5608 rendo,
1189 5533 1275 5607 oulpa
1289 5533 1461 5608 liberamus,
1485 5534 1555 5608 quia
1569 5553 1664 5612 nequo
1676 5535 1790 5596 norim
1807 5532 1830 5594 lt
1852 5549 1897 5598 eru

228 5609 240 5643 ³
253 5604 330 5663 Alibi
345 5605 561 5676 mmwipandum
575 5605 693 5679 legitur.
1070 5611 1163 5674 telem
1176 5607 1350 5684 obeeuusuti
1364 5607 1533 5678 mimium.
