4064 6158
217 305 278 382 tlt
836 309 870 380 S.
892 307 1048 382 suumn
1067 309 1302 383 ninaosrttl.
1841 318 1897 391 m

218 451 255 510 ds
270 448 407 510 Maximo.
424 445 582 522 evestigio
597 447 779 506 advenerunt
792 464 859 506 cum
875 449 978 523 syricii
992 449 1098 508 litteris
1112 451 1148 508 ad
1163 451 1350 510 Ambrosium
1366 449 1451 510 missi
1465 467 1500 510 ex
1514 451 1587 510 urbo
1603 451 1764 530 presbyteri,
1774 453 1894 528 dracas,
2007 457 2012 494 ²

218 539 381 614 leopardus,
396 545 424 597 et
441 537 607 608 liaconder,
622 545 715 596 sumto
726 540 860 612 tementes
873 539 985 612 spiritu,
1001 555 1127 612 quorum
1142 555 1230 613 opera
1244 539 1365 598 collecta
1379 542 1509 615 synodus
1528 541 1728 601 hereticorum
1746 546 1896 604 damnatio-

217 631 248 690 ni
262 629 447 703 subscripsit,
460 644 568 701 eosque
583 629 706 685 omnimo
719 629 907 685 exsecratione
919 627 1062 684 damnatos
1076 629 1272 686 Mediolanensi
1285 645 1321 686 ea
1334 629 1402 686 urbe
1414 632 1495 703 quasi
1513 632 1644 704 prolapus
1667 633 1772 704 repulit.
1799 635 1897 691 Exinde

215 725 311 778 terras
326 718 399 776 alias
415 720 586 792 pervagatos
601 716 693 773 lirisse
707 719 789 774 extra
804 715 928 784 ltaliam,
944 719 1015 772 sunt
1029 716 1079 788 qui
1107 732 1143 773 ex
1157 716 1221 790 ipsu
1238 716 1411 791 Hieronymo
1426 720 1552 792 arguant
1566 717 1648 776 initio
1662 718 1728 776 libri
1741 721 1814 776 tertii
1835 736 1897 778 cun·

216 813 262 867 ira
276 806 457 882 Pelagianos,
474 805 935 863 ubilouiniunisententiamolim
962 806 1056 864 Roma
1082 812 1110 862 et
1135 804 1239 862 dudam
1269 807 1300 862 iu
1327 806 1420 878 Africa
1446 805 1654 863 condemnatam
1680 807 1769 864 docet.
1802 807 1895 865 Varum
2005 801 2012 828 ²

216 897 309 955 multo
338 893 507 954 credibilius
521 897 576 958 est,
590 892 716 950 Galestii
740 891 965 966 impeccantiam
981 893 1075 966 innui,
1091 909 1181 967 quam
1195 902 1224 951 ιι
1243 894 1418 952 turinianns
1432 894 1611 964 defenderat,
1625 911 1682 952 non
1697 895 1792 970 ipsum
1806 897 1840 953 da
1852 913 1897 954 no·

214 1074 384 1133 hereticum
397 1069 632 1128 animadversum
648 1068 734 1144 vulgo
748 1069 888 1139 creditur,
904 1073 1058 1143 exstatque
1086 1071 1219 1127 subnexa
1232 1070 1278 1128 lex
1292 1071 1327 1128 53
1341 1070 1372 1128 in
1400 1069 1504 1128 Codice
1531 1071 1741 1138 theodosiano,
1759 1072 1802 1128 tit.
1829 1073 1847 1127 5
1869 1073 1900 1128 dc

215 1161 373 1230 liareticis,
388 1175 479 1233 quam
493 1161 522 1216 st
536 1156 573 1215 ul.
589 1158 786 1216 Guthulbedus
801 1158 957 1226 recensuit,
973 1162 1003 1215 et
1016 1157 1202 1216 Martianeus
1218 1159 1247 1217 in
1261 1160 1432 1218 Gamotensi
1443 1177 1511 1230 ms,
1523 1161 1560 1218 ad
1575 1159 1683 1218 calcem
1699 1158 1900 1232 Hieronymiani

214 1252 310 1328 operis
326 1247 444 1323 reperit.

626 1363 808 1423 Honoratus
826 1365 871 1422 ΕΤ
889 1363 1110 1423 renuntiatus
1128 1363 1236 1424 AUGG.
1257 1363 1372 1422 rutum
1390 1364 1448 1422 PR.
1471 1363 1501 1420 P.

249 1474 426 1534 turinianum
440 1469 497 1545 [sl.
511 1473 668 1545 temanum]
683 1473 829 1544 sacrilepos
858 1488 937 1544 opere
964 1475 1110 1530 renuetur
1138 1479 1218 1529 aetra
1244 1486 1337 1528 muros
1366 1471 1447 1530 llrbis
1473 1472 1681 1538 sammmsimse,
1712 1471 1901 1543 episcorprrum

214 1563 326 1638 querela
338 1561 461 1635 deplorat
476 1579 485 1616 :
500 1576 585 1633 quare
596 1576 685 1634 supra
696 1564 878 1618 memormm
890 1562 994 1634 corripi
1004 1561 1143 1634 jabenus,
1157 1568 1184 1618 et
1196 1567 1339 1617 contusum
1365 1559 1477 1632 plumbo
1503 1575 1567 1616 cum
1589 1560 1696 1616 caurus
1717 1560 1776 1615 ιιιιι
1800 1561 1903 1631 partici-

211 1653 293 1725 pibus
307 1655 335 1709 et
346 1650 495 1720 ministris,
509 1649 607 1706 casilia
621 1649 740 1705 coerceri
755 1664 762 1705 :
778 1649 923 1722 ipsumque
936 1648 1152 1706 machinatorem
1166 1651 1196 1705 in
1211 1649 1332 1705 insulam
1345 1650 1430 1705 Boam
1456 1650 1559 1722 [estne
1584 1649 1726 1706 ιιιινιιιιιι
1739 1646 1849 1710 dauci:
1861 1662 1905 1702 ca·

212 1742 280 1799 teris
292 1743 372 1814 prout
385 1739 507 1804 libuerit,
521 1737 665 1794 dummodo
679 1737 858 1809 supertitiose
871 1737 1029 1810 coujuratio
1043 1738 1142 1795 resilii
1167 1739 1256 1812 ipsius
1277 1737 1441 1795 clamatione
1455 1737 1588 1806 soluatur,
1615 1738 1760 1803 solemnis,
1787 1743 1812 1793 et
1836 1736 1905 1808 tanqu

212 1831 302 1904 spatio
317 1831 390 1885 inter
402 1843 430 1884 se
439 1827 536 1898 positas
550 1827 661 1898 imula,
677 1826 708 1882 ia
720 1829 883 1898 perpetuum
906 1826 1064 1900 deportatis.
1093 1825 1124 1883 Si
1137 1828 1303 1901 quisautem
1329 1827 1468 1900 pertimet
1494 1825 1672 1898 improbitate
1683 1827 1767 1882 uetita
1787 1832 1812 1880 et
1835 1823 1906 1880 dam·

212 1923 280 1977 nata
293 1917 443 1992 repetierit,
457 1917 528 1974 reiut
541 1931 571 1972 se
584 1917 752 1972 amariorem
765 1917 933 1972 temeratam
946 1915 1112 1973 subiturum.

250 2025 311 2082 bar.
327 2022 405 2081 Prid.
421 2021 490 2079 Non.
506 2021 575 2076 liar.
588 2020 656 2090 lled.
673 2021 790 2078 lionoris
803 2037 865 2077 ιιιιιι
879 2029 905 2079 et
920 2021 1014 2079 Theud.
1031 2023 1116 2082 vll.
1132 2038 1199 2079 coss.

249 2133 277 2190 d.
294 2130 361 2200 Sed,
377 2133 411 2186 ιιι
424 2127 521 2186 dicam
536 2128 615 2202 quod
630 2126 839 2198 sentiolihere,
856 2144 893 2184 an
909 2127 959 2185 lux
973 2128 1073 2185 isthec
1085 2144 1228 2203 germana
1241 2127 1361 2185 omnino
1376 2143 1435 2184 non
1449 2129 1503 2196 est,
1526 2130 1577 2184 aut
1589 2125 1620 2182 in
1635 2126 1702 2198 eius
1717 2130 1905 2200 contraquam

213 2221 316 2290 lentur,
331 2217 450 2276 nomine
466 2217 632 2290 depravata,
649 2215 686 2272 ed
714 2215 902 2274 turinianum
918 2232 976 2273 non
991 2221 1113 2291 spectet.
1130 2217 1335 2291 Hieronymus,
1349 2233 1439 2290 quem
1454 2215 1516 2273 ialli
1532 2215 1664 2290 putuisse
1691 2216 1721 2273 in
1748 2215 1815 2273 iacti
1828 2215 1906 2286 burins
2014 2211 2016 2246 ³

212 2307 346 2376 historia,
361 2321 448 2364 nemo
462 2305 518 2362 sibi
533 2305 718 2378 persuadeat,
734 2308 835 2362 contra
848 2305 1040 2379 Vigilantiam
1054 2305 1187 2364 scribens
1200 2321 1277 2362 anno
1291 2305 1357 2374 lOd,
1370 2305 1419 2378 qui
1453 2306 1531 2363 Secti
1557 2305 1718 2362 mmutatus
1741 2303 1848 2361 Arcadii
1859 2304 1907 2358 lu·
2010 2303 2016 2337 ³

211 2399 289 2472 pasti
301 2399 328 2454 et
341 2397 435 2453 Animi
447 2395 533 2452 Probi
543 2395 624 2467 [ustis
637 2409 736 2452 nomen
765 2395 904 2467 imposuit,
921 2394 1035 2451 dudum
1050 2411 1066 2451 e
1092 2391 1167 2450 vivis
1186 2392 1347 2451 excessisse
1358 2391 1548 2450 turinianum
1563 2395 1644 2450 certo
1660 2391 1770 2450 certius
1786 2394 1905 2448 testatur.
2015 2417 2016 2426 ι

213 2485 357 2559 Quomodo
373 2483 471 2557 inquit
485 2483 541 2540 sub
557 2482 674 2540 initium
689 2484 754 2556 ojus
769 2482 848 2551 libri,
863 2483 1025 2556 Euphorbus
1053 2485 1084 2540 ia
1097 2483 1255 2558 Pythopcra
1269 2485 1380 2540 samba
1408 2497 1464 2538 erse
1475 2481 1648 2555 perhibetur,
1677 2482 1718 2538 sie
1731 2482 1762 2538 in
1789 2481 1838 2536 isto
1852 2477 1909 2548 (Vi-
2013 2483 2016 2516 ³

211 2573 585 2651 gilantio)touiniaaimeas
597 2589 684 2645 mauu
698 2574 852 2631 surrexit...
868 2573 918 2630 lite
931 2575 1065 2630 Hmaana
1093 2573 1221 2632 Boebeia
1248 2573 1414 2631 aucuritute
1441 2570 1588 2628 Mmaotus
1616 2572 1693 2628 inter
1705 2568 1832 2642 phasides
1856 2581 1911 2623 ouer
2014 2571 2015 2576 ’

210 2668 238 2722 et
250 2679 345 2720 earnm
359 2663 457 2718 suillas
471 2676 527 2717 aon
537 2668 594 2717 tam
607 2662 698 2716 ambit
711 2663 852 2734 spiritam,
868 2677 948 2733 quem
961 2664 1104 2719 maurit.
1120 2662 1187 2718 iam
1202 2659 1292 2735 igitur
1315 2665 1427 2734 septem
1455 2664 1488 2716 ut
1503 2659 1660 2716 minimum
1695 2673 1837 2716 annorum
1849 2671 1912 2713 ana·
2014 2663 2017 2698 ῑ

210 2751 380 2810 chronismo
396 2749 443 2806 lex
458 2753 567 2822 peccat,
583 2765 647 2822 que
662 2749 790 2807 Honorio
805 2767 833 2806 rr
845 2753 874 2806 et
887 2750 1052 2808 Theodosio
1066 2767 1084 2807 v
1099 2767 1174 2808 coss.
1191 2749 1252 2808 sive
1266 2765 1343 2807 anno
1356 2749 1410 2806 ltu
1421 2749 1489 2806 data
1502 2753 1548 2806 est
1563 2766 1570 2805 ι
1586 2764 1721 2822 eumque
1747 2748 1818 2804 adeo
1843 2743 1912 2802 exsi-
2014 2752 2017 2788 ι

209 2839 249 2898 lio
277 2837 420 2906 multarit,
437 2837 488 2911 qui
504 2841 628 2894 mortem
641 2837 755 2910 jamdiu
770 2841 852 2896 ιιιιιι
869 2837 1038 2912 oppetierat.
1054 2839 1136 2904 Quod
1152 2839 1178 2896 si
1192 2838 1264 2895 velis
1277 2839 1418 2895 msndnm
1433 2838 1463 2893 in
1501 2837 1643 2910 temporis
1657 2853 1729 2894 esse
1757 2839 1832 2903 nota,
1856 2833 1911 2890 siro
2012 2867 2017 2874 ·

211 2927 383 2986 consulatus
398 2924 600 3000 inscriptione,
616 2943 681 3000 qua
701 2925 887 2985 librariorum
903 2929 1000 3000 potuit
1012 2944 1077 2986 csse
1091 2927 1257 2996 oscitantia,
1272 2927 1309 2985 ad
1325 2931 1542 3000 quemcumque
1556 2941 1620 2984 oam
1636 2941 1754 2983 annum
1780 2922 1911 2990 retrahas,
2015 2931 2017 2950 ³

211 3017 334 3075 minime
348 3016 457 3073 efficies
472 3019 505 3072 ut
519 3017 583 3089 ejus
597 3015 700 3074 dictati
714 3015 858 3074 sententia
873 3033 940 3074 unm
957 3017 1124 3092 Hieronymi
1144 3017 1313 3075 testimonio
1328 3019 1450 3074 constet.
1465 3014 1548 3084 Puta,
1579 3015 1657 3088 quod
1690 3017 1720 3072 et
1748 3011 1911 3094 Gotholredu
2009 3017 2016 3056 ἱ

211 3106 363 3181 probatur,
380 3102 549 3163 hereticum
560 3105 625 3177 jam
641 3106 678 3162 ab
688 3120 765 3162 anno
780 3106 842 3174 390,
858 3111 921 3163 tum
949 3107 1042 3164 Roma
1056 3110 1119 3164 tum
1135 3105 1297 3164 Mediolano
1309 3106 1477 3180 profugum,
1493 3105 1530 3161 ad
1546 3105 1713 3161 Romanam
1729 3102 1872 3161 dioecesim
1885 3115 1913 3157 ss
2008 3107 2018 3147 ἰ

211 3192 381 3262 contulisse,
396 3191 565 3266 ibidemque
577 3193 650 3250 adso
665 3198 861 3252 extramuros
876 3193 995 3252 solitum
1008 3198 1167 3252 conventus
1182 3211 1286 3268 agere:
1304 3211 1375 3252 num
1391 3193 1442 3268 qui
1457 3193 1513 3250 hoo
1527 3193 1564 3250 de
1578 3208 1669 3248 causa
1685 3195 1913 3265 correptuspon·
2017 3233 2018 3238 1

210 3288 296 3342 tusus
312 3282 445 3357 plumbo,
460 3286 489 3340 et
501 3281 533 3338 in
548 3281 700 3339 Dalmatia
714 3283 843 3341 insulam
858 3283 970 3342 exsiliis
984 3283 1095 3341 claram
1109 3284 1280 3359 deportatus
1295 3287 1350 3353 cst,
1366 3284 1443 3340 inter
1457 3282 1597 3357 phasides
1611 3297 1682 3340 aves
1697 3286 1728 3340 st
1742 3279 1844 3339 suillas
1858 3295 1914 3336 osr-
2016 3293 2018 3324 1

210 3389 262 3430 nes
276 3371 422 3430 diceretur
433 3371 470 3427 ob
487 3370 610 3428 nimiam
627 3371 795 3444 crespulum
811 3371 947 3446 spiritum
963 3372 1152 3431 evomuisset
1167 3373 1227 3430 Hoc
1241 3376 1319 3430 certe
1345 3372 1468 3446 propius
1482 3372 1519 3428 ad
1549 3369 1636 3428 tidem
1651 3378 1730 3430 sate
1746 3373 1775 3430 S.
1791 3366 1913 3428 Doctoris
2016 3381 2017 3384 ¹

208 3459 390 3533 testimonio,
405 3460 546 3518 infamem
561 3460 739 3518 monachum
755 3459 836 3518 luxui
850 3461 992 3527 deditum,
1008 3468 1159 3534 utcunque
1173 3460 1264 3518 semel
1280 3465 1368 3534 atque
1382 3459 1490 3518 iterum
1505 3460 1692 3532 damnatum,
1723 3457 1799 3518 nihil
1824 3456 1914 3532 potius

209 3549 359 3619 habuisse,
376 3565 465 3622 quam
476 3548 562 3623 genio
577 3547 740 3623 indulgere,
754 3553 785 3606 et
798 3549 902 3618 ventri,
920 3554 950 3607 et
963 3549 1029 3607 cibo
1042 3550 1169 3624 vinoque
1182 3549 1398 3625 ingurgitatum
1413 3549 1560 3608 maturius
1574 3546 1754 3623 exspirasse.

247 3641 275 3694 7.
290 3639 358 3696 iam
374 3639 473 3712 itaque
488 3637 535 3695 his
549 3637 586 3694 ds
601 3637 711 3695 uetans
725 3637 1003 3712 haresipralihatis
1032 3655 1096 3712 qua
1111 3641 1163 3696 aut
1189 3654 1294 3712 parum
1320 3641 1390 3696 nota
1417 3639 1510 3707 erant,
1539 3640 1591 3693 aut
1617 3636 1784 3694 terroribus
1810 3631 1914 3708 passim
2013 3656 2017 3666 ·

208 3726 355 3794 obvoluta,
372 3727 409 3784 ad
426 3725 657 3800 hieronymiana
671 3726 880 3784 contutatiuuia
893 3725 1050 3787 lectionem
1065 3743 1133 3785 oum
1149 3727 1246 3785 lructn
1265 3727 1397 3796 accedas,
1428 3742 1492 3799 qua
1520 3723 1661 3782 Catholici
1692 3723 1843 3799 dogmatis
1857 3734 1916 3777 me·

209 3816 333 3874 muriam
347 3815 544 3873 commendat.
555 3817 639 3872 Anno
653 3815 717 3886 393,
733 3821 785 3872 aut
798 3815 947 3889 superiore
959 3816 995 3873 ed
1009 3815 1120 3874 exitum
1145 3821 1292 3890 vergente,
1322 3816 1397 3872 duos
1424 3814 1512 3872 hosce
1540 3812 1630 3870 libros
1658 3811 1808 3871 loriniani
1835 3809 1916 3868 uom-

208 3902 391 3966 rnentariulis
406 3903 435 3960 S.
452 3903 559 3960 Ductor
571 3904 719 3977 opposuit,
735 3906 838 3963 eodem
867 3906 1000 3964 hortante
1030 3904 1229 3974 Pammachio,
1245 3905 1296 3980 qui
1311 3905 1424 3978 pridem
1437 3901 1606 3962 haretioum
1631 3903 1835 3962 accusaverat.
1851 3899 1918 3971 liius
2017 3973 2018 3976 Ἴ

208 3991 324 4066 epocha
337 3989 410 4048 illud
425 3990 554 4065 palmare
568 3997 776 4067 argumentum
792 3997 846 4063 est,
862 3995 940 4068 quud
958 3993 1079 4052 minime
1091 3995 1164 4052 istos
1179 3992 1367 4052 recenseatis
1383 4007 1505 4050 suarum
1516 3990 1761 4049 lucubrationum
1773 3986 1916 4060 Gatalogo,

208 4097 296 4154 qnsm
312 4082 348 4138 ad
364 4097 476 4138 annum
491 4098 586 4155 usque
599 4082 663 4150 392,
679 4083 835 4142 Theodosii
859 4083 1000 4157 principis
1022 4083 1323 4156 decimumquartum,
1351 4081 1488 4156 produxit
1505 4099 1511 4138 :
1527 4083 1671 4138 memoret
1697 4095 1772 4138 vero
1800 4079 1832 4134 in
1859 4073 1920 4133 aliis

208 4168 292 4227 libris
305 4185 381 4244 quos
396 4170 526 4242 proxime
541 4169 578 4226 ab
592 4169 642 4227 illu
672 4169 834 4229 adornauit.
862 4171 893 4226 ln
924 4170 1094 4227 Pratations
1122 4170 1372 4228 commentarium
1402 4169 1431 4226 in
1459 4168 1577 4237 ionum,
1603 4167 1783 4238 Triennium,
1814 4162 1918 4237 inquit,

207 4261 316 4317 circiter
340 4261 434 4331 duait,
464 4267 606 4333 postquam
632 4262 753 4333 quinque
776 4260 923 4332 propbetas
950 4261 1149 4332 interpretatus
1176 4275 1248 4330 sam,
1278 4257 1428 4330 dubanus,
1448 4257 1568 4328 liobam,
1586 4255 1726 4323 trabam
1745 4253 1920 4328 sophoniam,
2016 4245 2018 4266 ⁴

207 4350 350 4421 limeum,
365 4356 391 4405 et
404 4347 460 4404 alic
473 4363 553 4421 opere
565 4348 691 4404 detentus
704 4363 760 4404 aaa
774 4347 856 4419 potui
868 4346 983 4419 impiere
998 4345 1068 4418 quod
1079 4362 1224 4419 caparam.
1241 4347 1348 4419 Scripsi
1370 4348 1446 4406 enim
1470 4345 1573 4402 librum
1594 4343 1630 4401 de
1654 4341 1822 4402 illustribus
1853 4339 1920 4398 Viris

207 4440 233 4494 et
255 4437 399 4493 ιάυινιιιιιι
415 4437 594 4493 turinianum
617 4434 671 4491 duc
684 4434 836 4492 uolumina.
852 4434 1057 4506 Apotopeticum
1072 4451 1187 4508 quoquc,
1202 4439 1229 4492 et
1242 4435 1276 4492 de
1288 4436 1394 4509 Optimo
1417 4450 1517 4506 perere
1543 4431 1750 4505 interpretandi
1777 4430 1815 4488 od
1842 4433 1922 4486 Pam·
2012 4446 2018 4478 ι

207 4524 357 4591 muchium,
369 4528 424 4580 stc.
441 4523 576 4593 Heronio,
592 4522 744 4595 doctisque
758 4520 823 4578 aliis
838 4521 908 4579 viris
923 4523 974 4595 qui
998 4523 1088 4581 sliam
1115 4524 1258 4582 rationem
1287 4523 1400 4592 ineunt,
1430 4526 1519 4596 atque
1543 4536 1655 4579 annum
1670 4521 1831 4595 assignant
1844 4517 1921 4574 hisce

208 4610 292 4670 libris
306 4611 370 4678 390,
386 4611 483 4668 irandi
498 4611 691 4684 luitpardus,
707 4626 794 4684 quen
810 4627 845 4668 ex
859 4611 914 4670 bac
929 4611 993 4686 ipss
1008 4612 1179 4672 Praiations
1194 4612 1353 4672 novissimo
1368 4612 1496 4687 catalogi
1511 4611 1574 4670 luco
1602 4626 1752 4668 nonnemo
1769 4607 1921 4667 studiosus
2014 4623 2017 4630 ·

207 4700 319 4770 assuit;
334 4703 447 4782 certum
476 4714 605 4772 namque
624 4703 670 4757 est
683 4715 719 4756 es
733 4700 797 4773 ipso
812 4705 914 4760 contra
927 4701 1117 4762 turinianum
1130 4701 1204 4760 libro
1218 4721 1239 4772 1,
1254 4719 1336 4760 num.
1351 4705 1397 4771 ab,
1413 4718 1501 4776 quom
1526 4701 1670 4758 memorat
1683 4699 1721 4756 ds
1736 4697 1819 4769 Viris
1834 4694 1922 4753 Hlas-

212 4789 320 4860 tribus,
337 4795 469 4864 tempore
494 4789 689 4862 precessisse.
719 4788 801 4847 Nunc
821 4791 886 4863 ejus
914 4807 1064 4850 sommam
1079 4791 1287 4865 disputationis
1302 4792 1466 4866 praedocere
1490 4791 1611 4865 longum
1640 4788 1690 4846 sit.
1718 4787 1822 4846 Priore
1851 4783 1923 4842 libro
2010 4822 2015 4832 =

208 4879 346 4955 primam,
360 4879 452 4936 alteru
466 4882 526 4935 tras
541 4877 615 4935 alias
628 4876 775 4936 Juvinlanl
788 4879 1002 4952 propositiones
1030 4880 1194 4955 impugnat.
1211 4883 1368 4938 innumera
1382 4880 1538 4953 Scriptura
1552 4877 1657 4936 divina
1686 4875 1761 4943 loos,
1784 4871 1923 4932 historia·
2012 4907 2018 4956 Ι-

208 4983 273 5025 rum
289 4966 469 5037 testimonia,
480 4965 723 5041 philosophorum
737 4967 811 5024 suits
825 4968 901 5025 miro
912 4969 1011 5026 studio
1033 4969 1159 5044 explicat
1174 4985 1181 5026 ι
1198 4969 1345 5044 siquidem
1372 4967 1536 5041 versipellis
1564 4964 1718 5023 hereticus
1739 4963 1785 5020 ita
1798 4957 1918 5020 blandis
2016 4979 2017 4982 ¹

209 5054 356 5114 illecebris
371 5057 532 5115 multorum
548 5056 664 5114 animus
679 5055 881 5125 fascinaverat,
896 5061 930 5114 ut
943 5057 1030 5132 vulgo
1049 5059 1222 5132 jactaretur,
1238 5076 1296 5118 non
1325 5075 1411 5132 posse
1439 5057 1482 5114 illi
1497 5057 1707 5130 Hieronymum
1735 5051 1920 5127 respondere
2011 5044 2018 5100 f

207 5159 272 5200 cum
287 5145 435 5212 laudauit
448 5163 511 5204 cum
527 5148 872 5220 uituperatioaeconjuqir.
888 5147 1066 5220 Supererant
1095 5154 1124 5206 et
1146 5147 1309 5219 Manichai,
1325 5149 1375 5220 qui
1405 5147 1523 5222 nuptias
1551 5144 1743 5210 damnabant,
1775 5142 1924 5210 cautoque

209 5231 281 5288 adeo
296 5233 389 5306 gradu
405 5233 599 5292 incedendum
614 5235 655 5293 illi
672 5239 735 5294 orat
749 5251 786 5292 ne
798 5236 869 5292 dum
884 5238 964 5292 totns
979 5235 1009 5292 in
1024 5235 1201 5310 virginitatis
1215 5236 1470 5295 commendatione
1485 5237 1660 5302 summetur,
1690 5233 1796 5288 contra
1825 5225 1925 5285 homi·

210 5334 277 5376 nam
291 5319 342 5392 qui
357 5318 436 5376 illam
452 5323 588 5394 aquabat
602 5323 748 5398 corrjugiu,
765 5325 795 5381 in
810 5323 933 5381 alteram
949 5327 1063 5397 partem
1078 5324 1185 5382 latoris
1209 5325 1409 5399 suspicionem
1437 5323 1579 5398 injiceret.
1609 5321 1707 5394 Neque
1734 5321 1844 5374 ιιιιιιιι
1872 5314 1927 5370 hoc
2016 5377 2018 5384 χ

210 5407 309 5494 studio
323 5408 416 5465 sumit
429 5409 664 5468 aduersariorum
679 5412 855 5481 calumnias,
870 5427 939 5470 nam
954 5415 984 5468 et
997 5412 1188 5486 rumigerulis
1202 5412 1366 5483 monachis,
1390 5418 1420 5471 et
1447 5412 1505 5487 piis
1529 5411 1643 5488 aliquot
1670 5404 1830 5466 catholice
1859 5398 1929 5459 fidei
2013 5403 2018 5482 ,J

209 5495 407 5554 assertoribus
422 5498 541 5568 nuptias
555 5498 723 5572 despexisse
736 5501 818 5560 visus
833 5505 889 5560 est.
902 5500 1003 5559 unitos
1016 5501 1107 5560 libros
1135 5502 1198 5576 ipse
1225 5503 1432 5562 Pammachius
1460 5517 1594 5560 revocmc
1621 5497 1754 5564 studuit,
1773 5493 1830 5551 sed
1858 5505 1927 5549 oum
2015 5521 2018 5556 2

212 5583 286 5644 nihil
301 5585 454 5659 proficeret
466 5585 628 5661 diligentie,
644 5591 747 5645 auctor
760 5589 936 5665 Hieronymo
950 5591 1017 5660 luit,
1027 5593 1061 5647 ut
1088 5607 1162 5648 nuru
1176 5590 1286 5665 scripto
1313 5590 1474 5650 multorum
1501 5588 1658 5648 offensioni
1671 5583 1860 5646 muneraret.
1876 5575 1929 5637 ills
2014 5661 2018 5671 Ι

210 5673 428 5750 Apolugstioam
443 5673 608 5748 epistolam,
623 5675 654 5732 iu
669 5687 771 5735 nostra
781 5677 950 5737 recensione
964 5681 1008 5749 ta,
1024 5679 1061 5738 ad
1076 5679 1298 5739 Pammachinm
1313 5679 1475 5755 maoripsit,
1505 5695 1596 5754 quam
1618 5669 1866 5752 operaepretium
1880 5669 1927 5726 ιιι
2015 5677 2018 5696 ·

212 5763 297 5826 lautis
310 5762 392 5826 bisce
405 5762 490 5823 libris
504 5761 640 5823 recolere.
656 5762 868 5834 intercalatus,
883 5767 962 5838 quud
977 5772 1146 5830 nostrerum
1160 5770 1289 5844 partium
1303 5769 1369 5842 luit,
1384 5769 1422 5830 ad
1445 5785 1519 5832 mss.
1548 5767 1664 5830 codices
1690 5757 1929 5837 mumdum·

587 6063 699 6134 A
