4054 6168
191 255 273 348 aaa
819 251 853 314 s.
874 243 1282 320 monstrabamus
1823 223 1881 304 m

200 365 1881 428 mfflm

552 512 614 612 s.
661 504 1001 634 ananau
1047 497 1557 606 araneorum

773 743 1060 810 S'l'lllllONllNSlS
1081 740 1333 804 Pausaniam

186 1007 191 1016 -
282 1087 284 1092 ,
397 925 556 1076 irin
583 923 964 1076 ranuncula
997 915 1354 1094 laniuntur
1384 913 1435 1062 o
1466 911 1711 1061 curalo.

901 1239 1209 1394 ronanam.

243 1623 419 1682 aaa-8⁰2
434 1622 488 1689 Qui
502 1621 533 1678 iu
549 1619 700 1694 principiis
727 1617 869 1675 librorum
891 1615 1032 1673 debebam
1048 1615 1076 1682 A
1126 1615 1171 1670 Me
1184 1629 1252 1670 vero
1266 1611 1367 1688 procul
1382 1611 1418 1669 ad
1434 1611 1569 1680 urbibus,
1584 1611 1659 1680 loro,
1673 1611 1785 1683 litibus,
1810 1609 1887 1668 turbis

207 1712 336 1772 secuturi
349 1711 445 1785 operis
462 1713 637 1784 argumenta
654 1721 826 1780 proponere,
851 1720 938 1778 cogor
952 1703 1035 1778 prius
1088 1706 1244 1770 remotum,
1260 1701 1302 1758 sic
1312 1701 1483 1774 quoquelut
1497 1699 1699 1768 Quintilianus
1709 1701 1760 1774 ait‘)
1772 1699 1892 1760 neclan

208 1800 387 1875 respondere
398 1796 702 1865 maledictis,‘lerentii
712 1793 863 1868 quippiam
874 1793 1034 1859 sustinens,
1088 1792 1199 1850 invenit
1212 1790 1331 1848 invidia.
1347 1790 1428 1848 Unda
1443 1789 1580 1848 lectorem
1595 1790 1729 1862 obsecre,

211 1889 263 1963 qui
277 1887 488 1946 comoediarum
502 1882 639 1958 prologos
665 1885 677 1919 ²
707 1884 736 1938 in
765 1882 965 1940 defensionem
990 1881 1035 1938 sui
1356 1933 1363 1946 ,
1741 1933 1747 1946 ‚
1798 1933 1803 1945 Ι
1878 1919 1879 1924 ,

234 1963 237 1970 ⁴
1154 1970 1264 1983 .....
1281 1933 1302 1983 sl
1317 1945 1378 1996 quia
1393 1935 1482 1983 tameo
1496 1931 1554 1983 brec
1567 1935 1578 1968 δ
1592 1945 1710 1998 quoque,
1727 1947 1748 1983 ai
1762 1947 1817 1997 qms

211 1977 308 2058 scenis
328 1976 425 2033 dabat.
442 1975 569 2048 Urgebat
593 1972 672 2030 euim
702 1988 769 2029 eum
789 1971 913 2028 Luscius
933 1971 1037 2026 Lanui·
1152 1997 1250 2060 Cuma,
1265 2009 1355 2047 mo„
1368 1995 1447 2060 pege,
1466 2029 1603 2046 ,,,,,,

211 2083 269 2124 aus
283 2067 305 2132 ¹,
319 2067 418 2122 nostro
432 2063 537 2120 buseio
549 2060 667 2134 similis,
682 2065 710 2118 et
720 2060 804 2134 quasi
816 2059 926 2134 publici
940 2059 1035 2114 erarii

212 2157 330 2230 poetam
346 2154 440 2209 iurem
456 2151 680 2207 criminabatur.
698 2150 756 2205 lloc
770 2148 849 2205 idem
872 2164 979 2221 passus
993 2150 1039 2203 est
1091 2151 1124 2202 ut
1162 2144 1193 2201 io
1235 2143 1319 2202 libris
1360 2146 1556 2203 Hebrotcaram
1598 2147 1794 2216 ocerannum,
1833 2163 1889 2221 quoa

214 2241 723 2306 abemuliaetldantuanusvates,
750 2241 782 2294 ut
805 2253 872 2293 cum
893 2237 1038 2309 quosdam
1092 2235 1122 2292 in
1152 2251 1269 2292 omnem
1297 2235 1478 2308 scripturam
1507 2239 1641 2294 sanctam
1682 2237 1810 2311 disposui
1834 2237 1890 2298 aad·

210 2329 443 2390 rarsusllcmeri
458 2326 661 2385 transtulisset
672 2326 709 2382 ad
724 2326 856 2393 verbum,
867 2323 1040 2398 compilator
1092 2323 1169 2391 bere,
1186 2339 1244 2380 non
1259 2327 1370 2396 querat
1389 2322 1598 2396 eloquentiam,
1619 2329 1835 2382 bonoratorum
1859 2326 1892 2382 la·

212 2425 343 2480 ueterum
360 2417 515 2474 diceretur.
531 2415 643 2482 Quibus
659 2413 708 2471 ille
733 2414 892 2487 respondit,
916 2428 1039 2486 magna·
1093 2428 1212 2487 porem;
1236 2413 1287 2468 sed
1315 2412 1412 2485 magis
1438 2412 1567 2469 inimicis
1595 2429 1648 2486 pro
1679 2414 1763 2473 nobis
1784 2415 1841 2487 ipsc
1859 2429 1891 2468 ra·

214 2523 362 2568 rumosas
380 2507 499 2570 virium,
530 2504 643 2561 clavam
672 2502 789 2560 llarculi
819 2507 989 2574 extorquere
1004 2503 1040 2558 de
1094 2499 1247 2574 spondeat,
1275 2500 1353 2556 Novo
1383 2499 1462 2572 operi
1491 2501 1605 2558 veniam
1633 2503 1851 2560 concedendam
1866 2502 1893 2558 llt

213 2613 315 2656 manu.
346 2595 404 2652 Sed
432 2598 461 2652 et
488 2592 614 2662 Tullius,
635 2591 686 2664 qui
718 2591 748 2646 in
775 2607 840 2648 arce
867 2590 1041 2664 eloquentiae
1094 2589 1241 2646 animnos
1266 2588 1406 2645 humilies
1433 2591 1520 2661 atque
1548 2590 1732 2663 pauperculi,
1757 2591 1893 2650 nechabe-

216 2687 354 2744 ltomanae
366 2683 458 2748 stetit,
485 2698 534 2739 rex
558 2684 720 2749 oratorum,
748 2683 777 2736 et
804 2679 910 2735 latina
934 2678 1040 2751 lingua
1095 2695 1162 2735 mus
1177 2677 1305 2748 divitias,
1322 2693 1374 2735 nec
1389 2676 1502 2736 oblatas
1525 2677 1688 2752 dignamur
1705 2681 1847 2754 accipere:
1863 2680 1893 2736 ita

219 2773 392 2842 illustrator,
409 2772 637 2846 repetudanrum
650 2773 833 2828 accusatura
847 2765 963 2824 Grecis.
978 2766 1041 2823 Non
1095 2771 1124 2826 et
1137 2766 1181 2823 illi
1209 2766 1353 2834 noverint,
1381 2782 1440 2822 noo
1454 2783 1540 2839 posse
1563 2784 1594 2824 ae
1622 2769 1893 2842 notitia-Scriptura·

217 2861 413 2934 mirumcrgo
428 2860 454 2917 si
481 2863 582 2916 contro
608 2874 655 2914 me
682 2873 805 2930 parvum
830 2854 1042 2913 homunculum
1096 2855 1206 2924 rum‚id
1221 2856 1463 2924 actm-8⁰4
1473 2855 1592 2914 divitias
1602 2856 1797 2926 Christianos
1811 2854 1894 2916 muudi

217 2950 378 3010 inamuudre
394 2965 462 3006 sues
477 2947 648 3021 grunnium,
665 2951 693 3002 et
719 2943 843 3018 pedibus
869 2943 1043 3016 margaritas
1057 2986 1082 3052 B
1096 2944 1205 3017 pariter
1219 2944 1231 2978 ⁸
1245 2944 1352 3002 habere
1367 2943 1488 3001 divitiis.
1517 2943 1613 3002 Stadii
1636 2961 1709 3020 ergo
1736 2947 1823 3004 nostri
1844 2943 1894 3008 erit.

222 3035 405 3102 conculcent,
430 3051 498 3092 cum
523 3034 665 3090 adversus
690 3029 878 3088 doctissimos
899 3031 988 3096 viros,
1016 3036 1045 3088 et
1098 3032 1143 3090 val
1158 3049 1269 3100 eorum,
1286 3033 1337 3106 qui
1352 3033 1387 3090 de
1402 3031 1486 3090 libris
1500 3032 1651 3091 Hebraicis
1666 3035 1746 3094 varia
1763 3034 1894 3108 suspican-

220 3123 273 3202 qai
288 3122 381 3195 gloria
394 3123 535 3178 invidiam
551 3136 690 3193 superare
701 3118 950 3187 debuerunt,livor
963 3136 1045 3176 exar-
1098 3124 1284 3189 inmemores
1308 3121 1438 3178 refellere
1454 3138 1461 3176 :
1490 3120 1535 3178 vel
1563 3138 1598 3180 aa
1611 3139 1690 3194 quae¹
1709 3124 1739 3192 in
1767 3122 1895 3186 calinsa

221 3210 304 3272 serit.
324 3209 432 3266 Varum
456 3208 511 3266 hoc
535 3207 594 3264 illis
620 3207 724 3264 meritc
744 3205 858 3278 eccidit,
876 3223 1000 3280 quorum
1016 3208 1047 3266 iu
1101 3210 1208 3268 Gracia
1222 3210 1373 3267 codicibus
1387 3214 1498 3268 scatere
1512 3210 1663 3284 videntur,
1679 3211 1834 3270 auctoritati
1851 3225 1895 3270 auc

224 3297 359 3366 theatris,
387 3297 479 3366 curia,
495 3295 642 3366 concione,
674 3313 726 3369 pro
754 3295 856 3354 rostris
877 3295 1049 3372 eloquentia
1102 3297 1241 3367 reddere;
1265 3297 1456 3372 etymologias
1484 3314 1600 3372 quoque
1628 3315 1741 3370 rerum,
1769 3297 1894 3359 nominum

227 3385 411 3461 pertonabat.
432 3385 554 3458 Semper
574 3384 652 3441 enim
677 3385 706 3440 in
734 3383 887 3457 propatulo
909 3384 1048 3442 fortitudo
1103 3391 1191 3460 atque
1203 3385 1366 3460 regionum,
1383 3402 1447 3458 qun
1462 3385 1494 3441 in
1508 3391 1608 3444 nostro
1619 3403 1756 3448 sermone
1769 3404 1822 3446 non
1839 3399 1896 3445 raca

230 3473 356 3538 nmoloa
367 3473 465 3541 habet,
1103 3479 1185 3546 naut,
1201 3473 1361 3531 vernacula
1375 3473 1481 3547 lingue
1497 3475 1654 3548 explanare
1679 3476 1895 3544 rationemque

360 3591 521 3664 ,mumque
535 3611 654 3649 summo,
668 3598 790 3649 mmm,
804 3603 917 3649 montes.
1103 3563 1219 3622 facilius
1234 3563 1397 3622 amandatio
1417 3569 1618 3637 cognoscatur,
1644 3565 1710 3638 ipsa
1726 3564 1863 3638 ¹primun,
1873 3561 1897 3614 ut

579 3661 792 3724 (flon.0arm.1r,
808 3661 890 3712 odax
907 3663 956 3724 19).
1104 3653 1182 3727 apud
1196 3668 1250 3710 noa
1269 3657 1340 3710 sunt
1366 3655 1387 3720 ⁰,
1417 3653 1585 3710 testimonia
1612 3669 1803 3728 poponemns,
1828 3654 1852 3714 ot
1872 3663 1896 3708 aa

262 3794 270 3828 ¹
290 3795 397 3851 'lotum
407 3795 486 3850 bunc
497 3793 607 3851 librum
618 3810 668 3850 exe
690 3794 768 3851 imus
779 3794 815 3850 ad
830 3793 900 3866 quin
924 3811 960 3850 ue
975 3811 1047 3851 mss.
1103 3792 1268 3866 Hieronymi
1283 3792 1371 3849 fuerit
1383 3793 1507 3850 ramulus
1522 3798 1550 3851 et
1564 3797 1681 3853 Luscius
1706 3796 1817 3871 quando
1829 3792 1896 3848 haam
1966 3833 1967 3840 ,

227 3864 343 3922 codices
358 3882 366 3921 ε
383 3864 458 3922 duos
471 3865 638 3948 vaticanos,
654 3811 724 3920 olim
744 3865 905 3949 Succorum
946 3866 1047 3939 egine,
1101 3868 1272 3947 Qroealicrrea
1287 3865 1435 3947 llcbmicoa
1448 3865 1604 3932 scribebat,
1621 3842 1753 3925 nondum
1775 3863 1893 3993 egilii?

294 3939 409 3993 notatos
426 3952 557 3994 numeris
567 3937 601 3992 39
611 3941 640 3992 et
648 3937 776 3999 ‘atinum
788 3936 880 3993 aliurn
891 3936 1046 4010 antiquiss.
1102 3953 1172 4010 quia
1186 3939 1257 3993 tunc
1272 3940 1330 3994 tem
1354 3952 1414 3993 oris
1423 3936 1548 3994 Rufloua
1558 3938 1711 4012 presbyter
1722 3937 1790 3996 nibil
1830 3932 1893 3991 asida

222 3951 400 4075 ffiatinum,
428 4009 459 4064 in
484 4008 585 4090 eadem
600 4008 739 4090 Vaticana
767 4007 944 4090 bibliotheca
974 4009 1048 4078 183,
1102 4007 1206 4065 habuit
1234 4023 1301 4064 cum
1330 3953 1436 4088 flierou
1457 4024 1505 4066 mc
1532 4012 1652 4081 propter
1676 4010 1723 4066 Ori
1744 4024 1832 4072 enam.
1855 4000 1893 4084 qni

222 4081 312 4150 atqua
326 4093 419 4135 unum
430 4077 715 4136 Madmlancnsemm
726 4079 922 4135 ambrosiana
937 4079 992 4136 sub
1003 4079 1048 4138 lit·
1101 4079 1197 4136 adbuc
1213 4078 1285 4134 bene
1299 4078 1381 4134 audit
1395 4096 1424 4134 m
1438 4025 1494 4136 {aa
1508 4079 1691 4152 praelatione,
1757 4081 1808 4137 dex
1828 4077 1894 4132 dani·

219 4149 496 4218 teran,num.88;
522 4150 646 4222 denique
671 4153 816 4219 nostrum,
856 4166 943 4221 quem
966 4151 1045 4206 domi
1101 4166 1158 4222 que
1172 4148 1353 4206 corbeiensis
1382 4149 1714 4222 antiquissimusalium
1750 4169 1785 4208 ro
1810 4145 1894 4224 aeleri

226 4235 425 4288 aanrvamus,
442 4237 500 4278 nun
519 4220 604 4276 illum
618 4221 737 4293 quidem
752 4221 957 4276 remotissimas
971 4221 1045 4277 anti·
1101 4219 1291 4284 intellectum,
1306 4217 1377 4304 legit
1391 4221 1470 4276 enim
1486 4239 1493 4278 :
1512 4222 1629 4294 Urpcbct
1651 4239 1712 4280 cam
1727 4169 1818 4279 Barim
1829 4219 1891 4274 lca·

222 4291 354 4363 quitatis,
367 4292 416 4348 sed
433 4292 550 4365 optimae
566 4293 655 4348 ferme
700 4309 746 4354 rea¹
766 4291 876 4348 ceteris
894 4297 978 4348 octa.
996 4294 1040 4348 ln·
1099 4295 1147 4350 nto
1160 4294 1252 4348 norbo
1266 4291 1363 4348 barem
1374 4293 1486 4361 similis,
1500 4297 1558 4349 etc.
1578 4294 1724 4351 marran.

217 4363 358 4418 scribitur
373 4367 470 4418 autem
486 4363 517 4418 in
532 4368 633 4418 nostro
649 4309 697 4418 ad)
700 4362 779 4417 hunc
794 4349 1079 4434 modum:Scptirc-C
1132 4362 1292 4418 ‘Sitnmec
1319 4363 1459 4433 tamasim
1488 4363 1617 4434 Maronis
1644 4381 1762 4426 carmen
1783 4359 1893 4422 axflwt·

215 4435 261 4489 mii
273 4434 386 4490 lametii
399 4435 559 4505 Hieronymi
587 4435 617 4488 in
632 4434 717 4488 libror
745 4435 941 4489 Hebraicorum
965 4434 1043 4503 Qum·
1096 4433 1180 4508 ginis,
1192 4432 1270 4505 quod
1281 4433 1429 4505 integrum
1445 4451 1502 4490 oon
1518 4433 1620 4508 legunt
1630 4443 1739 4494 veteres
1752 4433 1889 4492 editionem

213 4505 336 4560 alionum
350 4507 414 4559 onte
426 4520 455 4560 se
468 4505 607 4561 inauditos
634 4508 691 4560 tom
714 4506 818 4560 Graecia
836 4521 920 4575 pacm
935 4506 1041 4562 latinia
1096 4503 1209 4577 qamvis
1225 4503 1366 4576 scriptum
1382 4505 1497 4578 legatur
1511 4505 1540 4561 in
1556 4522 1628 4563 mss.
1644 4503 1852 4581 exemplaribus,
1866 4499 1890 4551 ul

217 4575 355 4640 omnibns,
370 4575 471 4643 incipit
484 4576 621 4646 prolapus.
639 4575 669 4630 lo
684 4575 798 4647 Regino
813 4574 902 4630 altero
919 4576 1040 4647 :lncipit
1095 4575 1210 4631 anobis
1229 4573 1342 4631 editum
1356 4581 1409 4632 eat.
1426 4576 1566 4634 Murrina.
1821 4594 1825 4599 ’
1878 4579 1882 4587 ’

214 4646 302 4703 breuis
314 4645 453 4702 adnotatio
467 4646 627 4715 Hieronpmi
640 4647 671 4700 ic
686 4644 818 4701 Genesim.
838 4645 984 4719 Praetutia.
1129 4678 1164 4686 —
1178 4645 1242 4702 Non
1257 4662 1292 4702 ex
1306 4647 1464 4719 Georgicis,
1482 4652 1514 4704 ut
1542 4648 1729 4704 Martianaus
1748 4646 1834 4730 putat,
1847 4633 1887 4694 aad

248 4718 330 4789 ⁸Qui
347 4717 544 4774 comediarum
557 4706 695 4788 Protcpca.
712 4715 867 4772 Terentius
883 4718 1039 4789 respondet
1093 4734 1127 4774 ax
1142 4716 1248 4790 ilcloga
1261 4733 1300 4787 vr,
1317 4717 1364 4774 cui
1388 4733 1493 4774 nomen
1523 4719 1649 4789 Silenus,
1677 4717 1786 4791 Virgilii
1804 4723 1886 4790 versut

212 4788 381 4846 maledictis
396 4788 501 4845 veteris
516 4792 606 4915 Scato
622 4787 651 4842 iu
665 4786 788 4870 Prologo
806 4785 929 4855 Andriae,
946 4792 974 4844 et
989 4805 1038 4844 ur·
1092 4788 1140 4844 hic
1156 4792 1210 4844 eat.
1227 4788 1258 4843 lo
1275 4787 1423 4860 plerisque
1437 4795 1535 4845 autem
1552 4807 1624 4848 mss.
1645 4789 1770 4847 Alterum
1791 4789 1814 4842 si
1838 4793 1885 4853 qao

232 4866 389 4918 omentum
417 4862 514 4918 Ccmoe
538 4859 569 4915 ia
599 4859 627 4914 in
656 4874 752 4931 prima
778 4875 866 4914 scena
889 4859 1036 4931 proponit.
1092 4859 1286 4916 desideratur.
1839 4923 1843 4933 ι

242 4947 358 4988 aaaron.
1127 4930 1221 4986 ‘Com
1233 4930 1461 5002 manciparim,
1476 4934 1530 4988 etc.
1546 4931 1685 4988 Nonnulli
1707 4946 1774 4987 mss.
1790 4923 1883 4983 caditat

245 5002 319 5058 ⁸Sic
330 5005 427 5059 lerunt
439 5019 511 5060 mss.
521 4999 614 5058 nostri
625 4998 851 5072 omnesnliique
863 5016 953 5072 penes
963 5000 1037 5058 Mar·
1111 5000 1137 5057 ic
1153 5000 1264 5076 legunt,
1281 5000 1349 5056 Cam
1361 5003 1422 5057 acis
1434 5003 1541 5073 pariter
1569 5004 1670 5061 lactere
1695 5001 1801 5058 diuitiis.
1818 4994 1882 5051 MAR-

210 5070 295 5140 tiam,
310 5078 373 5129 tum
388 5079 472 5131 vetus
495 5074 564 5129 edit.
595 5089 643 5128 an.
673 5071 753 5141 1496,
782 5087 815 5126 ac
839 5072 982 5127 demumi
1005 5088 1036 5127 se
1089 5089 1166 5134 maa.

209 5141 677 5224 llier.a·libi,quietl.omioram·
697 5141 836 5224 amulum
865 5158 952 5198 suum
969 5088 1035 5198 aliis
1120 5143 1225 5200 Noster
1241 5159 1295 5199 ms.
1319 5141 1386 5198 Cam
1415 5143 1523 5215 mundi,
1553 5145 1596 5201 uel
1622 5161 1693 5217 cam,
1718 5144 1773 5199 aaa
1795 5135 1881 5210 porca

210 5225 241 5266 ru
266 5209 338 5267 locis
367 5231 400 5268 co
423 5215 565 5272 nominet.
595 5217 729 5271 Martrao.
759 5213 808 5269 elii
833 5229 868 5268 ue
896 5213 1033 5282 editores,
1090 5213 1321 5271 babercdioitiis.
1861 5267 1865 5280 ,

210 5281 352 5340 Malaios.
369 5231 433 5339 Viffi.
451 5284 561 5367 prolog.
578 5285 706 5367 Terentii
719 5285 726 5339 i
732 5303 748 5339 n
764 5231 908 5366 Andriam.
1124 5286 1135 5320 ⁶
1148 5284 1229 5341 Alter
1242 5285 1364 5366 Reginae·
1374 5301 1428 5340 ms.
1446 5286 1538 5342 terme
1553 5273 1877 5362 concameraret*
1901 5332 1906 5340 .

246 5381 280 5434 7-
291 5356 404 5408 Laiscms
413 5355 553 5410 Lauinam.
566 5356 597 5410 ln
609 5355 720 5428 aliquot
730 5355 944 5427 exemplaribus
960 5372 1031 5410 mss.
1089 5372 1136 5416 no,
1153 5361 1181 5410 et
1194 5360 1281 5412 veteri
1297 5355 1432 5425 editione,
1449 5357 1526 5427 Apud
1538 5362 1642 5415 nostros
1654 5360 1724 5424 suot,
1737 5355 1876 5408 testimom-

209 5423 336 5495 legimus
359 5424 458 5479 lucius
474 5427 617 5496 lcruirma,
633 5427 675 5482 vel
693 5429 845 5496 arinulam,
864 5427 1032 5483 Lanuvinus.
1088 5429 1138 5481 nio
1151 5443 1200 5498 pro
1221 5443 1341 5492 caremus,
1357 5444 1392 5484 eo
1418 5429 1563 5485 collat-ione
1591 5445 1684 5486 aeram
1710 5439 1763 5496 qaae
1779 5427 1875 5496 iiim?

208 5493 293 5569 Apud
310 5495 794 5577 {inanimaticos'scriplcrosvetus
810 5497 1033 5570 poetaaemulus
1088 5501 1168 5552 tur...
1197 5445 1308 5569 (noster
1342 5499 1535 5571 sepiantur)...
1570 5505 1618 5558 cat
1654 5500 1730 5555 older
1754 5492 1793 5568 ait,
1814 5481 1888 5568 radr-¹

108 5585 112 5598 ¹
209 5567 335 5625 Terentii
350 5566 457 5622 dicitur
471 5569 581 5633 Lamia,
613 5584 670 5622 non
700 5568 823 5624 Luscius.
848 5567 919 5633 Onia
934 5573 1032 5626 autem
1085 5570 1187 5625 matie.
1861 5571 1865 5576 '
