4100 6156
156 307 215 382 008
687 315 897 384 ADVERSUS
919 313 1161 384 somniabunt
1184 315 1258 383 nis.
1281 313 1320 384 li.
1794 301 1863 382 ³00

157 449 335 524 meimet
359 449 459 510 iterim
486 449 583 526 reticio
613 449 703 510 emdit
730 453 875 526 sapientiae
898 455 981 510 aaa·
994 453 1022 521 A
1036 456 1065 511 et
1080 456 1193 510 stercus
1208 452 1273 525 sJua
1288 455 1316 510 et
1331 467 1438 510 eanum
1453 449 1572 526 putrida
1584 455 1669 512 curat
1680 447 1811 512 vulnera.
1820 447 1861 512 dt

157 541 268 598 amon.
286 542 402 615 Epicuri
415 545 548 599 rmumtin
560 543 702 600 damnata.
718 573 753 584 -
776 543 889 615 Sequar
911 559 980 616 ergo
1033 543 1122 615 (quod
1138 543 1259 598 torsitan
1275 543 1432 616 legendnm
1450 541 1558 600 mirum
1569 543 1856 615 sitlhorninistimus

155 630 278 704 mtigia
302 631 511 704 propositionis
534 633 609 690 ⁸8¹
650 632 818 706 exposita:
848 637 876 688 et
900 637 979 688 aute-
1034 633 1153 704 quantis
1194 631 1394 689 curationibus
1436 632 1578 704 protlciat,
1608 631 1736 690 Galenus
1765 640 1790 689 tr
1821 639 1857 690 ά·

156 735 249 792 quam
268 721 302 777 ed
326 721 493 793 Scripturas
519 720 645 790 veniam,
673 723 852 794 doceamque
874 739 908 779 ex
937 721 980 776 eis
1032 729 1101 785 πλοῖς
1132 721 1226 789 docet,
1261 721 1351 777 Aiunt
1385 723 1462 778 882
1495 721 1622 794 Physici,
1657 722 1734 793 quod
1766 721 1853 795 pellis

155 807 218 866 neo
234 810 449 882 grstajejunia,
473 814 503 865 et
526 810 734 884 acceptabilem
758 810 978 878 continentiam,
1034 809 1155 878 colubri,
1173 827 1231 883 qua
1245 811 1371 881 exuitur,
1392 812 1511 867 decocta
1533 811 1562 866 in
1588 809 1660 876 oleo,
1687 810 1760 867 mire
1774 808 1855 868 dolo·

157 897 338 972 argumentis
366 898 611 971 pbilosophorum
650 905 824 974 argumenta
861 917 979 973 compo·
1033 915 1095 954 ram
1110 899 1226 954 aurium
1243 899 1366 972 mitiget.
1383 899 1458 967 Quid
1473 900 1514 956 ita
1533 899 1638 956 inutile
1664 897 1779 955 videtur
1802 915 1856 956 ne·

159 1003 258 1044 nam:
279 991 307 1043 et
329 987 471 1060 probabo,
493 1003 551 1044 non
575 988 761 1062 Empedoclis
784 994 813 1045 et
838 989 979 1063 Pythago·
1034 987 1195 1044 scientibus
1210 991 1242 1043 ut
1256 988 1375 1044 cimices
1389 989 1404 1044 ‘t
1418 989 1448 1045 si
1463 989 1643 1062 sanguisuga
1654 987 1788 1044 faucibus
1801 985 1859 1044 he·

153 1092 264 1133 rennos
289 1077 396 1147 dogma
424 1077 620 1149 sectari,·qui
650 1083 767 1150 propter
795 1077 978 1154 μετεμψόχω-
1033 1078 1114 1144 serit,
1132 1077 1726 1151 tumnejusexcepto,statimevcmitur:
1746 1076 1860 1134 etdil'd-

150 1166 394 1238 cwomnequod
431 1169 564 1222 movetur
591 1170 619 1221 et
647 1166 718 1222 vivit
745 1169 892 1224 edendum
921 1184 980 1224 non
1033 1166 1115 1223 aulas
1131 1167 1222 1222 urinae
1238 1166 1328 1239 hujus
1343 1167 1527 1240 appositione
1548 1166 1674 1223 laxatur.
1699 1171 1858 1224 Parcarum

150 1257 272 1327 putant,
287 1257 317 1310 st
330 1254 465 1326 ejusdem
485 1255 619 1312 criminis
639 1272 703 1312 reos
726 1256 906 1313 arbitrantur
929 1256 979 1330 qui
1034 1260 1142 1323 autem,
1160 1261 1188 1311 et
1202 1263 1383 1324 anserum,at
1395 1255 1860 1329 gallinarum,phasianonumque

149 1343 281 1400 abietem
310 1357 510 1416 quercumque
533 1343 721 1410 succiderint,
735 1347 818 1418 cujus
829 1345 979 1418 parricidae
1034 1344 1135 1416 adipes
1148 1344 1218 1416 qnid
1234 1345 1380 1401 commodi
1396 1344 1533 1414 habeant,
1549 1361 1652 1401 omnes
1674 1344 1857 1402 medicorum

149 1435 225 1488 sunl
238 1434 268 1488 st
281 1431 402 1487 venehoi
420 1431 491 1488 :aed
507 1433 637 1489 venerari
649 1433 828 1489 conditorem
845 1438 978 1490 nostrum
1034 1431 1184 1488 declarant
1199 1431 1265 1489 libri
1283 1449 1289 1488 :
1307 1450 1383 1506 quos
1398 1434 1451 1506 (lt.
1469 1433 1556 1506 quod)
1572 1434 1597 1490 si
1612 1433 1729 1506 legeris,
1744 1433 1858 1494 videbis

150 1521 251 1592 quiin
265 1535 342 1576 osus
356 1519 510 1576 hominum
527 1524 632 1578 cuncte
658 1523 765 1578 creavit
782 1521 839 1596 [dl.
858 1539 979 1594 genera·
1034 1524 1077 1578 tot
1092 1521 1257 1578 curationes
1267 1537 1332 1578 esse
1347 1522 1375 1576 in
1392 1521 1508 1579 vulture
1523 1525 1595 1594 quot
1619 1523 1753 1579 membra
1777 1525 1858 1580 sunt.

150 1607 214 1681 vit).
232 1607 431 1680 litquomodo
445 1609 499 1665 bos
514 1609 550 1665 ad
572 1610 727 1677 arandum,
753 1627 848 1682 equus
872 1612 908 1667 ad
934 1626 978 1666 se·
1033 1611 1100 1666 Pavi
1116 1611 1205 1666 hmus
1220 1611 1354 1683 podagre
1373 1611 1514 1667 terrorem
1539 1611 1663 1683 mitigat.
1690 1611 1782 1667 Grues
1806 1609 1861 1681 (At.

150 1697 297 1766 dandum,
317 1698 661 1770 conesadsarvendum,
677 1701 818 1772 osprand
834 1699 889 1772 lae,
911 1715 979 1756 oves
1033 1699 1139 1772 gruis),
1165 1699 1294 1766 eicientes,
1325 1697 1362 1754 tel
1400 1698 1515 1772 aquila,
1545 1699 1667 1774 sanguis
1700 1699 1860 1773 accipitris,

151 1787 190 1844 ad
205 1786 310 1843 lanitia
323 1785 448 1842 condite
464 1790 535 1842 sunt
551 1803 558 1841 ι
575 1785 616 1843 ita
628 1805 696 1845 sues
711 1793 740 1845 et
752 1805 863 1857 cervos,
885 1793 914 1844 et
927 1805 977 1845 ca·
1033 1787 1301 1856 struthiocamelus,
1320 1805 1407 1856 rane,
1424 1787 1662 1858 chameleontes,
1685 1787 1856 1845 hirundinis

150 1891 241 1950 praes
254 1879 285 1931 et
302 1874 418 1947 lepores
433 1876 454 1945 ¹,
470 1879 499 1931 et
511 1879 616 1932 caetera
632 1892 639 1933 :
655 1877 706 1932 sed
731 1876 783 1932 illa
799 1893 856 1932 non
878 1877 978 1934 statim
1035 1879 1157 1944 stercus,
1175 1880 1203 1932 et
1217 1892 1330 1944 carnes,
1348 1877 1456 1950 quibus
1471 1877 1582 1933 morbis
1602 1887 1678 1950 apim
1693 1876 1764 1946 sint,
1780 1876 1859 1934 dioe-

151 1965 190 2022 sd
204 1964 420 2022 comedendum
436 1967 533 2020 creata
547 1980 622 2033 esse,
639 1967 689 2022 sed
705 1963 735 2021 in
751 1964 824 2022 alios
840 1983 912 2022 usus
926 1967 979 2022 ho·
1035 1963 1136 2033 rsm,si
1148 1962 1218 2020 mihi
1229 1965 1412 2038 propositum
1427 1969 1505 2022 esset
1519 1965 1555 2023 de
1571 1966 1685 2023 medela
1699 1981 1856 2038 corporum

154 2051 422 2109 minumffieoim
445 2068 531 2109 omne
554 2054 782 2125 quodmovetur
805 2059 833 2110 ct
857 2055 979 2110 vivitod
1034 2053 1194 2127 disputare.
1226 2055 1314 2127 Legat
1342 2055 1392 2126 qui
1427 2055 1490 2111 vult
1524 2055 1680 2112 Aristolem
1709 2059 1738 2114 et
1764 2055 1859 2114 Theo·

156 2139 333 2198 vescendum
347 2139 457 2198 lactum
473 2145 527 2209 est,
550 2145 579 2198 et
603 2145 799 2215 preparatum
826 2142 910 2216 gulsa,
936 2159 979 2199 re·

157 2229 325 2302 spondeant
338 2228 410 2285 mibi
434 2245 486 2286 cur
510 2230 669 2302 elepnanti‚
695 2247 748 2287 cur
770 2231 880 2298 leones,
907 2231 980 2296 ursi,

152 2317 299 2391 leopardi,
320 2317 380 2390 lupi
396 2336 404 2386 ;
420 2317 602 2392 corripere,
620 2319 737 2392 scorpii,
756 2321 885 2388 cimices,
907 2320 980 2376 culi·

1034 2143 1190 2216 phrastum
1206 2159 1306 2215 prosa,
1321 2143 1490 2200 Marcellum
1506 2143 1635 2201 Sidetem
1650 2145 1672 2213 ⁴,
1683 2148 1713 2202 et
1727 2149 1862 2202 nostrum

1034 2231 1163 2287 Flavium
1180 2231 1501 2288 hexametrisversibus
1512 2231 1690 2289 disserentes
1707 2249 1714 2288 ε
1730 2232 1861 2290 Plinium

1034 2335 1152 2392 quoque
1174 2321 1352 2385 Secundum,
1388 2324 1417 2375 et
1444 2320 1655 2390 Dioscoridem‚
1684 2325 1713 2376 et
1740 2324 1860 2379 ceteros

153 2422 216 2472 ces,
232 2405 422 2480 pulicesque;
437 2422 491 2462 our
508 2406 618 2476 vultur,
635 2408 744 2480 aquila,
769 2425 883 2477 corvus,
905 2409 979 2464 aeci·
1035 2413 1095 2464 tam
1112 2407 1249 2481 physicos
1266 2425 1354 2481 quam
1370 2409 1508 2476 medicos,
1525 2409 1575 2482 qui
1591 2409 1703 2465 nullam
1725 2409 1861 2477 herbam,

153 2495 231 2568 piter
246 2511 255 2563 ;
270 2511 325 2550 car
339 2495 405 2559 ceti,
426 2494 702 2569 delphines,pboose,
731 2497 910 2569 minuteque
933 2515 980 2553 co·
1035 2496 1150 2553 nultum
1167 2496 1306 2568 lapidem,
1324 2497 1439 2554 nullum
1455 2497 1565 2555 animal
1580 2501 1640 2554 tam
1652 2497 1859 2571 reptilc,quam

154 2583 275 2641 ebleolae
290 2584 415 2640 condite
431 2583 499 2640 sint.
521 2584 592 2651 Quis
620 2590 754 2642 nostrum
778 2584 903 2653 leonem,
928 2587 980 2659 qui
1034 2585 1161 2654 volatile,
1178 2589 1208 2642 et
1223 2585 1352 2654 natatile,
1377 2604 1437 2643 non
1462 2587 1498 2643 ad
1524 2603 1583 2642 suo
1606 2587 1678 2643 artis
1702 2585 1862 2644 utilitatem

153 2673 299 2746 viperam,
313 2671 365 2743 qui
378 2670 535 2742 vulturem,
553 2673 620 2746 quis
644 2675 798 2742 ciconiam,
822 2674 889 2747 quis
915 2674 979 2731 mil·
1035 2675 1173 2731 raserunt.
1205 2675 1308 2748 Igitur,
1338 2691 1404 2732 cnm
1437 2675 1509 2732 mihi
1537 2675 1646 2732 dixeris
1672 2692 1726 2732 our
1752 2691 1860 2749 porcus

155 2777 238 2829 vam,
253 2759 323 2834 quis
340 2765 488 2832 reptantes
503 2762 533 2817 in
553 2761 702 2819 littoribus
725 2763 900 2822 vermiculos
924 2781 980 2819 un·
1034 2767 1149 2820 creatus
1178 2768 1231 2830 est,
1260 2763 1358 2821 statim
1389 2765 1443 2821 tihi
1473 2765 1665 2838 respondebo,
1699 2777 1859 2837 puerorum

154 2866 245 2924 qnam
257 2849 461 2923 comeditttrlt.
486 2851 781 2924 comederitl‘tsicut
807 2853 898 2925 igitur
921 2853 981 2908 haec
1035 2854 1317 2922 moreocrtaotium,
1348 2869 1400 2910 cur
1428 2854 1544 2926 vipera,
1572 2869 1625 2909 our
1651 2853 1769 2926 scorpii.
1800 2854 1859 2910 Neo

153 2939 292 3014 proprios
305 2955 378 2994 usus
395 2939 512 3008 habent,
528 2940 569 2996 ita
588 2957 747 3014 possumus
773 2941 868 2999 dicere
884 2946 912 2998 et
926 2959 980 2998 cee-
1036 2943 1127 2997 Deum
1139 2941 1354 3014 superfluorum
1367 2942 1516 3013 judicabis
1532 2942 1686 3008 artificem,
1701 2941 1771 3014 qnia
1793 2941 1861 3014 plu·

153 3033 233 3088 oras
251 3027 374 3096 bestias,
397 3027 492 3100 pisces
515 3031 536 3098 ¹,
553 3047 620 3086 aves
644 3047 701 3086 non
728 3031 764 3087 ad
781 3031 929 3096 ceumaco
945 3032 980 3088 ad
1035 3029 1115 3086 rime
1130 3033 1159 3086 et
1173 3031 1272 3086 bastire
1288 3036 1315 3087 et
1330 3029 1462 3087 volucres
1488 3033 1559 3087 suni
1582 3047 1656 3102 quas
1677 3034 1735 3086 tua
1760 3031 1860 3087 lauces

155 3117 332 3174 medicinam
347 3123 471 3174 creatas.
488 3119 619 3192 lienique
638 3135 741 3176 carnes
765 3121 879 3191 viperae,
904 3120 980 3176 uude

1035 3123 1179 3176 recusent.
1196 3119 1251 3175 Sed
1266 3135 1301 3174 ne
1317 3121 1532 3176 contentiosum
1544 3119 1610 3186 hoc,
1619 3121 1648 3175 et
1661 3135 1781 3192 pugnax
1795 3135 1859 3176 ma·

152 3206 286 3264 &emeca
300 3206 606 3278 conficimur,qusntis
618 3208 705 3264 rebus
715 3213 787 3280 aptae
799 3197 1016 3276 sint,noruntC
1034 3208 1080 3281 gis
1094 3207 1228 3263 videatur
1243 3223 1307 3263 esse
1323 3223 1410 3281 quam
1427 3224 1539 3274 verum,
1556 3208 1624 3263 audi
1643 3207 1751 3264 idcireo
1775 3223 1856 3278 sues,

153 3295 273 3354 medici.
289 3295 447 3368 Segments
461 3294 556 3352 eboris
572 3297 602 3352 in
619 3296 748 3354 medelas
761 3299 772 3332 ³
787 3297 883 3353 varias
895 3315 978 3354 assu·

154 3388 289 3442 muniar.
304 3384 351 3440 i'et
366 3383 474 3458 hyena
489 3384 641 3442 oculorum
658 3385 786 3443 restituit
806 3386 978 3454 claritatem,

154 3493 219 3566 illos
229 3509 370 3580 jejuniam
389 3511 483 3580 panis,
507 3512 610 3582 rapina
632 3513 760 3567 numiam
782 3516 977 3582 compensetur.

156 3579 228 3633 vid.
243 3579 359 3649 quesibi
380 3580 502 3707 iustpper
525 3588 710 3639 annotamus.
738 3583 852 3638 Cossum
870 3584 977 3638 matris.

459 3670 467 3707 ι

160 3649 263 3708 Gossis
276 3651 421 3706 vermiculi
470 3654 638 3725 cuntur,qui
655 3654 809 3710 roboribus
824 3653 980 3710 innascun-

158 3727 221 3778 tur.
236 3719 297 3776 lios
311 3719 378 3778 otim
394 3723 424 3778 in
438 3723 550 3781 deliciis
565 3725 682 3782 habitos
706 3728 832 3782 testatur
855 3725 978 3781 Plinius.

1033 3302 1061 3352 et
1076 3313 1172 3368 apros,
1189 3302 1217 3352 et
1231 3313 1340 3366 cervos,
1357 3301 1385 3354 et
1400 3296 1529 3369 reliquas
1554 3297 1718 3354 animantes
1742 3299 1855 3354 creatas

1033 3390 1066 3442 ut
1081 3384 1199 3453 milites,
1216 3390 1244 3441 et
1259 3386 1375 3443 athleta
1387 3387 1407 3455 ⁵,
1425 3390 1530 3456 nautae,
1554 3386 1695 3455 rhetores,
1720 3384 1855 3444 metallo·

1033 3509 1128 3566 bueus
1147 3512 1268 3566 sectores.
1290 3511 1412 3567 Gravius
1438 3515 1536 3567 autem
1564 3509 1594 3566 in
1622 3509 1701 3566 notis
1729 3509 1792 3566 suis
1819 3509 1857 3566 ad

1033 3580 1113 3636 bunc
1129 3579 1236 3647 locum,
1252 3583 1294 3636 ita
1315 3581 1458 3639 disserere
1485 3581 1596 3637 voluit:
1613 3581 1708 3638 Nautes
1736 3580 1856 3638 rethores

1034 3658 1088 3707 etc.
1116 3653 1221 3723 lugens
1246 3654 1397 3719 mendum,
1426 3654 1533 3724 inquit.
1565 3651 1641 3723 qnod
1675 3651 1796 3724 irrepsit
1826 3651 1857 3707 iu

1033 3723 1221 3804 exemplaria,
1248 3724 1359 3805 corrige
1377 3724 1477 3795 legens
1493 3741 1500 3778 ε
1517 3731 1642 3779 vectores.
1673 3723 1716 3778 lta
1739 3737 1862 3795 quoque

156 3795 190 3852 tn
204 3792 298 3850 Ponto
312 3799 341 3850 et
356 3794 481 3868 Phrygia
496 3812 547 3852 eos
570 3796 743 3865 comedisse,
768 3794 884 3852 luxuria
907 3802 981 3864 erat,

156 3869 189 3922 ot
204 3865 341 3922 observat
355 3865 432 3921 inira
447 3866 650 3940 Hieronymus.
675 3868 720 3922 Ab
745 3867 790 3924 his
814 3867 980 3923 vermiculis

156 3935 325 3994 sacerdotes
339 3937 454 4018 Cybelis
473 3938 574 3994 Matris
596 3939 684 3994 deum
709 3938 894 3995 abstinebant
910 3939 980 3994 ridi·

156 4007 222 4066 cula
236 4007 457 4080 superstitione,
474 4010 558 4081 quasi
570 4008 612 4064 illi
628 4013 727 4065 essent
742 4010 828 4066 seori.
1035 4005 1131 4064 Grovii
1146 3953 1233 4062 fiuent
1256 4007 1342 4063 nobis
1365 4009 1498 4064 codicum
1522 4025 1595 4064 mss.
1621 4006 1788 4064 auctoritati
1811 4007 1858 4062 in-

562 4121 569 4136 .
750 4081 890 4136 hlasana.
1036 4079 1155 4145 herere,
1173 4095 1206 4133 ac
1219 4077 1371 4134 lectionem
1390 4079 1501 4134 Erasmi
1517 4078 1682 4147 defendere,
1699 4076 1858 4136 cumillam

190 4148 405 4207 ¹Gisteroisns.
431 4167 497 4206 cum
522 4151 711 4208 Casanatensi
727 4169 799 4208 mss.
825 4154 858 4207 Et
879 4156 982 4209 caetera
1035 4149 1219 4206 retinendam
1234 4150 1335 4206 doceat
1350 4154 1500 4206 contextus
1515 4151 1578 4222 ipse
1600 4149 1857 4222 Hieronymianus.

156 4219 837 4350 ὴιιξυᾲνηιοιξηιίἶιεἱαίίηιιιά,ἓιηηεάεηόιιῖη,εἱιο.Ι
872 4294 922 4349 Μ
1035 4221 1253 4348 ἓιὶθοίιῦεαηιοωε
1270 4222 1489 4347 doctortsueip,t
1507 4228 1535 4276 st
1550 4224 1721 4347 simliter}
1745 4235 1858 4346 0ἱὶᾮοιέ

157 4307 354 4446 maffia?
374 4309 548 4350 esexomm
573 4310 723 4351 ὓδωρ
751 4310 869 4350 vem
893 4310 982 4349 none
1036 4368 1065 4445 et
1083 4309 1233 4430 ἷὴέιθοῖἕέ,
1252 4308 1523 4446 esrii‘i’tal'iortixrlntineas
1553 4309 1678 4444 iussisses
1714 4331 1858 4445 baberent

190 4431 295 4490 *alm
312 4437 679 4506 erataarinmprovorios.
706 4435 772 4491 Mox
798 4436 904 4507 Aprile
950 4451 981 4491 ro
1036 4434 1138 4503 cibos3
1163 4440 1264 4508 postea
1286 4435 1376 4503 addit,
1405 4437 1482 4507 quod
1512 4433 1622 4491 cuhbet
1648 4437 1792 4500 convenit,
1825 4448 1857 4490 m

155 4505 284 4579 hym,
300 4506 379 4578 quod
395 4506 519 4564 Gravius
548 4509 660 4580 probat.
683 4507 755 4563 Vide
776 4506 905 4563 Plinium
929 4451 980 4562 fib.
1033 4505 1580 4578 pcrtnntcrmnidestmilites:quip
1620 4512 1661 4560 nrt
1683 4508 1709 4562 et
1733 4505 1805 4562 calci

154 4593 235 4646 xxix,
262 4593 287 4634 c.
317 4577 336 4634 6
363 4582 371 4624 t
401 4577 599 4635 Dioscoridem
628 4595 755 4651 quoque,
777 4582 811 4634 et
838 4563 1528 4649 GalacumDsmrnorporodebilitant;bisunt
1548 4523 1684 4633 allifete:
1718 4577 1749 4633 ai
1773 4591 1861 4634 mmm

153 4649 184 4710 iu
197 4643 331 4715 Ἀπλοῖς,
349 4647 380 4704 id
396 4654 440 4705 est
455 4649 490 4704 de
506 4649 682 4722 simplicium
701 4648 981 4705 medicamentorum
1037 4648 1532 4720 trabunt,idestnautae:quorum
1557 4649 1648 4704 latera
1735 4648 1860 4702 cloman-

156 4724 275 4789 natura,
295 4719 435 4792 equibus
450 4721 661 4777 isthaeoomnia
677 4721 766 4776 terme
781 4720 958 4796 delibantur.
1037 4717 1102 4773 darn
1114 4719 1311 4790 dicendumque
1327 4725 1392 4776 rant
1420 4721 1525 4783 ualido,
1551 4719 1580 4775 id
1610 4723 1655 4774 est
1683 4718 1834 4774 rhetorum
1850 4732 1858 4770 ι

191 4791 391 4847 *Etnoatmm
409 4791 579 4848 Flammam.
612 4797 651 4848 De
675 4792 776 4848 eodem
801 4791 896 4848 Flavio
923 4793 983 4845 haec
1037 4791 1390 4861 qaisabucrtuntmontes,
1415 4792 1528 4848 bocest
1556 4788 1741 4846 metallorum
1764 4789 1858 4844 loeso-

155 4861 246 4918 babet
260 4860 336 4918 libro
350 4862 487 4919 Virorum
501 4862 664 4919 illustrium
682 4863 709 4919 in
730 4863 876 4918 Firmisno
894 4881 900 4918 :
922 4864 982 4919 Fir·
1038 4877 1094 4916 res.
1112 4861 1269 4932 Subiungit
1283 4861 1361 4916 idem
1377 4862 1571 4933 Hieronymus
1587 4877 1593 4914 :
1610 4863 1747 4916 ceteram
1760 4861 1857 4914 nostra

155 4933 280 4999 asianus,
314 4935 364 5004 qni
394 4943 419 4990 et
450 4937 621 4990 lactantius.
640 4977 646 4988 .
665 4978 696 4990 ..
731 4939 783 4990 aab
814 4935 983 4990 deocletiano
1037 4933 1146 5001 religio,
1161 4948 1216 4987 non
1230 4930 1347 5000 πύκτην,
1362 4949 1418 4988 aon
1441 4933 1585 4996 athletam,
1601 4946 1656 4984 non
1677 4931 1785 4997 nanim,
1801 4945 1860 4986 non

154 5003 286 5076 principe
299 5007 403 5062 aceitm
426 5022 489 5061 cirin
513 5005 609 5062 Flauio
637 5005 828 5060 Grammatico.
853 5006 930 5076 cujas
952 5005 983 5059 de
1037 5004 1149 5070 milites,
1174 5020 1231 5060 non
1255 5009 1369 5072 sessores
1393 5022 1399 5070 ;
1426 5003 1472 5058 aad
1497 5003 1643 5072 sapientie
1663 4998 1755 5056 cnidii
1777 5007 1861 5057 secta-

155 5075 371 5132 medieinalibns
399 5093 477 5132 cerm
509 5079 650 5149 compositi
687 5084 782 5131 entant
821 5073 898 5142 libri,
926 5081 981 5130 etc.
1038 5079 1121 5130 torem
1152 5079 1206 5132 etc.
1237 5075 1322 5130 Gerte
1347 5073 1372 5129 si
1410 5078 1495 5128 antea
1522 5071 1643 5143 legisset
1667 5073 1781 5127 sectores
1811 5074 1862 5127 aut

157 5146 595 5205 Mannum-Grammaticnm
616 5147 756 5220 intellige,
782 5146 860 5214 cuites
883 5146 984 5201 ‹leme-
1037 5150 1177 5211 vectores,
1207 5144 1255 5201 hio
1282 5145 1417 5200 diceret:
1443 5151 1535 5200 nostro
1558 5142 1657 5214 religio
1683 5158 1740 5198 non
1771 5143 1862 5200 eradit

155 5217 328 5276 matites
358 5234 436 5276 uersu
462 5222 623 5292 compositos
660 5221 768 5274 exstare
806 5215 892 5272 libros
921 5217 984 5288 ipse
1037 5221 1154 5272 vectores
1169 5223 1219 5272 aut
1234 5221 1350 5272 aratores
1366 5215 1439 5270 :sed
1468 5214 1536 5287 quia
1563 5213 1742 5296 Christianos
1766 5213 1864 5272 erudit

156 5292 286 5348 stamine
300 5289 330 5344 in
344 5291 441 5347 catelo
463 5309 490 5358 o,
505 5307 530 5347 c.
546 5291 591 5345 80.
608 5291 684 5346 Sunt
714 5288 983 5344 uibunceumdem
1038 5289 1199 5343 rhetoreset
1219 5292 1360 5354 oratores,
1389 5286 1464 5368 hano
1491 5289 1728 5366 vocemnmmrt,
1759 5289 1863 5343 cetera

156 5363 420 5433 esseputeutoum
439 5307 535 5418 Ιξὶενίο
552 5307 801 5433 Capr0313iised
818 5375 982 5432 perperam,
1039 5359 1179 5428 abjiciens
1208 5357 1337 5414 nomina.
1369 5357 1564 5413 helinandum
1599 5363 1699 5429 itaque
1736 5358 1862 5414 verbum

155 5433 298 5488 Feminam
314 5449 366 5504 pro
386 5435 512 5490 Flavium
534 5433 637 5504 legunt
653 5431 889 5498 ;Gasanatensis,
921 5432 982 5486 Flu·
1038 5431 1158 5486 rhetores
1174 5447 1181 5494 ;
1197 5430 1226 5484 id
1242 5431 1320 5485 enim
1336 5435 1460 5500 prepter
1471 5430 1535 5498 jam
1549 5426 1747 5493 diota,suadet
1759 5429 1860 5487 Cicero

155 5520 236 5563 enm.
1040 5500 1075 5555 de
1104 5503 1288 5556 Senectute:
1315 5501 1412 5568 lepem
1450 5499 1603 5561 Voconium.
1629 5499 1736 5573 inquit,
1761 5515 1864 5572 mopna

1034 3794 1098 3866 lege
1112 3794 1163 3850 lib.
1179 3813 1198 3877 n
1214 3794 1244 3849 in
1260 3794 1430 3920 Pelagianos
1446 3812 1453 3849 :
1470 3796 1632 3867 toquentur
1654 3799 1749 3876 nautae
1772 3797 1856 3877 atque

1033 3874 1162 3932 vectores,
1191 3883 1220 3919 m
1254 3867 1324 3922 Erec
1350 3909 1356 3922 .
1390 3883 1471 3933 xv11;
1506 3867 1560 3922 hos
1606 3865 1680 3921 duos
1721 3863 1857 3922 similiter

1035 3936 1142 4007 conjun
1168 3935 1189 3990 it
1203 3941 1232 3992 et
1247 3936 1276 3992 in
1292 3936 1394 3993 Matth.
1406 3953 1463 4008 xiv,
1480 3941 1535 3993 etc.
1552 3939 1589 3992 At
1602 3951 1673 4009 pace
1693 3935 1813 3992 Mariani
1829 3939 1860 3992 et

190 5575 319 5634 ‘naam
333 5575 462 5632 rhetores.
479 5575 599 5632 Foedum
623 5590 751 5631 errorem
775 5576 858 5646 putat
881 5571 984 5629 Maria·

157 5662 215 5708 m
236 5643 345 5720 legere,
373 5653 467 5705 nautae
492 5649 638 5706 rhetores:
655 5663 707 5720 pro
738 5644 905 5702 rhetoribus
932 5642 984 5700 tri·

1038 5571 1370 5628 ooceetbcnislateribna
1394 5574 1548 5629 suasissem
1571 5571 1683 5630 Ibidem
1707 5571 1767 5628 bac
1789 5571 1862 5628 dell·

1039 5642 1099 5698 nite
1114 5641 1245 5714 loquitur
1261 5661 1267 5700 :
1284 5643 1317 5699 lit
1330 5644 1355 5701 ai
1368 5646 1444 5700 caim
1457 5658 1559 5700 manua
1573 5658 1629 5700 noa
1642 5643 1750 5714 ingenii
1762 5643 1863 5710 aotam,
