4072 6164
118 267 200 334 813.
738 267 772 334 S.
796 267 954 334 EUSEBll
974 267 1209 334 sinuentur.
1762 267 1824 332 811

119 408 222 468 vocat.
239 393 361 463 Exinde
375 396 506 463 veniunt
520 401 590 464 duae
606 404 637 464 in
653 403 807 467 Canticum
836 393 1019 466 curaticorum
1033 405 1185 479 Homilicc,
1208 423 1286 483 quas
1301 422 1339 465 ex
1364 403 1505 482 Origenis
1527 407 1633 467 Graeco
1649 404 1824 465 1111111111-

119 500 262 582 plicavit,
280 517 404 561 summa
418 500 553 562 illlectus
566 503 811 564 elucubrationis
821 502 888 582 ejus
901 504 1066 582 elegantia,
1080 509 1112 564 ut
1127 505 1229 564 dicere
1242 521 1305 564 non
1320 503 1480 573 dubitarit,
1494 503 1577 581 quod
1591 522 1661 563 eum
1677 502 1824 580 Origenes

116 599 148 660 in
170 598 296 660 caeteris
309 597 398 658 libris
413 599 650 674 omnesvicerit,
668 601 1116 679 110111111111111111111111111
1131 621 1162 662 se
1177 601 1296 662 vicerit.
1313 603 1411 678 Atque
1428 600 1639 679 haecquidem,
1657 620 1726 678 quaa
1742 599 1825 678 prio-

121 713 189 758 rem
206 694 298 778 quasi
312 701 433 774 partem
449 694 579 774 hujusce
595 696 672 757 tomi
695 697 831 776 explent,
848 699 984 777 genuina
1000 702 1030 760 S.
1058 699 1198 759 Doctoris
1223 698 1415 758 monimenta
1431 704 1513 770 sunt,
1541 715 1611 776 qum
1641 715 1713 757 mss.
1730 697 1825 757 edito·
1882 731 1886 736 =

118 813 256 874 rumque
272 793 427 854 librorum
443 794 582 855 subsidio
598 795 668 856 dedi
683 815 826 874 opuram,
844 801 877 856 ut
892 797 930 856 ab
955 797 1137 869 innumeris,
1155 797 1253 875 iisque
1278 795 1456 856 fundissimis
1477 796 1599 856 mendis
1612 811 1824 872 repurgarem,

121 891 321 972 pristinoque
335 908 393 951 suo
408 891 513 964 nitori,
529 894 632 971 quoad
648 892 714 972 ejus
728 895 794 954 tieri
810 899 923 973 posset,
939 895 1144 955 restituerem.
1892 885 1897 892 ’

166 989 328 1068 Reliquum
343 993 402 1059 est,
419 993 452 1048 ut
468 990 614 1068 adquam
630 992 752 1071 singula
781 1012 897 1053 annum
914 994 1074 1054 reserenda
1090 993 1160 1066 sint,
1187 1010 1342 1054 moneam.
1373 995 1473 1070 Atque
1489 991 1638 1053 Homilias
1655 990 1780 1069 quidem
1794 988 1827 1049 in

120 1089 285 1150 Canticum
301 1085 496 1148 canticorum
512 1093 547 1148 ut
571 1091 610 1150 ab
625 1089 674 1149 his
693 1090 852 1170 incipiam,
869 1110 938 1170 qum
963 1091 1114 1152 1111111111
1140 1091 1273 1168 longiori
1288 1091 1405 1151 distant
1428 1089 1603 1164 intervallo,
1624 1109 1661 1149 ex
1676 1107 1724 1160 eo,
1742 1085 1826 1167 quod

116 1186 260 1266 proxime
276 1191 347 1245 ante
357 1184 473 1245 librum
505 1191 613 1248 contra
624 1187 801 1249 Helvidium
811 1189 843 1249 in
860 1190 1008 1268 Catalogo
1020 1195 1214 1262 censeantur,
1230 1191 1404 1248 etDamaso
1416 1191 1565 1248 1111111111
1577 1187 1661 1247 urbis
1681 1186 1827 1266 episcopo

121 1283 284 1362 inscriptae
299 1282 371 1358 sint,
390 1282 481 1343 111111
496 1283 652 1363 intelligas
668 1288 822 1348 11111383
837 1286 1013 1364 illigandss.
1031 1288 1107 1346 Nam
1124 1293 1154 1346 et
1176 1287 1333 1364 superiore
1348 1286 1473 1345 demum
1497 1304 1580 1346 anno
1596 1285 1635 1344 ad
1650 1285 1744 1345 tinem
1759 1300 1829 1346 ver-

120 1387 214 1460 gente
229 1380 441 1461 Hieronymus
457 1382 588 1442 Romam
602 1384 697 1456 renit,
714 1390 744 1445 et
759 1385 907 1446 adversus
922 1384 1099 1446 Helvidium
1114 1391 1149 1444 ut
1162 1385 1260 1444 serius
1276 1384 1425 1462 scipserit,
1447 1389 1637 1461 postremam
1657 1380 1755 1460 ipsius
1769 1381 1827 1443 383

120 1479 196 1540 anni
212 1483 335 1557 partem
351 1483 475 1538 nonest
494 1485 751 1559 praetergressus:
769 1483 1033 1561 quemadmodum
1049 1482 1081 1541 in
1104 1482 1234 1560 prmsrxa
1251 1483 1288 1541 ad
1315 1501 1385 1541 eum
1410 1483 1524 1542 librum
1548 1479 1767 1541 admonitione
1781 1495 1829 1539 os-

113 1575 287 1638 tendimus.
306 1575 454 1654 Reliquos
471 1582 613 1654 quatuor
627 1578 725 1639 libros
752 1579 857 1639 statim
883 1580 1094 1640 succensione
1118 1581 1420 1640 Commentariorum
1444 1580 1475 1638 in
1499 1579 1588 1639 Pauli
1611 1576 1764 1656 Epistolas
1788 1574 1827 1636 ad

114 1673 258 1744 Galatas,
288 1673 451 1751 Ephesios,
481 1673 596 1748 Titum,
623 1693 658 1734 ac
682 1676 896 1749 Philemonem
924 1677 983 1738 boc
1008 1679 1073 1757 ipse
1098 1677 1205 1738 ordine
1229 1697 1264 1738 ac
1287 1678 1364 1738 serie
1379 1681 1539 1737 enumerat
1558 1677 1590 1735 in
1606 1675 1774 1753 Gatalogo:
1790 1672 1829 1733 In

112 1769 316 1833 Ecclesiasten
343 1769 583 1846 Commentarios,
602 1772 804 1846 Ouoestr'onum
832 1773 1049 1835 Hebrm'curum
1080 1777 1111 1833 in
1128 1773 1261 1836 Genesim
1290 1774 1398 1834 librum
1424 1793 1524 1834 unum.
1555 1771 1599 1834 De
1613 1771 1700 1835 Locis
1716 1769 1828 1831 librum

119 1889 227 1930 uuum.
256 1867 476 1929 Hebrcr'corum
502 1866 664 1930 Nominum
685 1869 793 1931 tibrum
808 1891 909 1932 unum.
933 1875 976 1934 Ex
994 1891 1056 1950 quo
1072 1872 1143 1931 licet
1167 1873 1302 1949 primum
1318 1873 1357 1931 ab
1382 1874 1515 1932 Auctore
1534 1871 1618 1949 ispso
1643 1868 1828 1948 intelligere,

113 1986 208 2046 quem
224 1967 309 2027 inter
324 1985 356 2028 se
373 1966 512 2028 habeant
527 1967 628 2028 aetatis
642 1975 826 2047 respectum,
848 1989 947 2049 neque
973 1969 1165 2031 animalium
1189 1989 1282 2047 quam
1306 1969 1465 2047 temporis,
1483 1975 1517 2028 ut
1537 1988 1595 2047 ego
1614 1967 1739 2046 quidem
1753 1966 1831 2027 exis-

116 2066 211 2138 timo,
227 2064 382 2126 rationem
397 2063 429 2124 in
445 2064 509 2124 suis
522 2066 717 2126 recensendis
732 2067 855 2146 scriptis
870 2068 982 2128 habuit
997 2087 1004 2127 ε
1022 2087 1114 2146 quem
1130 2085 1204 2129 vero
1220 2068 1344 2145 proprie
1360 2087 1476 2127 annum
1493 2065 1624 2144 singulis
1634 2066 1753 2125 tribuas
1768 2064 1831 2124 alia

114 2161 262 2242 ejusdem
293 2162 485 2236 testimonia,
515 2163 644 2241 ipsaque
672 2183 775 2224 rerum
794 2165 890 2225 series
913 2166 1047 2226 docebit.
1071 2165 1158 2226 Enim
1184 2183 1257 2224 vero
1281 2163 1498 2238 Ecclesiasten,
1525 2165 1608 2242 quod
1629 2181 1666 2223 ex
1680 2162 1748 2240 ipsa
1763 2161 1831 2240 ejus

113 2260 229 2338 operis
253 2260 444 2321 Praefatione
471 2260 581 2339 liquet,
608 2261 846 2323 Commentariis
859 2263 1028 2324 illustravit
1044 2263 1074 2323 S.
1099 2267 1214 2323 Ductor
1241 2271 1309 2342 post
1330 2263 1423 2340 ferme
1446 2261 1692 2341 quinquennium,
1715 2276 1831 2337 exque

113 2358 211 2418 illum
228 2359 335 2418 Homae
352 2356 657 2435 degenssstaeuttc
669 2358 792 2439 legerat,
809 2367 843 2420 ut
852 2357 963 2421 eumad
975 2360 1258 2440 contemptumr'atius
1271 2357 1375 2419 soeculi
1384 2367 1567 2438 prouocaret.
1580 2357 1634 2418 His
1644 2373 1761 2416 annum
1772 2357 1831 2415 383

114 2455 278 2526 denotari,
295 2473 358 2533 quo
372 2456 514 2516 nondum
528 2456 667 2517 Btaesilla
682 2459 816 2536 perfecte
830 2458 945 2518 saeculo
976 2457 1177 2528 valedixerat,
1203 2457 1402 2516 manifestum
1427 2461 1472 2515 est
1489 2474 1495 2515 :
1513 2455 1562 2514 cui
1577 2455 1601 2512 si
1630 2455 1726 2514 terme
1741 2452 1832 2531 qnin-

118 2550 505 2632 qu'enninm'adjnnxeris,
522 2571 615 2632 quem
637 2553 699 2613 illis
724 2555 907 2615 ascribimus
921 2556 980 2616 388
995 2561 1111 2616 teneas.
1125 2555 1196 2616 lam
1213 2556 1296 2634 quod
1323 2573 1385 2614 uno
1409 2554 1500 2614 simul
1526 2558 1665 2632 tempore
1689 2549 1832 2626 1101111-

118 2650 214 2711 tiones
230 2647 407 2725 Hetrcctbs,
423 2656 453 2710 et
471 2650 569 2711 libros
593 2649 628 2711 de
641 2651 728 2712 Locis
752 2658 781 2712 et
797 2649 832 2712 de
854 2651 1031 2714 Nominibus
1046 2653 1246 2723 elucubrarit,
1273 2672 1309 2713 ex
1335 2653 1516 2713 eorumdem
1544 2651 1696 2712 librorum
1712 2649 1831 2710 131111-

117 2746 275 2818 tionibus,
293 2747 451 2826 inquibus
466 2749 613 2809 alteruter
636 2755 829 2810 memoratur
855 2757 1048 2830 compertum
1065 2757 1121 2810 est.
1139 2750 1227 2821 011111
1247 2769 1322 2812 vero
1337 2751 1375 2810 ad
1392 2750 1534 2810 eumdem
1557 2768 1673 2808 annum
1688 2750 1831 2825 388111-

113 2846 253 2915 tineant,
277 2844 372 2922 plane
387 2844 544 2924 intelligas
559 2864 596 2906 ex
619 2847 681 2908 1111
704 2847 891 2910 Praetatione
906 2849 1114 2910 Homiliarum
1129 2849 1270 2926 Origenis
1284 2849 1317 2908 in
1332 2851 1460 2923 Lucam,
1486 2866 1563 2926 quas
1587 2847 1647 2907 hoc
1662 2847 1730 2925 ipso
1747 2865 1830 2908 anno

118 2941 252 3003 Latinas
266 2941 376 3001 iecisse
390 2942 626 3022 Hieronymum,
639 2943 717 3004 nihil
732 2951 778 3006 est
792 2946 922 3007 dubium
937 2965 943 3006 :
958 2947 1123 3025 profitetur
1136 2965 1211 3006 vero
1226 2946 1269 3006 ibi
1284 2963 1327 3016 11,
1345 2949 1378 3006 ut
1389 2963 1497 3005 earum
1507 2945 1642 3006 versioni
1658 2945 1829 3017 incubaret,

116 3037 345 3101 Hebruicurnm
360 3040 555 3120 quaestionum
570 3039 678 3102 librum
691 3041 850 3122 paululum
863 3043 1111 3125 praetermisisse.
1129 3047 1189 3107 Sed
1206 3049 1235 3104 et
1249 3043 1504 3122 subsequentium
1518 3043 1551 3102 in
1565 3041 1715 3120 Catalogo
1731 3042 1826 3102 libro-

111 3155 184 3200 rum
206 3137 314 3208 series,
331 3142 363 3198 et
376 3138 533 3217 praecipue
549 3138 727 3218 Didymiani
742 3141 883 3219 opusculi
899 3142 1126 3220 interpretatio,
1149 3160 1242 3220 quam
1267 3141 1504 3218 sequentianno
1533 3139 1744 3210 attribuimus,
1762 3155 1828 3198 rem

112 3235 221 3314 ipsam
235 3231 329 3314 plane
340 3236 544 3297 constituunt.

157 3335 203 3392 Ite
220 3332 402 3412 appendice,
421 3352 517 3412 quam
531 3334 688 3413 duplicem
702 3336 776 3396 huic
792 3341 877 3397 tomo
901 3338 1104 3410 adnectimus,
1131 3355 1225 3396 unam
1253 3337 1443 3411 Graecorum,
1471 3335 1623 3396 alternam
1644 3335 1826 3395 Latinorum

108 3436 352 3520 συνταγμάτων,
370 3431 498 3508 praelari
514 3431 621 3492 multis
646 3451 709 3493 non
734 3439 867 3512 oportet.
894 3437 958 3496 Hoc
979 3455 1037 3497 nos
1059 3454 1151 3496 onere
1167 3434 1304 3513 praetixae
1320 3434 1483 3513 Opusculis
1507 3434 1568 3493 illis
1589 3432 1826 3493 admonitiones

110 3535 276 3606 utcunque
291 3528 397 3592 levant
412 3528 519 3588 critica
534 3528 588 3589 1111
601 3526 808 3620 pprimamus
824 3550 894 3592 enm
910 3533 941 3591 in
956 3533 1101 3593 omnibus
1116 3533 1245 3604 artibus,
1262 3550 1297 3592 ac
1313 3531 1484 3610 disciplinis
1502 3531 1692 3595 dominetur,
1709 3535 1775 3589 tum
1790 3530 1823 3589 in
1917 3539 1922 3546 '

112 3627 183 3686 hoc
199 3631 338 3686 veterum
353 3625 618 3687 monimentorum
634 3645 746 3705 genere
762 3629 918 3707 singulare
934 3647 969 3689 ae
995 3629 1202 3690 necessarium
1226 3629 1392 3706 imperium
1411 3633 1505 3688 111111.
1522 3627 1707 3686 Excusanda
1722 3627 1823 3704 magis

114 3729 171 3784 est
185 3722 278 3782 nobis
291 3722 354 3802 ejus
368 3725 556 3803 Appendicis
571 3725 743 3803 prolixitas,
760 3745 799 3786 nc
824 3727 933 3788 alienis
949 3727 1094 3807 operibus
1109 3727 1149 3787 ad
1170 3727 1356 3804 explendam
1375 3726 1453 3785 tomi
1468 3726 1582 3784 molem
1596 3723 1822 3801 Hieronymum

111 3821 268 3882 dicamur
281 3839 434 3883 onerasse.
452 3823 557 3901 Neque
572 3824 655 3883 enirn
670 3825 886 3903 scriptionum,
903 3844 972 3904 quaa
987 3823 1237 3903 Hieronymianis
1258 3828 1348 3882 antea
1363 3840 1427 3882 non
1442 3824 1688 3893 accensarentur,
1705 3819 1731 3878 si
1746 3839 1824 3897 pau-

112 3937 174 3981 cas
189 3917 310 3997 aliquot
324 3920 463 4000 pagellas
478 3920 625 3999 excipias,
645 3922 816 4002 quidquam
837 3924 877 3982 de
891 3941 973 3986 novo
987 3921 1177 4001 adjecimus;
1194 3926 1312 3982 1111111
1338 3926 1441 3980 autem
1461 3918 1623 3988 editiones,
1637 3935 1671 3976 ac
1688 3918 1825 3978 maxime

108 4015 354 4077 Benedictinsm
376 4017 440 4078 ulla
456 4036 492 4078 ex
509 4023 597 4096 parte
612 4018 795 4081 imminuere
810 4020 897 4080 nullo
913 4025 1003 4099 pacto
1018 4019 1116 4088 licuit,
1144 4019 1228 4097 quod
1245 4016 1427 4077 eruditionis
1442 4016 1538 4075 homo
1553 4014 1685 4092 cupidus
1700 4021 1826 4093 praeter-

110 4113 252 4175 missum
266 4115 379 4176 merito
394 4115 556 4176 doluisset.
583 4117 721 4196 Denique
744 4124 817 4178 sunt
832 4118 886 4178 illa
910 4119 976 4197 ipsa
1000 4117 1155 4196 Opuscula
1185 4115 1252 4194 ejus
1276 4114 1400 4183 indolis
1428 4132 1497 4191 quae
1522 4112 1663 4191 proxime
1685 4112 1828 4189 genuinis

105 4212 215 4273 nostri
230 4212 412 4292 Hieronymi
427 4214 586 4286 accedant,
604 4220 698 4293 atque
713 4216 775 4276 alio
804 4215 964 4276 transferri
979 4214 1140 4276 commode
1155 4213 1240 4273 lraud
1255 4213 1429 4291 potuissent
1445 4230 1452 4271 :
1470 4217 1499 4271 11
1514 4211 1604 4271 bonae
1621 4209 1700 4269 adeo
1716 4209 1826 4287 frugis,

108 4314 148 4370 111
164 4327 230 4369 non
245 4309 405 4388 exiguam,
423 4316 455 4371 11
470 4313 573 4372 minus
589 4313 706 4374 variam
722 4331 760 4374 ex
774 4312 836 4374 illis
852 4313 1020 4374 utilitatem
1036 4313 1075 4372 ad
1091 4331 1156 4371 rem
1173 4311 1393 4382 Christianam,
1416 4329 1451 4370 11
1466 4308 1650 4369 litterariam
1666 4307 1828 4386 pervenire

104 4425 220 4486 posse,
238 4407 317 4469 mihi
332 4409 448 4485 partim
463 4411 654 4489 experientia
670 4411 747 4489 ipsa,
766 4412 878 4490 partim
895 4412 1027 4472 aliorum
1043 4411 1196 4472 editorum
1211 4408 1330 4488 judicio
1343 4413 1436 4487 atque
1452 4407 1594 4485 exemplo
1609 4405 1828 4484 persuaserim.

145 4507 223 4567 Jam
242 4523 330 4578 vero,
348 4505 385 4565 de
400 4507 515 4584 quibus
530 4507 678 4569 lectorem
693 4510 918 4588 praemonuisse
929 4513 1104 4588 oportebat,
1122 4509 1281 4586 expositis,
1298 4506 1448 4568 defuerim
1464 4506 1609 4567 omnibus
1625 4503 1831 4564 humanitatis

107 4604 244 4670 officiis,
260 4604 386 4666 nisime
401 4606 506 4683 palam
521 4610 736 4686 eternumque
751 4608 855 4669 animo
867 4608 1051 4669 obstrictum
1064 4607 1213 4685 profitear
1227 4612 1274 4666 111
1289 4605 1416 4666 eruditis
1427 4604 1501 4663 viris
1516 4621 1586 4662 cum
1603 4603 1634 4661 in
1650 4601 1709 4661 hac
1725 4601 1827 4673 ltalia,

99 4709 183 4762 tum
199 4703 282 4780 apud
296 4707 430 4771 exteros,
451 4704 593 4783 integris,
611 4710 641 4765 et
669 4706 708 4766 nd
724 4707 810 4766 omni
834 4707 1054 4768 assentationis
1077 4705 1253 4782 suspicione
1276 4705 1368 4782 longe
1391 4702 1511 4780 positis,
1539 4719 1594 4761 nec
1619 4700 1683 4759 ulla
1705 4717 1829 4758 mecum

93 4797 236 4879 junctis
249 4801 519 4880 popularitate,vel
534 4803 647 4881 gratia,
658 4805 712 4882 qui
727 4805 841 4864 nedum
853 4804 1045 4884 gravissimis
1055 4802 1306 4873 testimoniis,sed
1318 4801 1408 4861 editis
1419 4817 1544 4878 quoque
1558 4797 1672 4858 libellis
1687 4797 1828 4856 laborem

98 4899 205 4958 hunc
220 4913 320 4958 meum
335 4898 492 4978 prosecuti
507 4905 589 4961 sunt.
608 4902 781 4962 Laudarem
805 4906 835 4962 11
849 4903 990 4975 nornine,
1009 4902 1121 4981 quibus
1144 4906 1173 4960 11
1187 4907 1329 4978 poteram
1353 4915 1505 4958 exornare
1520 4897 1591 4956 libri
1607 4896 1753 4966 frontem,
1770 4893 1832 4968 nisi

95 4994 273 5056 videretur
286 4997 427 5057 redolere
443 4996 719 5078 gloriolam,atqnc
733 5000 801 5060 haec
817 5000 944 5061 mallem
960 4999 999 5060 ab
1020 4998 1100 5070 aliis,
1118 5017 1211 5076 quam
1233 5015 1314 5056 ame
1325 4997 1403 5055 ficri.
1421 4997 1485 5054 Hoc
1507 4995 1589 5053 enim
1605 5010 1678 5052 vero
1694 4996 1724 5050 ct
1736 4990 1830 5052 velim

97 5099 135 5152 et
154 5109 250 5172 roga,
267 5091 406 5154 solidam
419 5093 536 5154 laboris
552 5095 612 5155 mei
624 5097 769 5174 gratiam,
782 5098 871 5175 siqua
887 5102 931 5157 est
946 5116 996 5157 me
1011 5098 1156 5175 deinceps
1167 5100 1381 5166 consecutura,
1400 5092 1437 5151 iis
1452 5091 1569 5159 deberi,
1580 5107 1713 5167 quorum
1725 5089 1833 5158 lavore

96 5209 184 5250 sum
200 5189 367 5264 excitatus,
386 5197 417 5252 et
432 5209 565 5270 quorum
581 5211 674 5254 causa
690 5201 826 5272 coeptum
857 5213 935 5273 opus
950 5194 1062 5273 majori
1088 5195 1119 5255 in
1133 5195 1199 5253 dies
1228 5210 1396 5270 persequar
1418 5189 1590 5249 alacritate.
1608 5187 1710 5246 Unum
1726 5191 1832 5246 autem

98 5287 247 5348 honoris
263 5305 358 5348 causa
375 5289 517 5361 nomino,
536 5288 779 5351 illustrissimum
795 5292 895 5355 virum
908 5293 1107 5352 Franciscum
1124 5290 1309 5358 Mosellium,
1326 5288 1374 5347 cui
1392 5287 1561 5366 plurimum
1576 5284 1830 5364 hieronymiana

96 5385 224 5468 gioria
236 5384 368 5448 studiosi
383 5385 527 5462 debeant,
544 5395 574 5449 et
584 5407 645 5468 quo
660 5407 718 5468 ego
730 5389 809 5452 sicut
824 5397 916 5452 antea
926 5387 1383 5468 editionishujussuscipiendm
1400 5387 1569 5455 hortatore,
1581 5383 1623 5446 111
1638 5401 1719 5444 nune
1735 5399 1830 5464 quam

99 5483 249 5545 celerius
265 5483 463 5566 perficiendas
478 5484 622 5566 adjutore
639 5493 710 5549 utor
723 5488 952 5552 liberalissimo.
