4108 6174
1752 171 1830 242 itte

624 182 661 246 D.
684 176 917 248 hasarsual
938 179 1327 248 antnnbvaastonas.

125 173 206 244 teat

125 317 208 374 ratur
222 313 314 390 origa,
331 315 361 373 el
374 330 465 389 super
488 318 638 375 creaturas
663 317 780 375 Creator
799 319 950 388 insistens,
966 326 993 390 Α
1007 319 1146 386 vincitur,
1163 318 1229 375 vieti
1244 319 1395 392 superant,
1420 303 1641 388 appellaturque
1655 329 1761 370 nomen
1776 310 1832 370 loci

125 391 209 461 regat
221 385 285 460 ipse
299 403 363 461 qua
378 387 610 454 condiditouod
628 388 698 446 olim
713 390 742 446 in
754 388 952 447 laminnmon·
1009 397 1122 458 Donec,
1140 391 1169 447 id
1185 395 1240 454 est,
1257 389 1421 446 anathema.
1447 388 1553 444 Eadem
1576 386 1759 443 diceremini
1775 401 1833 442 non

124 458 306 532 strahantur,
323 476 401 516 nunc
415 459 446 516 in
471 461 555 542 siguo
578 461 742 518 ostenditur
755 463 861 519 erucis.
876 465 954 519 duro
1009 469 1053 520 est
1073 464 1199 536 pigrum,
1220 462 1384 536 legentibus
1400 460 1608 526 necessarium,
1629 459 1704 530 qnod
1719 473 1835 530 semper

124 529 211 605 legis,
224 531 352 604 Sanguis
376 531 522 604 Evangelii
546 531 770 604 pretiosiorest.
792 534 874 590 'lunc
895 535 954 606 sig·
1009 535 1159 591 humanus
1186 539 1281 590 status
1306 535 1335 588 in
1360 532 1450 603 hujus
1472 531 1568 587 seculi
1590 530 1636 585 via
1651 528 1782 596 fluctuet,
1807 535 1835 585 et

125 620 198 660 num
210 604 296 675 juxta
311 602 469 658 Ezechielis
490 619 589 660 voeem
611 607 797 675 gementibus
812 607 956 678 ligabatur
1009 607 1086 663 alius
1099 607 1129 661 in
1145 605 1228 670 valle,
1250 605 1325 660 alins
1349 604 1378 659 in
1402 603 1523 674 campis,
1540 602 1616 658 alius
1640 602 1784 657 moriatur
1803 599 1834 655 in

125 674 381 731 inlronteinune
398 679 548 746 portantes
577 693 693 732 erucem
723 676 868 734 dicimus:
898 678 957 757 Sip·
1011 683 1119 744 monte,
1135 678 1163 733 id
1179 683 1233 742 est,
1250 678 1278 732 in
1303 676 1416 732 excelso
1440 674 1554 730 vortice.
1571 677 1702 744 Canaque
1716 689 1769 728 nos
1785 671 1834 728 Dei

125 750 225 802 notum
240 759 375 817 estsuper
389 747 544 801 nontamen
569 749 662 804 caitus
680 750 732 817 tui,
756 750 881 804 Domine.
907 749 955 802 Bis
1011 748 1118 806 auxilio
1134 748 1290 804 destitutos
1306 747 1400 803 hostis
1421 745 1570 808 invaserit,
1581 745 1752 815 duxeritque
1769 760 1835 816 cap-

125 817 158 874 ia
173 817 272 874 Exodo
284 815 423 889 legimus,
448 819 633 890 praecipiente
658 819 791 884 Domino,
814 825 843 874 et
858 820 957 892 Moyse
1010 822 1094 888 lives,
1111 837 1168 877 non
1187 822 1376 892 desperemus
1391 818 1514 874 salutem
1529 835 1536 879 ·,
1553 817 1602 872 sed
1620 817 1725 870 iterum
1740 831 1834 870 arme-

121 889 210 1016 qqsea
224 889 358 958 laniante,
384 892 450 944 octo
471 891 595 945 vestium
618 906 725 963 genera
750 891 907 948 Pontificis.
926 891 955 946 ln
1011 910 1078 948 mur
1091 894 1125 948 ad
1143 891 1283 964 pralium.
1303 892 1397 946 Potest
1411 889 1472 945 lieri
1491 893 1521 943 ut
1535 888 1697 952 vincamus,
1714 887 1764 941 uhi
1781 886 1837 940 vic-

170 959 256 1016 vitlco
271 960 307 1016 da
321 963 432 1032 septem
448 963 562 1016 tanturn
588 964 730 1034 seriptum
747 967 809 1018 cst:
824 969 853 1019 et
868 961 957 1018 reler-
1010 963 1032 1019 ti
1047 964 1168 1032 luimnS,
1185 962 1255 1018 etin
1272 963 1373 1018 eodem
1390 960 1452 1017 loco
1475 959 1703 1031 triumphemus,
1720 957 1770 1014 ubi
1783 956 1837 1012 lui-

127 1037 180 1088 tur
207 1031 355 1103 quomodo
378 1031 492 1104 Moyses
513 1032 631 1088 lratrem
657 1051 746 1090 suum
773 1035 868 1090 Aaron
898 1032 957 1088 illis
1012 1034 1293 1106 musantecaptiri.
1313 1056 1326 1082 n

129 1103 278 1159 induerit:
295 1102 332 1158 de
347 1099 417 1158 solis
443 1102 631 1160 seminalibus
656 1105 727 1161 nihil
749 1105 873 1160 dieitur:
891 1104 956 1170 hac,
1047 1109 1073 1163 3.
1092 1109 1131 1162 Ex
1146 1107 1268 1176 epistole
1280 1105 1316 1160 ad
1334 1103 1510 1176 Principiam
1526 1102 1695 1174 Virginem:
1712 1125 1727 1152 ι
1743 1103 1837 1158 Arrio

128 1173 314 1242 utarhitror,
344 1189 443 1240 causa,
473 1176 550 1246 quod
573 1176 609 1231 ad
638 1176 777 1248 genitalia
799 1180 959 1242 nostrast
1011 1195 1075 1249 pere
1089 1179 1181 1249 plodio
1208 1179 1455 1249 tnesupersemnr
1478 1176 1726 1245 tnnmtortiser'nre.
1745 1173 1837 1230 Istam

125 1245 255 1302 verenda
270 1243 315 1300 lex
329 1261 385 1300 non
402 1245 492 1300 mittit
505 1262 625 1302 manum
639 1265 645 1316 ;
661 1249 710 1304 sed
728 1248 782 1319 ipsi
803 1253 959 1304 secretiora
1012 1250 1138 1306 arbitror
1153 1254 1181 1303 te
1196 1247 1291 1304 locum
1312 1249 1421 1319 optime
1438 1246 1609 1317 intelligere,
1635 1250 1663 1300 et
1677 1244 1837 1301 accinctam

126 1321 239 1388 nostra,
256 1321 285 1372 et
301 1315 472 1372 confusione
488 1317 577 1389 digna
600 1323 697 1391 tegere
719 1327 748 1375 et
762 1319 857 1376 velers
871 1320 957 1374 dehe-
1012 1321 1118 1376 Christi
1144 1321 1241 1392 gladio
1268 1319 1405 1374 militare.
1436 1318 1472 1373 Ut
1500 1323 1597 1373 antem
1632 1318 1709 1373 scias
1724 1333 1840 1388 semper

126 1387 476 1457 mus,etconscientiam
497 1389 643 1460 puritatis,
673 1407 706 1446 ac
735 1393 880 1447 seminum
903 1392 958 1446 Deo
1012 1393 1210 1465 virginitatem
1227 1390 1481 1464 gladium’habere
1508 1389 1664 1461 padicitiae,
1685 1405 1838 1460 perquem

122 1457 220 1532 judici
238 1475 394 1515 reservem.
425 1459 465 1515 De
489 1459 600 1517 ceteris
624 1462 793 1545 virtutibus²
810 1480 835 1517 r.
852 1479 896 1536 gr,
912 1478 959 1517 sa·
1013 1469 1128 1519 truncat
1142 1480 1230 1536 opera
1244 1463 1351 1528 carnis,
1374 1466 1403 1517 et
1426 1465 1545 1532 superat
1559 1460 1732 1531 voluptates,
1746 1459 1838 1532 genti-

148 1529 251 1599 ieutia,
267 1529 450 1597 lortitudinc,
461 1530 589 1602 justitia,
618 1538 821 1605 temperantia,
838 1532 959 1589 bumili-
1014 1535 1051 1590 lis
1066 1552 1182 1608 quoqne
1197 1551 1277 1589 error
1291 1535 1361 1588 deae
1385 1532 1510 1604 virgines
1535 1532 1618 1586 linxit
1633 1535 1772 1586 armatas.
1789 1533 1839 1586 Ac·

162 1606 200 1673 te,
216 1600 454 1670 mansuetudine,
469 1602 653 1670 liberalitate,
671 1609 832 1677 possuntat
847 1605 895 1660 alii
909 1607 958 1672 ju·
1013 1606 1103 1662 cinxit
1118 1612 1146 1660 et
1161 1605 1383 1663 Petruslumhos
1397 1608 1513 1672 suos‚et
1525 1604 1673 1658 ardentem
1690 1601 1839 1658 lucernam

127 1674 248 1741 dicare;
264 1672 435 1746 pudicitiam
450 1672 513 1729 sola
535 1675 615 1731 novit
645 1675 833 1742 conscientia,
855 1683 884 1732 et
905 1676 958 1730 hu·
975 1697 999 1762 B
1014 1679 1118 1735 habuit
1134 1679 1163 1732 in
1181 1677 1318 1732 manibus
1333 1675 1395 1731 suis
1399 1715 1523 1730 .....
1544 1672 1641 1730 Gloria
1664 1689 1732 1742 ergo
1747 1677 1776 1728 et
1789 1673 1841 1728 de·

127 1745 212 1802 mani
228 1745 303 1800 ocuti
319 1745 383 1816 ejus
400 1744 440 1800 rei
455 1745 524 1801 certi
538 1747 655 1818 judices
670 1764 801 1804 essenon
817 1753 957 1819 possunt:
1015 1768 1081 1807 core
1096 1766 1159 1814 auo,
1177 1749 1236 1804 sive
1251 1747 1347 1819 specie
1378 1751 1407 1801 et
1434 1737 1654 1817 pulchritudine
1680 1743 1840 1798 divinitatis

129 1815 244 1898 absque
259 1815 318 1881 his,
341 1814 390 1897 qui
414 1816 524 1888 passim
550 1817 580 1874 in
596 1835 705 1874 morem
731 1820 883 1875 brutorum
901 1819 960 1874 ani·
1015 1839 1074 1878 aaa
1090 1822 1186 1877 earnis
1201 1835 1289 1892 opera
1304 1818 1495 1885 mortillcans,
1511 1820 1539 1871 et
1554 1819 1641 1870 natus
1661 1831 1695 1870 ex
1709 1813 1839 1888 Virgine,

128 1887 255 1944 malrum
272 1886 387 1943 libidini
401 1887 523 1960 expositi
540 1895 619 1945 sunt.
634 1890 716 1946 Unde
735 1895 763 1946 et
785 1889 957 1962 Apostolus:
1014 1893 1122 1950 lutaris
1136 1891 1300 1964 virginibus
1316 1887 1703 1960 virginitatisprincepsluit.
1719 1907 1733 1937 n

128 1959 351 2030 DcVirpinr'lnre,
370 1957 467 2030 inquit
490 1965 657 2032 praeentiam
687 1963 798 2017 Domini
824 1978 878 2018 non
908 1961 959 2016 bo·
1052 1966 1077 2018 t.
1112 1965 1152 2019 Ex
1185 1961 1308 2034 epistola
1337 1961 1372 2016 ad
1402 1959 1578 2032 Cyprianum
1607 1959 1810 2030 presbyterum
1834 1971 1840 2010 :

128 2030 300 2101 Deo:quasi
318 2029 593 2103 Mopsesloquatur,
617 2032 960 2105 l'eminalihusergonon
1015 2036 1139 2102 Domine,
1169 2033 1358 2088 liabitornlnm
1385 2033 1477 2101 foretne
1505 2046 1532 2084 er
1554 2030 1631 2084 nohis
1663 2031 1694 2083 in
1726 2043 1841 2100 penec-

127 2101 235 2166 vestio,
261 2117 315 2156 nec
333 2101 453 2182 impono
476 2101 563 2159 alicui
584 2104 804 2161 necessitatem:
835 2103 962 2185 quivult
1015 2109 1129 2164 tioneet
1148 2107 1337 2174 generatione.
1371 2101 1584 2173 Septuaginta:
1614 2101 1737 2165 Domine,
1769 2099 1841 2167 resn-

128 2172 269 2230 sacerdos
285 2187 358 2240 esse,
377 2189 485 2245 ipsese
506 2174 618 2231 vestiat.
644 2179 667 2231 Ο
689 2179 804 2248 quantes
821 2175 960 2248 virgines,
1016 2180 1093 2249 pium
1108 2181 1196 2249 suetos
1210 2192 1239 2232 es
1253 2175 1342 2240 nohis,
1359 2176 1390 2229 in
1403 2175 1480 2229 omrai
1505 2173 1683 2242 promotione
1711 2174 1737 2225 et
1763 2185 1843 2238 pene-

129 2249 163 2301 οι
177 2247 354 2316 quantorum
370 2249 487 2316 sperata
501 2246 683 2316 pudicitiain
699 2247 745 2303 die
763 2246 861 2302 'udicii
877 2247 963 2302 deho-
1016 2251 1136 2304 ratione.
1154 2249 1207 2304 Pro
1235 2244 1415 2301 habitatione
1443 2249 1473 2301 et
1501 2243 1613 2312 relegio
1645 2240 1842 2302 inllehraieo,

130 2315 302 2372 nestabitur
318 2332 325 2370 :
342 2321 519 2386 quantorum
545 2319 687 2374 inlamata
710 2265 850 2390 pudicitia
873 2319 962 2374 aDeo
1017 2337 1097 2377 ernon
1113 2319 1241 2391 ponitur,
1258 2317 1334 2384 qrrod
1348 2315 1442 2387 magis
1467 2314 1676 2370 habitationem
1702 2329 1789 2383 quam
1802 2327 1846 2367 re·

137 2386 234 2443 'adice
248 2386 445 2443 coronabitur.
464 2387 520 2460 lpsi
536 2389 625 2462 igitur
637 2406 826 2446 assumamus
841 2390 964 2446 lemica·
1016 2391 1131 2465 logium
1147 2397 1241 2447 sonat.
1264 2389 1439 2444 Narraturus
1464 2394 1561 2441 autem
1587 2383 1693 2447 tristia,
1708 2387 1737 2439 et
1751 2399 1845 2453 genus

143 2456 175 2514 ia
186 2475 196 2513 .·
211 2457 267 2530 ipsi
285 2461 385 2514 nostra
403 2459 529 2515 verenda
554 2461 740 2532 operiamus:
766 2477 824 2516 non
848 2477 963 2532 ‹qnara-
1019 2463 1225 2534 deploraturus
1239 2460 1416 2524 humanum,
1433 2457 1602 2513 alaudibus
1618 2455 1667 2510 Dei
1678 2454 1798 2527 incipit:
1813 2457 1846 2509 ιιι

130 2545 202 2585 mus
218 2527 330 2584 alienes
344 2529 455 2585 oculos.
472 2535 514 2584 lta
527 2536 665 2604 tegantur
679 2532 827 2604 genitalia,
854 2539 887 2588 ιιι
903 2531 966 2586 nul·
1019 2535 1161 2607 quidquid
1177 2537 1279 2606 postea
1297 2531 1408 2587 homini
1437 2529 1543 2584 accidit
1570 2528 1770 2594 adversorum,
1787 2542 1845 2582 non

129 2599 230 2658 lorum
246 2599 339 2656 oculis
353 2605 481 2682 pateant,
498 2617 534 2658 ne
549 2605 665 2675 quando
693 2604 839 2660 intramus
857 2605 964 2660 Sancta
1018 2605 1162 2664 Crantoris
1184 2603 1302 2674 duritia,
1325 2602 1373 2659 sed
1403 2601 1468 2672 ejus
1496 2599 1545 2673 qui
1566 2603 1682 2655 creatus
1701 2601 1746 2655 est
1760 2596 1847 2669 culpa

132 2677 319 2742 sanatorum,
335 2688 359 2727 si
377 2675 612 2746 qnaapparaerit
625 2675 776 2747 turpitudo
791 2681 885 2732 morte
901 2691 965 2731 mo·
1019 2676 1160 2734 accidisse
1175 2677 1316 2732 videatur.
1344 2672 1397 2738 Qui
1419 2671 1545 2729 sustinet
1570 2673 1787 2738 tempestatem,
1801 2667 1846 2724 vel

134 2743 259 2799 rinmun-
1020 2755 1117 2821 petre,
1150 2747 1194 2803 vel
1222 2746 1289 2802 tecti
1317 2743 1422 2816 querit
1449 2743 1605 2814 relug'um.
1637 2743 1728 2807 Quem
1751 2739 1845 2796 hostis

174 2837 188 2865 ιι
204 2814 269 2870 lam
286 2830 382 2870 sermo
404 2814 516 2882 linitur,
544 2821 572 2872 et
595 2818 631 2872 ad
656 2816 964 2890 superieraretrahor·
1020 2820 1216 2892 persequitur,
1242 2818 1278 2874 ad
1308 2832 1408 2872 muros
1432 2811 1706 2884 urbiumconlugit.
1736 2812 1845 2868 Fessus

131 2885 227 2942 Tanta
244 2886 328 2941 dehet
344 2903 408 2942 esse
423 2887 545 2944 seientia
560 2893 588 2944 et
603 2890 727 2944 eruditio
743 2889 888 2960 pontificis
905 2889 964 2958 Dei,
1020 2892 1112 2948 viator
1126 2897 1184 2947 tam
1201 2889 1261 2945 sole
1276 2905 1365 2960 quam
1382 2887 1509 2958 pulvere,
1526 2885 1636 2941 umbra
1652 2883 1756 2957 quierit
1770 2882 1845 2939 sola·

136 2961 172 3013 ιιι
189 2961 216 3013 el
232 2973 370 3029 egressus
390 2957 464 3029 ejus,
489 2966 519 3015 et
536 2965 643 3024 motae,
665 2964 694 3016 et
708 2961 841 3016 universa
856 2959 967 3016 vocalia
1021 2963 1105 3019 ttoni.
1122 2962 1150 3018 Si
1174 2959 1333 3018 saevissima
1355 2957 1447 3013 hestia
1472 2956 1601 3013 hominis
1616 2955 1789 3026 sanguinem
1805 2955 1845 3010 ai·

135 3027 211 3111 sint.
228 3027 384 3084 Veritatem
411 3035 507 3086 mente
529 3032 790 3112 concipiatettolo
819 3049 883 3088 eam
913 3033 964 3088 ha·
1021 3035 1083 3093 tint,
1100 3033 1223 3104 cupitet
1252 3031 1365 3094 nititur,
1394 3036 1543 3100 uteunque
1572 3027 1687 3110 poterit,
1705 3041 1846 3109 ¹presens

132 3100 201 3157 hsta
216 3103 371 3156 resonelet
386 3107 508 3158 ornatu:
526 3107 559 3157 ιιι
574 3103 716 3174 quidquid
734 3104 803 3176 agit,
820 3104 964 3176 quidquid
980 3073 1001 3139 C
1021 3106 1111 3162 vitare
1126 3104 1293 3160 discrimen.
1319 3107 1363 3156 lta
1384 3107 1413 3156 at
1437 3101 1524 3156 homo
1549 3117 1566 3156 a
1589 3114 1732 3170 principio
1746 3097 1845 3154 condr-

132 3170 277 3298 loquitur,
294 3170 334 3226 sit
357 3172 490 3229 doctrina
512 3173 698 3245 populorum.
721 3175 840 3246 Absque
861 3175 962 3230 tintin-
1018 3177 1108 3233 tionis
1123 3193 1181 3233 suae
1200 3180 1255 3230 Deo
1271 3173 1363 3229 utitur
1391 3173 1546 3244 adjutore:
1577 3174 1605 3225 et
1628 3186 1696 3226 cum
1712 3168 1793 3224 illius
1808 3168 1847 3224 sit

131 3261 152 3300 ιι
197 3240 253 3298 ulis
269 3240 347 3298 anim
362 3247 390 3298 et
405 3244 528 3301 diversis
544 3244 700 3314 coloribus,
725 3252 754 3301 et
773 3246 898 3318 gemmis
913 3247 963 3301 llo·
1019 3248 1210 3322 gratiaquod
1242 3249 1358 3300 creatus
1386 3249 1440 3308 est,
1473 3242 1610 3311 illiusque
1639 3239 1846 3297 misericordia

132 3313 276 3386 rihusque
289 3312 441 3385 virtutum,
459 3332 511 3371 nce
531 3321 631 3372 sancta
654 3316 767 3389 ingredi
791 3323 895 3388 potest,
913 3334 965 3373 nec
1019 3320 1096 3392 quod
1123 3317 1258 3375 subsistit
1272 3321 1300 3371 et
1327 3315 1413 3378 vivit:
1444 3314 1516 3370 nihil
1544 3313 1612 3368 boni
1638 3311 1734 3384 operis
1763 3327 1848 3384 agere

133 3400 242 3442 nomen
271 3385 411 3441 antistitis
442 3387 600 3460 possidere.
630 3387 694 3443 liae
721 3387 757 3443 ad
778 3387 964 3444 unamlaeu·
1019 3395 1116 3464 potest
1128 3391 1240 3460 absque
1264 3385 1375 3460 eo,qni
1399 3386 1439 3440 ita
1463 3384 1607 3441 concessit
1627 3383 1846 3440 lihernmarbi·

132 3455 351 3513 hratiunculam
380 3473 446 3514 oum
459 3459 522 3540 Jam
547 3459 627 3514 lunia
651 3457 811 3514 solveretur
826 3476 843 3514 a
858 3458 963 3526 littera,
1019 3462 1121 3524 triam,
1134 3465 1164 3515 ut
1179 3476 1264 3516 suam
1276 3475 1327 3530 per
1341 3455 1457 3528 singula
1472 3473 1559 3522 opera
1585 3455 1709 3526 gratiam
1726 3472 1783 3510 non
1799 3471 1847 3509 ne·

132 3531 165 3585 et
180 3531 277 3584 naute
307 3502 437 3585 crebrius
461 3528 661 3598 inclamarent,
685 3546 807 3603 propero
831 3547 966 3586 sermone
1019 3538 1121 3604 garet:
1138 3547 1174 3588 ne
1192 3531 1313 3587 libertas
1324 3527 1438 3584 arbitrii
1453 3527 1629 3582 redundaret
1643 3527 1679 3581 ad
1705 3525 1845 3594 iniuriam

132 3597 254 3668 dictavi,
268 3615 332 3672 qua
349 3599 491 3657 memoria
501 3605 598 3658 tenere
613 3606 754 3672 poteram,
780 3607 808 3658 et
823 3619 887 3674 quae
903 3602 965 3656 diu-

131 3674 223 3726 turna
238 3669 267 3726 in
292 3670 427 3727 rationali
447 3673 573 3745 pectoris
595 3673 651 3729 mei
673 3673 794 3731 lectione
809 3689 965 3747 congesse-

132 3757 219 3798 ram:
236 3741 308 3798 satis
323 3742 490 3816 intelligens
505 3745 599 3816 mags
620 3761 666 3800 me
688 3742 825 3816 loquendi
842 3745 963 3816 impeta,

134 3829 227 3886 quam
248 3812 361 3884 judicio
386 3815 541 3871 scribentis
566 3816 665 3882 lluere,
690 3821 719 3872 et
734 3833 813 3872 more
828 3816 966 3872 torrentis

133 3883 288 3940 turbidum
305 3885 433 3956 prolerre
449 3903 625 3942 sermonem.
637 3887 775 3942 l'ertnrin
791 3887 967 3959 indiceSep·

130 3955 211 4012 timii
228 3955 397 4012 Tertulliani
413 3956 488 4014 liber
501 3959 536 4013 dc
551 3960 646 4014 Aaron
662 3959 803 4028 vestibus,
820 3959 869 4030 qui
891 3959 965 4014 inta-

130 4027 190 4083 rim
206 4043 301 4099 usque
316 4027 353 4083 ad
375 4028 451 4085 hauc
466 4028 542 4085 diem
558 4048 576 4085 a
598 4045 644 4085 me
672 4047 729 4086 non
754 4036 799 4086 est
822 4036 964 4102 repertus.

130 4098 195 4154 Sia
217 4098 301 4154 vohis
323 4104 442 4172 prepter
465 4100 662 4157 celebritatem
692 4101 777 4158 Urbis
806 4103 894 4158 luerit
921 4103 965 4157 in·

130 4175 252 4238 ventus,
284 4184 382 4254 quaec
404 4187 441 4226 na
476 4189 571 4228 msam
602 4171 711 4228 stillam
743 4173 822 4229 illius
851 4172 966 4228 llumini

1020 3602 1198 3670 conditoris;
1222 3607 1251 3658 et
1276 3600 1312 3656 ad
1337 3601 1401 3672 ejus
1422 3596 1647 3663 contumaciam,
1667 3595 1717 3666 qni
1732 3596 1796 3651 ideo
1811 3593 1845 3650 li-

1018 3675 1072 3730 ber
1086 3673 1220 3730 conditus
1236 3676 1296 3739 est;
1312 3676 1346 3725 ut
1361 3671 1471 3741 absque
1487 3669 1544 3723 Deo
1560 3665 1632 3722 nihil
1643 3683 1707 3723 esse
1717 3683 1748 3722 se
1763 3683 1847 3722 nove·

1020 3746 1066 3803 rit.
1084 3746 1164 3812 Quod
1181 3749 1277 3800 antem
1294 3741 1377 3806 dixit,
1393 3743 1422 3796 in
1433 3741 1608 3809 promotione
1620 3743 1646 3793 at
1661 3740 1845 3807 ementiore,

1019 3818 1120 3875 omnia
1134 3815 1430 3886 signifieattempora,
1449 3821 1473 3866 et
1490 3815 1557 3867 ante
1573 3810 1690 3882 Legem,
1705 3813 1734 3865 et
1748 3809 1777 3864 in
1794 3810 1845 3865 Le-

1020 3906 1065 3962 ge,
1081 3893 1109 3944 et
1124 3889 1153 3943 in
1170 3885 1316 3959 Evangelii
1333 3884 1434 3956 gratia.
1453 3883 1534 3938 Unde
1549 3885 1578 3937 et
1592 3879 1748 3952 Apostolus
1764 3881 1844 3936 dicit:

1020 3961 1201 4016 Dratineolni
1219 3960 1288 4030 sorti
1313 3958 1379 4014 estis
1404 3971 1455 4028 per
1484 3953 1574 4024 fidem,
1605 3957 1629 4008 et
1657 3955 1706 4008 hoc
1732 3969 1787 4008 non
1813 3968 1848 4008 aa

1021 4033 1106 4095 nobie,
1123 4031 1170 4086 sed
1183 4047 1218 4087 err
1240 4031 1313 4086 dono
1335 4029 1392 4084 Dei.
1418 4027 1452 4082 Et
1466 4042 1568 4081 omncs
1593 4022 1721 4096 epistolae
1737 4025 1801 4093 ejus
1816 4024 1845 4079 in

1021 4103 1207 4160 salutationis
1223 4098 1375 4175 principio,
1393 4115 1448 4154 non
1463 4098 1547 4181 prins
1569 4113 1669 4180 pacem
1685 4095 1804 4162 hahent,
1819 4099 1849 4151 et

1021 4175 1063 4231 sic
1077 4175 1201 4247 gratiam
1215 4192 1221 4238 ;
1238 4173 1288 4228 sed
1314 4175 1382 4228 ante
1396 4173 1531 4242 gratiam,
1565 4175 1593 4225 et
1617 4184 1659 4224 sic
1680 4183 1799 4238 pacem,
1815 4173 1848 4221 ιιι

132 4241 481 4322 comparetichnenim
498 4259 672 4327 magnorum
684 4243 812 4301 virorum
830 4245 965 4317 ingeniis,
1020 4246 1137 4302 donatis
1170 4245 1254 4300 nohis
1286 4243 1413 4316 peccatis
1447 4238 1565 4307 nostris,
1598 4255 1698 4312 pacem
1729 4236 1846 4294 Domini

130 4312 187 4369 sed
204 4327 277 4368 mers
292 4316 363 4368 sunt
376 4313 487 4370 viribus
502 4316 702 4371 aestimandus.
1022 4335 1107 4374 conse
1131 4321 1248 4372 uantur.

170 4387 199 4438 2.
216 4387 257 4438 Ex
275 4383 400 4456 epistola
419 4402 536 4458 quoque
557 4385 593 4442 ad
617 4386 749 4442 eamdem
768 4385 914 4442 Fabiolam
931 4387 966 4442 de
1057 4389 1084 4444 5.
1142 4405 1158 4443 x
1191 4389 1348 4444 comment.
1383 4384 1413 4438 in
1447 4399 1551 4456 rapx
1583 4379 1780 4436 Ecclesiaste:
1806 4381 1847 4436 Va

133 4454 335 4528 quadraginta
345 4457 461 4513 duahns
473 4457 676 4514 Mansionibas
690 4457 779 4514 lsrael
795 4459 824 4512 in
840 4459 965 4514 deserto.
984 4443 1006 4508 [l
1023 4460 1074 4515 tihi
1086 4467 1169 4522 terro,
1186 4461 1264 4532 cujas
1274 4473 1325 4514 rra
1339 4457 1504 4519 adomnane,
1520 4457 1548 4506 et
1561 4454 1698 4524 pirinelper
1712 4453 1754 4507 toi
1766 4467 1848 4508 mnne

130 4525 195 4582 hae
210 4524 300 4582 hahes
320 4527 453 4601 exempla
475 4528 637 4585 virtutum:
669 4552 678 4578 ι
695 4529 735 4585 Ex
754 4545 811 4601 quo
826 4529 960 4586 animad-
1015 4531 1166 4587 eamdent.
1185 4534 1265 4587 Dente
1293 4533 1377 4592 terra
1402 4527 1481 4596 enine
1509 4539 1559 4579 ren
1585 4530 1652 4580 tuns
1679 4524 1754 4593 filias
1773 4525 1848 4594 inpe-

129 4595 276 4653 vertimus
290 4613 346 4654 non
364 4597 393 4653 in
410 4607 508 4656 moute
530 4599 711 4684 simpliciter,
737 4600 833 4656 sedin
852 4601 961 4656 montis
1015 4619 1144 4662 natorum.
1161 4603 1336 4675 etprincipes
1355 4599 1398 4654 lni
1427 4599 1456 4652 in
1485 4599 1606 4668 tempore
1631 4595 1845 4676 conminnt:in

130 4671 234 4724 monte
248 4667 417 4726 Pontilloem
439 4676 599 4742 mortuam,
624 4674 657 4726 ut
680 4671 961 4744 dignuslocusmc·
1016 4675 1189 4745 fortitudine,
1206 4678 1231 4729 et
1253 4689 1306 4728 nen
1323 4673 1354 4727 in
1381 4669 1548 4738 confusione.
1578 4667 1699 4722 Videtur
1727 4665 1846 4739 quidem

129 4737 200 4796 ritis
223 4737 303 4794 illius
329 4747 553 4799 monstraretur,
576 4743 697 4798 Moritur
724 4747 822 4799 aratam
837 4760 870 4800 eo
886 4759 961 4799 anno
1017 4747 1172 4818 reprobare
1187 4746 1330 4816 juvenum
1349 4739 1556 4813 principatum,
1573 4744 1601 4794 et
1616 4737 1787 4794 luxuriosos
1803 4737 1848 4807 ju-

130 4825 192 4882 quo
208 4826 301 4867 novus
313 4813 439 4885 populus
451 4814 686 4886 repromissionis
713 4818 821 4870 terram
837 4815 962 4870 intrata·
1017 4816 1096 4872 dices
1112 4817 1307 4872 condemnare
1317 4831 1328 4876 ,·
1344 4813 1420 4885 quod
1439 4811 1468 4866 in
1491 4809 1581 4865 altero
1605 4826 1656 4881 per
1679 4811 1793 4865 atatem
1809 4807 1849 4890 sit

129 4897 185 4938 rus
198 4885 263 4937 erat
275 4881 306 4938 in
322 4884 459 4941 extremis
480 4885 588 4942 llnihus
600 4890 683 4942 terrae
697 4884 903 4942 idumoeorum.
929 4887 964 4941 Et
1017 4887 1137 4944 infirma
1150 4887 1304 4959 sapientia,
1318 4885 1349 4941 in
1366 4883 1431 4939 aliis
1447 4881 1534 4938 etiam
1546 4886 1663 4937 matura
1690 4885 1760 4936 aetas
1776 4877 1848 4934 delr-

130 4968 305 5080 qnanquam
335 4955 365 5011 in
389 4961 488 5012 monte
515 4956 712 5013 sacerdotium
740 4957 874 5014 Eleazaro
904 4955 963 5013 filie
1018 4959 1072 5016 ciis
1087 4963 1249 5016 enervetur.
1271 4959 1306 5014 Et
1330 4973 1346 5013 e
1369 4952 1514 5011 contrario
1534 4953 1694 5026 prinoipem
1725 4950 1849 5024 pmhare

153 5021 333 5096 eraquuerit,
364 5024 468 5100 lexque
496 5045 556 5098 eos,
591 5028 641 5101 qui
674 5043 739 5084 eam
769 5028 962 5100 impleverint,
1018 5030 1104 5086 honis
1133 5031 1275 5096 moribus,
1301 5031 1330 5086 et
1351 5024 1510 5082 liberaliter
1536 5023 1724 5090 institutum
1754 5027 1848 5079 eteos

131 5095 276 5169 perducat
290 5097 327 5152 ad
343 5113 492 5154 summum
508 5118 516 5156 ι
532 5104 630 5156 tamen
645 5098 709 5180 ipsa
724 5099 891 5156 sublimitas
905 5116 964 5156 non
1014 5101 1129 5174 judiees
1146 5102 1311 5174 praedicare,
1327 5098 1377 5171 qui
1398 5113 1584 5168 nequaquam
1607 5096 1785 5169 voluptatem
1802 5110 1850 5149 ne-

132 5167 403 5224 metmenhusen
425 5170 575 5236 iordanis,
590 5171 641 5227 sed
658 5187 687 5225 ιιι
712 5173 849 5227 extremis
873 5177 964 5228 terre·
1019 5173 1107 5246 gotiis
1121 5174 1228 5229 eiviam
1245 5173 1414 5245 praeierant,
1429 5169 1478 5223 scd
1495 5168 1702 5236 postmultum
1717 5166 1849 5223 lahorem

133 5253 243 5320 nerum
271 5256 394 5322 operum
421 5242 541 5308 linibus,
566 5247 594 5298 et
609 5241 722 5314 plangit
749 5259 817 5298 enm
840 5243 965 5314 populus
1019 5249 1048 5301 et
1084 5244 1368 5301 administrationem
1401 5239 1576 5312 reipublicae,
1613 5240 1711 5294 eibum
1747 5254 1851 5310 capere

132 5313 258 5390 trigenta
272 5311 395 5368 diebus:
413 5321 508 5368 aaron
529 5312 685 5386 plangitur,
706 5313 793 5370 lesus
809 5333 864 5371 nnn
882 5314 964 5387 plan·
1020 5317 1102 5388 quasi
1121 5317 1291 5372 necessitato
1307 5316 1449 5384 rogantur
1475 5310 1583 5366 Verum
1611 5310 1682 5366 mihi
1705 5309 1849 5368 sacratius

133 5385 224 5454 gitur.
243 5381 272 5436 ln
289 5381 351 5452 lege
376 5383 535 5440 descensus
555 5385 590 5440 nd
613 5384 732 5448 inleros,
762 5385 791 5440 in
808 5385 965 5452 Evangelio
1020 5388 1090 5456 qnid
1107 5387 1196 5444 latere
1212 5388 1325 5442 ridetur
1339 5385 1367 5439 in
1387 5383 1500 5436 littera:
1519 5383 1595 5448 qrrod
1612 5384 1737 5450 jrrvrnes
1751 5381 1848 5437 dican-

133 5451 173 5508 ad
189 5453 360 5523 paradisum
376 5456 604 5528 transmigratio.
622 5457 740 5512 Audivit
760 5473 876 5529 quoque
890 5461 964 5514 una·
1021 5459 1110 5514 turin
1138 5461 1297 5532 Scriptura,
1326 5455 1377 5528 qai
1406 5473 1423 5511 a
1451 5453 1724 5511 veteriuuetoritate
1752 5449 1845 5508 desei-

134 5539 256 5580 nanaus
272 5526 351 5597 quod
374 5525 502 5584 venisset
523 5526 622 5596 lsrael,
637 5532 666 5583 et
680 5528 708 5581 io
726 5527 788 5584 loco
804 5529 965 5600 explorato·
1020 5535 1117 5597 scunt,
1142 5535 1170 5586 et
1185 5548 1256 5586 cana
1288 5530 1431 5600 praeapte
1456 5530 1611 5597 parentum
1636 5522 1842 5594 contemnunt:

134 5610 215 5660 rum,
233 5595 282 5652 uhi
306 5597 456 5669 quandam
471 5597 629 5655 ellendissa
645 5598 788 5672 populum
813 5603 963 5668 noverant,
1019 5602 1069 5684 qui
1086 5601 1216 5674 neglecto
1233 5601 1281 5658 Dei
1300 5599 1447 5664 mandato,
1468 5596 1591 5667 capiunt
1616 5602 1742 5652 statuere
1756 5586 1842 5668 trudl-

133 5666 239 5724 ineunt
267 5667 410 5740 pralium,
436 5674 464 5727 et
485 5670 634 5744 captivum
650 5671 763 5728 ducunt
778 5671 876 5729 lsrael.
894 5672 965 5728 itur·
1019 5677 1114 5728 tiones
1129 5675 1293 5730 hominum.
1312 5673 1349 5728 De
1364 5669 1473 5744 quibus
1485 5673 1514 5724 et
1529 5667 1559 5723 in
1579 5668 1658 5725 isaia
1674 5657 1765 5718 israeli
1792 5653 1842 5706 Do-

134 5753 266 5814 sumque
289 5741 320 5800 in
343 5741 446 5801 eodem
468 5742 531 5803 loco
563 5745 721 5818 pugnatur,
746 5744 966 5806 asvotovictor
1019 5743 1119 5805 minus
1153 5745 1368 5808 comminatum·
1403 5756 1436 5800 eo
1470 5739 1549 5814 quod
1585 5734 1709 5800 noluerit
1740 5727 1846 5793 squam
