4068 6170
141 327 216 390 ltstt

612 329 763 405 OUAEST.
787 327 970 394 aunuald.
993 327 1032 391 ΙΝ
1055 328 1128 392 ulo.
1152 331 1165 392 l
1187 331 1385 396 Prahate:

1761 335 1840 399 lidi

137 459 263 516 busdam
279 459 315 517 ud
333 459 483 533 ferventem
496 463 714 530 tantummodo,
739 479 822 519 error
841 465 896 518 est.
927 463 957 517 ln
973 463 1000 529 Α
1015 465 1045 518 et
1058 461 1134 520 inlra
1149 463 1250 536 viginti
1267 481 1370 536 annos,
1393 464 1502 522 idcirco
1524 466 1756 540 indignationem
1784 467 1841 524 Do·

139 548 256 604 llehraeo
271 565 327 606 non
345 549 433 607 habet
447 550 475 606 in
485 551 540 608 hoo
556 551 618 608 loco
631 553 765 621 simelam,
781 551 851 624 quis
865 549 962 607 simila

131 639 195 708 jam
212 637 298 710 paulo
313 638 450 712 superius
470 641 622 697 nominata
646 647 692 697 est
709 659 715 696 :
732 641 781 697 sed
798 640 837 695 ud
853 643 961 695 torrere-

135 725 200 790 dum
216 727 244 781 in
263 727 381 783 llebreeo
395 727 524 800 ponitur,
550 734 583 785 ut
598 729 760 785 subaudias
775 729 883 801 spicas.
900 726 962 783 Pri·

135 813 225 870 mitian
239 803 319 871 eni'm
334 816 481 889 spicarum
498 821 617 890 quando
637 817 852 882 detenebantur,
869 822 960 872 torre-

134 901 251 970 bantur,
268 907 297 960 et
310 920 403 976 grana
416 907 655 963 comedebantur.
677 906 758 973 Quod
788 922 882 978 genus
902 903 959 962 oihi

134 990 221 1063 vulgo
234 1009 352 1063 proauus
365 999 480 1051 vocant.

169 1079 263 1151 (Vens.
291 1083 348 1154 29.)
378 1083 408 1138 ln
438 1083 616 1155 quibusdam
644 1083 796 1140 codicibus
810 1083 959 1140 hahetur:

136 1192 146 1219 ι
164 1170 259 1242 Super
276 1186 364 1226 omne
379 1172 496 1243 pondus
509 1177 538 1226 el
553 1188 723 1229 mensuram
742 1188 748 1228 :
765 1195 779 1224 a
796 1172 847 1229 sed
864 1172 892 1227 in
911 1173 962 1228 lla·

134 1257 210 1313 orac
225 1258 256 1313 iu
272 1257 399 1315 hocloco
413 1260 518 1331 pondus
533 1277 589 1316 non
608 1261 705 1326 hahet,
734 1261 784 1318 sed
804 1276 960 1317 namuurum

132 1351 248 1402 tantum
262 1347 410 1420 geminato
425 1348 544 1405 nomine
559 1349 696 1421 positam,
726 1349 787 1406 sive
815 1366 878 1406 eam
895 1365 959 1421 quoe

131 1434 261 1491 brachiis
276 1439 328 1492 aut
347 1437 495 1504 manibus,
523 1443 574 1494 aut
602 1437 725 1494 lunihus
752 1439 881 1508 metitur,
899 1437 959 1493 sive

131 1540 196 1580 eam
214 1540 277 1596 quae
293 1525 382 1582 vasis.

168 1612 249 1684 (Gap.
278 1612 373 1668 XXIV.
390 1644 422 1654 -
440 1613 520 1669 Vens.
549 1615 589 1686 5.)
605 1637 619 1664 «
649 1615 799 1687 Principes
819 1621 959 1674 sanctua-

130 1702 178 1768 rii,
195 1700 249 1756 filii
262 1700 410 1770 ithamar,
427 1701 574 1776 principes
589 1702 650 1769 Ilei,
671 1705 706 1759 de
722 1703 791 1760 liliis
807 1704 933 1760 llleazari
951 1723 958 1762 ε

129 1789 279 1863 principos
308 1789 493 1846 sacerdotum
522 1791 557 1846 de
586 1790 713 1848 Eleazar.
746 1815 757 1842 ι
786 1793 820 1848 llt
849 1793 958 1850 idcirco

129 1877 278 1950 principes
288 1877 338 1933 Ilei
354 1877 493 1934 dicuutur
508 1878 654 1951 principes
667 1880 826 1936 sanctuarii
838 1881 873 1938 de
885 1880 960 1938 ltha·

130 1983 207 2036 mar,
223 1967 293 2038 quia
306 1965 345 2021 ibi
363 1965 586 2024 ministrabant.

165 2054 259 2127 (νοτε.
276 2055 330 2127 16).
349 2076 363 2105 n
383 2055 529 2111 vicesima
544 2055 676 2112 Ezechiel
691 2074 698 2124 ;
714 2077 728 2108 a
745 2073 762 2112 a
777 2073 836 2130 qua
850 2073 958 2130 cogno·

129 2159 197 2200 men
212 2143 334 2201 sortitus
350 2147 394 2200 est
409 2142 539 2200 Ezechiel
554 2145 706 2216 propheta.

165 2232 258 2304 (Vera.
273 2233 332 2304 22.)
348 2255 362 2283 u
392 2231 543 2289 Salomolh
572 2233 607 2289 de
634 2232 703 2289 tiliis
719 2233 846 2291 lssahar.
865 2256 879 2284 »
903 2235 956 2290 Su-

127 2321 228 2393 perius
243 2321 358 2394 generis
373 2321 516 2378 feminini.
534 2321 686 2378 Salomoth
703 2339 769 2378 vero
786 2323 815 2378 in
831 2339 957 2395 sequen·

126 2410 209 2466 tibus
223 2409 339 2482 generis
355 2409 521 2466 masculini.

163 2499 258 2570 (Vens.
273 2499 363 2570 26.)«
392 2498 455 2554 Filii
485 2499 589 2556 llerari
616 2499 770 2556 lauziahu.
789 2523 802 2550 n
826 2501 957 2559 lliolaa·

125 2588 238 2653 ziahu,
268 2589 298 2644 in
322 2587 461 2644 vicesima
500 2593 604 2661 quarta
633 2588 783 2645 llasziahu
805 2589 954 2647 scribitur.

125 2677 279 2734 Maaniahu
295 2677 514 2749 interpretatur,
538 2677 695 2734 decurrite
719 2679 776 2734 llei.
803 2678 954 2747 Jaaziuhu,

124 2767 268 2824 auxilinm
295 2767 418 2824 Domini.

162 2856 243 2927 (Cap.
260 2853 395 2911 XXV.-
413 2855 491 2913 Vens.
507 2856 548 2925 5.)
564 2879 578 2908 u
609 2855 644 2912 Ut
673 2856 780 2912 exaltet
806 2873 909 2928 cornu,
940 2881 954 2909 »

124 2947 154 3002 id
172 2949 227 3014 ost,
244 2961 335 3000 cornu
352 2944 449 3012 lsrael,
466 2946 525 3000 sive
540 2961 643 3013 cornu,
658 2961 755 3017 regem
771 2944 872 3002 David.

160 3033 255 3103 (Vens.
270 3035 328 3106 27.)
345 3055 358 3083 n
375 3033 405 3090 lu
422 3038 499 3090 sorte
513 3033 653 3090 vicesima
668 3033 783 3100 illiba»
800 3034 850 3107 qui
867 3034 953 3107 paulo

1017 550 1090 606 mini
1105 558 1240 622 expertus
1255 557 1309 608 est.

1051 638 1147 709 (Vens.
1169 641 1225 712 lh)
1235 663 1248 690 «ι
1267 642 1298 696 ln
1315 639 1484 714 laslisregia
1499 642 1586 698 David
1601 661 1607 710 ;
1625 666 1639 693 a
1654 645 1725 716 quia
1737 659 1843 717 super·

1016 728 1148 783 veniente
1178 728 1379 801 indignatione
1403 731 1464 798 Dei,
1490 733 1587 788 omnis
1616 733 1671 788 iste
1699 749 1842 790 numerus

1016 818 1208 873 conturbatus
1222 823 1277 885 est,
1291 823 1320 874 et
1343 836 1401 875 non
1418 821 1537 876 luerunt
1552 821 1702 877 distributi
1720 839 1772 894 par
1786 821 1842 878 mi·
1905 860 1909 872 ‚

1016 903 1148 972 nisteria,
1164 909 1310 980 nequead
1325 907 1426 980 aliqua
1440 909 1547 965 officia.

1051 994 1144 1066 (Vera.
1160 995 1218 1068 25.)
1234 1017 1248 1046 u
1267 995 1316 1051 llis
1332 1002 1429 1052 autem
1459 997 1618 1066 thesauris,
1638 997 1688 1071 qui
1710 1001 1794 1055 amnt
1812 998 1842 1056 io

1016 1082 1149 1139 urhihus.
1168 1106 1181 1134 a
1197 1083 1366 1141 Thesauros
1380 1085 1410 1140 in
1433 1085 1576 1154 hocloco,
1593 1103 1651 1142 non
1667 1086 1764 1144 solum
1793 1103 1843 1160 pe·

1015 1171 1144 1237 cuniam,
1160 1173 1210 1228 sod
1223 1179 1250 1228 et
1266 1189 1369 1230 omnes
1384 1174 1584 1231 substantiam
1601 1177 1744 1233 nominat.

1049 1259 1141 1330 (Vens.
1170 1261 1227 1326 32.)
1252 1284 1266 1312 «
1291 1262 1439 1318 lonalhan
1465 1268 1563 1320 autem
1603 1270 1725 1336 patruus
1753 1265 1841 1322 David

1014 1347 1189 1405 consiliarus
1216 1371 1230 1401 »
1257 1350 1318 1422 ipse
1346 1356 1390 1406 est
1405 1351 1519 1408 Nathan
1548 1353 1698 1426 propheta.
1715 1353 1842 1413 Patruus

1013 1453 1079 1494 vero
1094 1437 1214 1494 honoris
1229 1443 1258 1494 at
1273 1439 1500 1512 propinquitatis
1516 1457 1607 1498 causa
1620 1447 1750 1500 vocatur.

1049 1526 1147 1598 (ibid.)
1164 1549 1177 1576 u
1194 1527 1289 1583 lahiel
1319 1528 1398 1584 illius
1421 1529 1584 1604 achamoni·
1610 1535 1673 1586 erat
1687 1547 1755 1587 cum
1771 1531 1841 1589 llliis

1015 1614 1101 1686 regis.
1119 1637 1133 1664 »
1145 1615 1202 1671 lste
1216 1615 1311 1672 labiel
1326 1621 1371 1672 est
1385 1616 1464 1672 tilius
1478 1617 1581 1688 David,
1595 1618 1646 1690 qui
1661 1619 1691 1675 in
1708 1621 1842 1695 lleguum

1013 1702 1115 1758 Chilah
1129 1703 1308 1760 nominatur.
1329 1707 1500 1773 hollamoni,
1515 1708 1737 1779 sapientissimus
1752 1725 1759 1764 ε
1777 1710 1842 1783 ipss

1014 1797 1059 1847 est
1073 1791 1175 1847 David.

1052 1879 1132 1952 (Gap.
1156 1880 1255 1936 xxix.
1271 1913 1305 1922 -
1334 1882 1415 1938 Vera.
1430 1882 1488 1954 at.)
1506 1905 1520 1934 a
1534 1883 1649 1940 'laurus
1676 1884 1842 1942 millenum

999 1968 1207 2025 *libaminibus
1222 1970 1307 2026 suis:
1324 1993 1338 2021 n
1354 1971 1383 2026 id
1400 1975 1444 2026 est
1458 1987 1526 2028 cum
1540 1971 1618 2030 vino.

1048 2056 1142 2124 (Vere.
1172 2057 1229 2129 22.)
1260 2080 1270 2108 ι
1303 2058 1452 2114 Unxerunt
1482 2061 1612 2116 secundo
1653 2060 1841 2118 Salomonem

1013 2144 1107 2201 illium
1123 2145 1252 2201 David.»
1268 2145 1526 2203 Unxeruntautem
1537 2164 1605 2204 eum
1617 2149 1647 2204 in
1663 2150 1839 2222 principem,

1013 2231 1143 2289 dicentes
1159 2250 1166 2290 ε
1183 2234 1365 2307 Quicumque
1389 2240 1500 2308 regnet,
1527 2240 1560 2292 tu
1590 2235 1667 2294 lleus
1681 2243 1791 2310 noster,
1806 2241 1839 2295 tu

1012 2337 1129 2393 semper
1142 2321 1184 2378 sis
1200 2322 1277 2379 lleus
1292 2329 1401 2380 nostor.

1047 2410 1128 2483 (Gap.
1145 2410 1268 2467 XXVlll.
1284 2443 1317 2454 -
1334 2412 1412 2468 Vens.
1429 2412 1468 2484 l.)
1498 2436 1512 2464 ιι
1541 2414 1597 2481 Oui
1612 2419 1757 2486 praeeant
1771 2415 1841 2473 suh·

1011 2499 1124 2554 stantia
1153 2499 1230 2574 regis
1255 2517 1322 2556 cum
1337 2500 1494 2559 eunuchis.
1522 2503 1648 2571 »Queri
1667 2509 1764 2576 potest
1787 2521 1840 2561 our

1011 2587 1058 2644 hic
1072 2589 1201 2645 euiiuohi
1216 2589 1252 2646 ad
1269 2593 1329 2646 tam
1357 2591 1468 2662 grando
1482 2591 1641 2648 concilium
1662 2593 1757 2649 vocati
1774 2609 1840 2651 esse

1010 2675 1158 2745 dicantur,
1172 2693 1239 2733 cum
1250 2677 1397 2734 israelitas
1411 2679 1544 2735 abscindi
1560 2679 1605 2736 lox
1622 2681 1802 2753 prohiberet,
1811 2685 1841 2739 et

1009 2762 1178 2837 alienigene
1208 2782 1265 2823 uon
1294 2766 1378 2824 lacile
1405 2773 1531 2839 possunt
1565 2769 1680 2826 admitti
1715 2771 1752 2826 ad
1777 2774 1837 2828 tom

1009 2853 1119 2924 grande
1145 2854 1303 2911 concilium
1331 2857 1418 2928 (ssent.
1435 2873 1517 2923 xxiii,
1548 2859 1560 2914 l
1592 2859 1672 2932 sep).
1703 2859 1839 2916 Tradunt

1009 2941 1119 2998 Hehraei
1134 2942 1164 2998 in
1181 2943 1314 3000 hocloco
1334 2944 1400 3001 illos
1423 2946 1518 3001 vocari
1542 2946 1705 3014 eunuchos,
1722 2949 1783 3020 qul,
1799 2947 1837 3004 ah

1009 3030 1147 3088 omnibus
1162 3032 1276 3088 actibus
1304 3033 1401 3090 saculi
1421 3033 1520 3104 alieni,
1536 3033 1660 3091 orationi
1677 3039 1792 3091 tantum
1808 3038 1837 3092 ot

123 3123 263 3196 superius
278 3121 391 3179 illiatha
416 3121 586 3179 nominatus
608 3129 661 3180 est.
678 3123 791 3180 illietha
805 3123 950 3196 interpre·
1008 3119 1124 3176 lectioni
1141 3121 1283 3178 vacabant
1299 3138 1306 3178 τ
1323 3127 1352 3178 el
1366 3137 1471 3178 uxoriae
1500 3139 1559 3180 nou
1575 3139 1665 3180 ⁰⁸⁰⁸&
1692 3122 1833 3190 libidini&

121 3217 216 3280 tatur,
231 3211 301 3267 llam
315 3227 391 3267 mesu
404 3215 433 3266 tu
442 3228 452 3274 ,·
467 3211 559 3283 aliha,
575 3212 645 3268 hena
659 3229 735 3268 meua
747 3214 819 3268 ueni.

966 3192 1057 3263 Csed
1086 3209 1280 3282 suscipiendo
1308 3211 1398 3284 prolis
1426 3211 1521 3282 gratia
1558 3211 1714 3279 habehant,
1758 3228 1833 3285 quos

160 3299 355 3374 (eapxxvt
371 3300 492 3357 -Vers
515 3300 571 3372 15.)
600 3321 615 3352 a
644 3301 833 3357 0bed-lldom
860 3301 948 3375 plaga
1000 3295 1831 3376 losephussecundumeorumheresimllsssnoslhlrocat.

120 3388 266 3447 australis
287 3393 316 3444 et
337 3387 405 3444 liliis
428 3393 475 3445 est
499 3388 606 3444 domus
633 3388 758 3444 concilii.
783 3411 796 3438 »
821 3388 946 3445 Domum

1038 3385 1130 3456 (Vens.
1146 3388 1186 3459 2.)
1199 3409 1213 3438 a
1231 3387 1339 3444 Audite
1366 3404 1423 3456 me,
1451 3390 1556 3446 iratres
1573 3390 1630 3446 mei
1660 3395 1690 3446 et
1704 3393 1834 3464 populus

119 3477 240 3536 concilii
255 3475 386 3550 plerique
400 3476 524 3552 intelligi
540 3476 642 3534 volunt
653 3477 946 3548 Sanctusanctorum,
1003 3489 1096 3530 meus.
1113 3497 1127 3526 u
1145 3477 1176 3530 ln
1189 3476 1244 3531 hoc
1259 3475 1322 3532 loco
1337 3482 1366 3532 et
1390 3478 1602 3535 fraternitatem
1625 3483 1654 3534 et
1668 3479 1829 3552 prioratum

120 3569 153 3624 in
172 3582 232 3640 quo
246 3571 310 3622 erat
324 3581 466 3622 arcanum
482 3565 608 3622 consilii.

157 3657 240 3728 (Gap.
255 3654 363 3711 XXVll.
381 3685 414 3696 -
429 3654 512 3711 Vera.
530 3655 585 3726 18.)
601 3677 616 3704 «
645 3653 731 3710 illihu
752 3655 843 3710 irater
857 3653 947 3710 David

1003 3577 1093 3618 suurn
1108 3563 1301 3620 demonstrat.

1039 3681 1073 3690 -
1087 3651 1167 3723 (Cap.
1184 3651 1279 3708 Xlllll.
1295 3652 1377 3708 νοτε.
1392 3654 1451 3724 23.)
1480 3676 1494 3702 a
1524 3653 1664 3726 Seditque
1692 3654 1830 3713 Salomon

119 3743 369 3817 princeszuda;
386 3765 401 3793 n
416 3743 445 3798 in
464 3743 575 3817 Regum
590 3743 671 3799 llliah
694 3747 814 3799 vocatur
834 3745 858 3815 (l
886 3744 948 3815 llep.
1004 3755 1093 3812 super
1119 3739 1259 3796 thronum
1274 3740 1408 3809 Domini;
1428 3762 1442 3792 »
1458 3745 1578 3813 propter
1605 3740 1830 3800 similitudinem

119 3851 184 3905 xvi,
198 3834 237 3895 6).
254 3831 344 3900 illiab,
377 3837 448 3889 Dens
462 3847 538 3888 mens
564 3840 653 3903 poter,
670 3831 765 3896 illihu,
790 3833 951 3888 neormam

120 3923 270 3980 omniane.

159 4012 255 4083 (Vens.
275 4010 357 4082 23.)«
374 4008 472 4066 Noluit
499 4012 598 4065 autem
622 4025 672 4066 eos
694 4009 780 4065 llavid
796 4025 951 4066 numerare

120 4117 140 4156 a
155 4097 260 4172 viginti
278 4100 285 4134 ¹
301 4097 388 4155 annis
402 4098 440 4170 (a)
456 4096 589 4154 iuferius.
606 4120 620 4150 n
647 4097 723 4154 Usus
737 4099 816 4153 enim
832 4105 894 4154 erat
909 4103 951 4166 ul,

119 4189 148 4246 si
165 4187 531 4261 quandonumeraretura
553 4186 655 4260 viginti
683 4187 769 4242 annis
797 4193 825 4243 et
851 4203 952 4260 supra,

117 4283 351 4334 numerarentur
364 4275 394 4330 hi
409 4275 459 4347 qui
477 4279 611 4348 poterant
638 4275 673 4330 ad
692 4275 768 4332 bella
783 4277 951 4348 procedere,

119 4367 178 4420 aut
191 4361 290 4434 aliquo
306 4361 469 4418 ministerio
485 4363 577 4434 l'uugi.
594 4361 667 4428 Quia
691 4379 757 4418 vero
784 4363 874 4420 David
905 4380 953 4437 ga·

119 4450 264 4508 moraliter
274 4449 365 4524 jussit
379 4450 652 4519 omuesnumerari,
668 4454 698 4507 et
712 4467 803 4524 supra
816 4451 953 4526 vinginti,

164 4613 173 4647 ¹
189 4609 383 4682 Manuscripti
398 4609 477 4678 libri,
492 4628 509 4666 n
524 4613 624 4682 nipintr'
638 4615 720 4668 annis
733 4619 760 4668 et
770 4629 864 4686 supro.

161 4683 374 4753 ’conjunctim
390 4681 529 4754 leguntur
549 4683 739 4751 Quaesumus,
757 4685 819 4740 istae
836 4685 864 4740 in
882 4701 953 4742 mss.

121 4753 292 4823 codicibus,
308 4767 361 4810 neo
377 4752 438 4810 ulla
464 4753 492 4808 in
513 4753 573 4809 illis
597 4760 643 4811 est
659 4755 807 4812 distinctio
832 4757 906 4812 inter
921 4755 956 4812 li-

122 4825 215 4882 brum
231 4825 359 4899 primum
376 4829 405 4882 et
420 4827 595 4882 secundum.
612 4831 647 4884 At
668 4826 852 4884 colbertinus
868 4844 958 4900 supra

165 4969 204 5038 (nl
220 4965 315 5022 Nostri
333 4981 400 5022 vero
411 4983 482 5023 mss.
500 4966 649 5040 impresso
661 4967 778 5025 lectioni
796 4970 958 5028 rectissime

127 5039 343 5112 suffragantur.

167 5110 206 5182 (h)
222 5113 260 5165 llo
273 5105 390 5165 lisconio
400 5107 608 5181 loquiturlose
630 5109 696 5178 hus,
709 5109 760 5166 lih.
772 5112 809 5166 ate
823 5112 898 5168 lletlo
909 5113 957 5171 tu·

122 5181 345 5254 doleamne.
367 5179 459 5236 Verus
484 5185 583 5236 autern
610 5127 728 5240 blanco.
759 5183 845 5256 epist.
862 5185 909 5255 22,
923 5183 959 5242 cd

1006 3826 1135 3896 leonum,
1151 3827 1201 3901 qui
1216 3828 1305 3885 etiam
1321 3829 1351 3884 in
1369 3827 1527 3884 Cherubim
1543 3827 1758 3888 describuntur.

1041 3915 1135 3988 (Vera.
1151 3917 1208 3989 29.)
1223 3939 1237 3967 «
1255 3916 1342 3974 Gesta
1357 3923 1455 3974 autem
1471 3917 1560 3974 David
1578 3917 1676 3991 priora
1691 3925 1720 3976 et
1734 3919 1832 3976 novis·

1007 4005 1091 4061 sima.
1122 4026 1136 4056 u
1165 4005 1272 4072 Priora,
1303 4007 1421 4078 quando
1464 4007 1597 4080 regnavit
1623 4008 1653 4064 in
1682 4009 1794 4066 llebron
1824 4025 1832 4066 ι

1007 4093 1179 4160 novissima,
1209 4094 1328 4167 quondo
1357 4096 1489 4168 regnavit
1518 4095 1547 4151 in
1576 4094 1751 4154 Jerusalem.
1777 4097 1833 4154 No·

1009 4183 1131 4238 tandum
1146 4183 1224 4255 quod
1236 4183 1432 4256 quadraginta
1446 4184 1533 4240 annis
1547 4199 1685 4256 regnasse
1698 4185 1834 4258 perhihe-

1008 4275 1066 4337 tur,
1082 4277 1111 4326 et
1126 4271 1156 4326 in
1181 4271 1267 4327 Libro
1278 4271 1395 4328 Samuel
1410 4273 1540 4330 secundo
1556 4273 1698 4330 scribitur
1716 4279 1832 4347 septem

1009 4357 1094 4414 annis
1112 4368 1139 4413 ct
1161 4375 1211 4414 sex
1235 4359 1386 4416 mensibus
1409 4362 1440 4416 in
1460 4360 1585 4428 llebron,
1614 4361 1644 4417 in
1671 4361 1834 4419 Jerusalem

1009 4446 1130 4519 triginta
1144 4451 1203 4504 tres
1215 4448 1226 4481 ¹
1240 4447 1277 4519 (ll
1289 4447 1351 4518 lien.
1368 4465 1395 4518 v,
1412 4449 1439 4518 t,
1455 4450 1494 4518 5).

1008 4607 1145 4664 laudatus
1173 4607 1252 4664 huno
1280 4608 1385 4665 retinet
1410 4607 1528 4665 titulum
1558 4610 1688 4667 miniatis
1703 4608 1833 4667 litteris:

1009 4681 1123 4736 Fintunt
1147 4681 1316 4749 eraestiones
1340 4679 1372 4736 de
1401 4681 1471 4736 libro
1497 4682 1588 4754 primo
1614 4683 1830 4755 Paralipoment'.

1009 4752 1148 4821 Incipiunt
1163 4751 1196 4807 de
1210 4751 1335 4808 secundo.

1010 4964 1135 5021 linaturh.
1154 4981 1235 5020 num.
1255 4966 1290 5021 35
1319 4982 1326 5021 :
1358 4989 1371 5015 u
1401 4965 1553 5038 Taleslsc.
1577 4967 1773 5038 continentes)
1786 4966 1837 5024 Jo-

1012 5038 1120 5108 sophus
1149 5037 1178 5092 in
1207 5037 1336 5094 secundo
1363 5037 1491 5094 ludaico
1519 5039 1697 5111 captivitatis
1712 5038 1836 5098 historia

1012 5109 1138 5166 bissenos
1152 5109 1248 5164 relert.
1267 5130 1281 5158 a
