4056 6170
113 339 195 408 ιιι
556 325 1379 412 reincorporentuomeou.mecurio.
1738 323 1817 415 'stri

113 477 183 536 tiles
197 475 252 537 sibl
260 473 483 553 epithalamium
494 477 719 552 vindicarentur
730 479 816 538 istius
825 479 941 556 generis
955 477 982 550 Α
997 478 1083 538 medo
1098 483 1143 538 ιιι
1158 479 1278 555 quidem
1292 479 1419 540 carnalis
1433 477 1527 557 cibus,
1542 478 1661 544 elalius
1675 481 1817 558 spiritalis

113 584 235 626 carmen
251 571 439 642 assumptum
453 569 939 644 ost(5).Dpithelamiumsiquidem
994 575 1023 627 ct
1038 570 1094 627 alia
1110 571 1206 628 cernis
1230 572 1321 644 potio,
1343 570 1401 628 alia
1421 570 1543 646 spiritus
1562 572 1605 629 sio
1628 578 1674 631 est
1696 572 1815 648 quidam

111 655 270 715 munuum
297 659 490 716 cantieorum.
515 659 646 716 Primum
680 677 790 733 sponsa
814 665 887 729 orat,
913 664 941 716 et
995 675 1078 717 emor
1092 659 1188 717 earnis
1204 678 1221 717 a
1236 662 1343 718 Selene
1354 662 1563 733 veniens‚alius
1574 680 1655 720 emor
1667 664 1817 738 spirituas

110 747 218 806 statim
233 746 263 803 in
280 747 387 804 mediis
396 747 532 821 precibus
543 748 759 805 auditunitidet
769 755 939 822 presentem
994 747 1052 804 Deo
1068 749 1219 806 exordium
1235 749 1389 824 heberaei
1407 751 1480 808 beno
1497 755 1592 825 petest
1607 755 1721 812 duobus
1736 771 1816 812 amo·

110 835 355 910 sponsum,videt
369 834 606 893 adolescentulas
621 853 674 893 sue
686 837 835 894 comitatui
851 854 939 910 eopu·
994 836 1076 894 ribus
1091 838 1243 911 possiDeri.
1260 840 1289 896 si
1306 841 1402 896 carnis
1417 846 1531 897 amator
1545 858 1586 899 es.
1603 859 1730 899 amorem
1756 843 1815 917 spi·

110 923 201 982 ιιιιι.
216 925 327 982 Deinde
341 924 495 998 respondet
505 941 531 982 ιι
546 941 674 998 sponsus
691 942 698 981 ι
714 929 743 982 ιι
758 931 824 1000 post
838 925 939 1000 sponsi
995 924 1069 982 ritus
1082 943 1138 982 nen
1154 928 1245 999 capis.
1262 928 1401 986 Siemnia
1416 930 1577 1002 corporalia
1587 932 1816 1004 despectatione

109 1012 241 1086 eloquia,
257 1013 329 1068 dum
343 1011 395 1070 ille
409 1031 461 1086 pro
476 1015 541 1086 ejus
555 1014 665 1086 petitur
689 1014 795 1083 salute,
819 1031 940 1087 respon·
995 1014 1059 1072 dico
1075 1031 1193 1072 carnem
1208 1022 1260 1073 aut
1275 1019 1450 1090 sanguinem
1466 1021 1516 1076 sed
1533 1024 1687 1093 argentum
1706 1026 1736 1078 et
1750 1037 1816 1094 pos·
1887 1009 1889 1014 ⁸

110 1102 186 1160 slent
207 1099 334 1171 sodales,
350 1102 443 1159 donec
458 1119 585 1175 sponsus
599 1103 639 1158 eit
661 1102 691 1160 in
716 1103 860 1172 recubitu,
871 1107 900 1160 et
923 1121 941 1161 e
994 1105 1152 1172 sessiones,
1168 1107 1219 1162 sed
1235 1107 1329 1178 ipsam
1344 1111 1436 1164 terem
1453 1108 1610 1182 ipsumque
1625 1109 1741 1178 coslum,
1756 1110 1818 1168 heo

111 1191 253 1265 ριιιίιιιι
268 1195 438 1265 consurgat,
454 1207 485 1248 se
500 1191 634 1264 quedam
645 1198 940 1264 sponseernementa
994 1190 1103 1264 quippe
1118 1195 1338 1265 pertransibuut
1356 1213 1362 1250 ε
1380 1194 1403 1252 ιι
1419 1195 1477 1252 ista
1491 1199 1589 1253 omnin
1603 1198 1816 1272 contempsisti.

110 1280 259 1338 lactures.
641 1271 647 1283 '
994 1283 1023 1336 et
1038 1281 1073 1336 ed
1090 1280 1205 1338 nullum
1220 1281 1326 1339 horum
1343 1283 1443 1340 anima
1454 1289 1504 1342 lue
1518 1285 1646 1359 obligato
1656 1291 1710 1360 est,
1723 1304 1817 1361 neque

152 1369 271 1427 ὅθ’-Δ
285 1371 312 1427 2.
328 1367 436 1426 Verum
456 1369 520 1441 Jam
535 1369 600 1442 ipsa
614 1370 700 1427 verbs
712 1371 848 1442 ponenda
860 1376 940 1444 sunt,
994 1384 1144 1441 quoquam
1159 1371 1295 1428 vitiorum
1318 1389 1416 1429 amore
1430 1374 1575 1442 retineris,
1591 1379 1672 1448 potes
1687 1392 1817 1433 amorem

111 1458 147 1515 in
162 1457 274 1531 quibus
287 1458 440 1531 priusvox
463 1474 577 1530 sponso
602 1459 785 1531 deprecantis
810 1459 938 1517 auditur.
994 1473 1098 1530 capere
1121 1457 1293 1530 spiritalem.
1319 1460 1362 1517 lla
1385 1460 1475 1518 locuti
1497 1479 1601 1520 eumne
1634 1464 1701 1538 quie
1723 1465 1819 1523 evenit

110 1547 196 1621 (Gap.
212 1563 233 1620 r,
249 1563 324 1604 vers.
341 1549 354 1602 l
374 1547 394 1619 ι)
409 1545 551 1604 Gacaletur
564 1563 607 1604 me
621 1548 711 1604 emula
725 1551 782 1605 orie
794 1550 850 1604 sui.
867 1549 940 1616 Quo·
995 1546 1119 1613 occasio,
1139 1551 1172 1603 ut
1187 1549 1222 1604 da
1243 1565 1343 1606 amore
1367 1549 1491 1623 spiritali
1518 1551 1617 1626 eliqua
1636 1552 1814 1612 diceremus.

113 1653 184 1694 rum
199 1636 252 1693 iste
266 1639 312 1693 est
326 1637 603 1708 seusus:0uouaqoe
613 1653 741 1710 sponsus
752 1653 835 1694 meus
847 1637 942 1694 mittit
994 1635 1118 1708 Dxpedit
1132 1641 1230 1693 autem
1247 1637 1332 1695 nobis
1356 1638 1524 1696 Salomonis
1543 1641 1689 1698 custodire
1713 1659 1819 1715 prece·

115 1723 218 1782 oscula
229 1741 280 1798 per
293 1724 619 1796 ldoeem,miltitescula
630 1742 681 1799 per
691 1725 848 1799 prophetes
858 1727 940 1784 llam
995 1728 1090 1797 ptum,
1106 1731 1135 1782 et
1150 1727 1244 1798 magis
1259 1727 1339 1784 illius
1355 1730 1404 1801 qui
1430 1746 1482 1802 per
1505 1729 1692 1786 Salomonem
1717 1730 1819 1806 loque-

113 1814 209 1888 ipsius
224 1814 310 1887 cupio
321 1830 372 1870 ora
382 1813 629 1887 contingere,ipse
639 1813 811 1888 veniat,ipse
821 1816 940 1872 descen·
995 1813 1092 1881 hatur,
1108 1816 1144 1872 de
1158 1817 1303 1888 supientia
1316 1817 1355 1873 ita
1379 1818 1479 1874 dicens
1494 1836 1500 1875 :
1514 1819 1583 1875 rlrna
1608 1819 1698 1888 illam,
1723 1824 1750 1877 el
1764 1837 1820 1878 ser·

110 1902 627 1976 datoratigilursponsiPatrem,ct
640 1903 711 1960 dicit
727 1904 838 1960 adeum
851 1905 942 1962 :Dacu-
995 1903 1069 1960 uelit
1084 1907 1109 1959 te
1123 1923 1135 1971 ,·
1148 1907 1288 1961 circumdo
1309 1907 1401 1976 illum,
1429 1911 1455 1964 et
1478 1909 1614 1966 exallabit
1639 1918 1665 1966 le
1683 1927 1694 1974 ,·
1718 1915 1822 1968 tonora

109 1991 940 2067 laurnumcuteerissui.litqnirtalisestutcomples·
996 1992 1171 2060 illumatio
1190 1996 1371 2067 amplectatur
1394 1995 1427 2051 ⁴⁸.
1458 1997 1509 2054 Det
1531 1997 1651 2070 quidam
1679 1981 1821 2072 spiritalis¹

108 2085 163 2138 tur
177 2097 267 2154 super
281 2097 345 2136 eam
361 2079 562 2152 propheticum
579 2079 652 2136 iilud
677 2081 707 2136 in
727 2098 786 2154 quo
809 2081 939 2138 dieitur:
996 2081 1158 2153 amplexus,
1174 2085 1261 2154 etque
1276 2083 1389 2140 utinam
1404 2085 1555 2158 contingat
1572 2091 1604 2142 ut
1619 2103 1714 2143 meum
1729 2104 1820 2160 spou-

113 2169 392 2241 Adluclelaqueate
414 2169 531 2224 dicam:
558 2169 624 2226 licre
646 2169 744 2226 ericum
767 2187 776 2226 :
800 2185 940 2242 sponsam
995 2185 1060 2226 sam
1075 2170 1185 2226 arctius
1199 2171 1237 2244 (6)
1253 2173 1353 2244 sponsi
1376 2172 1530 2244 amplexus
1556 2173 1697 2246 includet,
1711 2180 1744 2232 ut
1767 2166 1821 2249 ego

111 2258 218 2332 sponsi
235 2258 459 2322 Palerexaudit,
477 2257 567 2313 mittit
583 2257 688 2314 Filium
711 2275 809 2315 suum.
831 2257 942 2316 Videon
996 2261 1233 2332 quoquepossim
1249 2259 1344 2316 dicere
1367 2262 1444 2333 quod
1467 2265 1496 2316 in
1520 2263 1623 2318 eodem
1650 2263 1725 2319 libro
1747 2265 1819 2321 seri·

110 2345 166 2404 illa
179 2363 248 2403 eum
261 2347 346 2417 cnjus
360 2345 573 2419 deprecabatur
586 2347 755 2418 adventum,
783 2363 869 2403 orere
888 2347 939 2403 de·
996 2351 1079 2419 ptum
1094 2353 1139 2403 est
1154 2365 1161 2402 :
1179 2347 1297 2405 Sinistra
1317 2351 1376 2421 ejas
1390 2350 1441 2417 aad
1464 2353 1554 2421 cupite
1579 2367 1650 2418 noco,
1675 2357 1701 2409 et
1723 2353 1821 2410 clauim

115 2435 204 2505 stitit,
230 2439 259 2491 et
277 2435 314 2491 sd
333 2450 401 2492 eum
416 2435 552 2491 corninus
580 2433 720 2506 loquitur,
748 2434 841 2507 (Vere.
870 2436 941 2507 1-2.)
995 2436 1073 2492 illiue
1088 2437 1295 2506 amplexabitur
1308 2455 1351 2494 me
1365 2439 1396 2493 ⁴⁰.

116 2525 255 2595 Quoniam
271 2524 341 2580 lona
354 2524 440 2580 alera
454 2533 502 2580 tua
515 2540 597 2595 super
621 2525 726 2592 uiuum,
751 2529 777 2581 el
800 2525 866 2581 eder
889 2541 940 2580 un·
1031 2526 1057 2579 3.
1075 2525 1274 2583 Οιιιιιιινιιι
1289 2543 1358 2600 erge
1381 2529 1472 2584 asculo
1493 2529 1550 2583 eris
1573 2529 1629 2584 sui.
1656 2528 1745 2586 Moris
1775 2535 1821 2588 ιιι

115 2617 283 2688 pacatorum
299 2618 410 2670 tuomum
432 2629 514 2685 super
535 2615 629 2669 omniu
647 2617 782 2669 aromata.
809 2614 942 2686 Sponsus
996 2613 1216 2686 seripturarum
1238 2614 1444 2688 imperativum
1469 2617 1590 2672 modum
1615 2634 1668 2689 pre
1691 2620 1820 2691 optativo

114 2701 209 2777 igitur
223 2701 359 2758 Christus
384 2699 494 2758 missus
519 2719 536 2757 a
560 2701 643 2758 Patre
671 2703 750 2758 venit
774 2707 881 2759 unctus
904 2703 958 2759 ad'
996 2718 1113 2775 ponere,
1132 2708 1164 2759 ut
1177 2703 1217 2759 ibi
1237 2706 1346 2760 :Pater
1359 2708 1453 2760 nester
1468 2705 1517 2776 qui
1529 2707 1568 2761 ecl
1585 2707 1821 2777 iucoelr's,suncti-

116 2807 269 2864 sponsam,
295 2794 324 2846 et
342 2788 450 2846 dieitur
473 2791 507 2846 ad
534 2807 601 2846 eum
619 2807 625 2845 :
644 2791 773 2847 Dilexisti
790 2792 941 2864 justitiam,
995 2789 1204 2860 ficeturnomen
1223 2797 1303 2848 tuum
1317 2791 1350 2862 ⁸⁰,
1378 2809 1430 2865 pro
1454 2791 1569 2850 Utinam
1595 2795 1818 2866 sanctificatum

113 2885 143 2937 et
157 2879 242 2936 adr'eti
256 2881 444 2951 iniquitatem,
460 2887 603 2951 propterea
618 2883 702 2936 unxit
722 2887 747 2937 te
772 2885 852 2948 Deus,
873 2883 942 2938 Deae
995 2885 1023 2935 et
1039 2896 1117 2936 nunc
1133 2881 1160 2935 in
1179 2881 1312 2952 prasenti
1330 2897 1336 2935 :
1355 2881 1496 2938 osculetur
1509 2899 1552 2938 me
1569 2885 1667 2940 ercule
1685 2886 1745 2940 oric
1762 2887 1818 2955 ιιι,

114 2979 179 3026 tuus
204 2969 263 3026 olco
291 2969 486 3025 resultationis
512 2985 571 3041 pru
593 2970 773 3041 participibus
797 2970 894 3026 luis“.
911 2970 940 3026 Si
995 2983 1048 3041 pro
1066 2985 1100 3024 eo
1116 2969 1193 3042 quod
1209 2976 1264 3037 est,
1281 2971 1398 3026 Utinam
1415 2972 1571 3028 osculetur.
1585 2971 1694 3029 Deinde
1706 2973 1820 3046 conspi-

114 3073 164 3114 me
185 3057 314 3130 tetigerit
337 3073 465 3130 sponsus
488 3063 517 3114 et
540 3073 593 3129 ego
616 3058 684 3113 boni
708 3058 805 3115 odoris
828 3073 888 3127 ero,
913 3064 942 3115 et
995 3057 1034 3112 eit
1049 3073 1203 3129 sponsum.
1219 3057 1634 3136 Venitdelibutosuugueotis
1652 3062 1823 3120 :uocaliter'

113 3162 168 3220 ego
182 3146 271 3202 liniar
282 3147 451 3218 unguentis,
466 3151 494 3202 et
509 3147 599 3203 adme
610 3149 778 3218 usqueeius
790 3151 940 3219 unguente
994 3144 1031 3202 ad
1047 3162 1186 3218 sponsam
1203 3153 1315 3219 poterat
1331 3148 1440 3214 venire,
1457 3166 1509 3204 nee
1525 3149 1645 3206 decebat
1665 3151 1749 3208 aliter
1764 3151 1819 3208 Pa·

113 3235 297 3310 pervenient,
308 3241 341 3291 ut
355 3235 465 3308 possim
476 3251 543 3291 oum
554 3235 692 3308 apostolo
702 3237 798 3293 dicere
815 3253 822 3293 :
838 3237 942 3294 Clricte'
955 3219 977 3286 C
996 3236 1071 3290 trem
1087 3236 1123 3290 ud
1135 3237 1254 3308 nuptias
1271 3235 1375 3292 lilium
1387 3237 1644 3295 destinarevariis
1657 3256 1724 3295 eum
1736 3239 1819 3296 unxit

115 3324 203 3380 Dauus
218 3323 391 3380 adortamus
406 3326 435 3379 in
451 3325 529 3380 amni
550 3323 607 3380 lece
621 3325 653 3380 ⁸⁸.
669 3325 728 3381 Nos
747 3330 845 3382 eutem
872 3341 939 3381 curn
994 3323 1164 3396 unguentis,
1203 3325 1270 3381 lecit
1294 3325 1377 3382 illum
1401 3325 1561 3383 Christum.
1588 3327 1673 3384 Venit
1695 3327 1826 3385 diversis*

113 3413 465 3480 bacaudivimuspdhue
475 3413 745 3486 peccatievitiisque
757 3415 940 3483 talemundo
994 3411 1133 3468 odoribus
1149 3413 1276 3486 spirans,
1293 3419 1320 3471 ot
1335 3415 1428 3485 audit,
1445 3418 1511 3488 quia
1526 3416 1597 3474 bena
1611 3417 1694 3474 ubera
1709 3425 1756 3474 tua
1770 3433 1817 3474 su·

114 3502 673 3576 quibusprophatspaenitensloquitur:
685 3504 941 3561 Putrucruutetcor
990 3515 1043 3572 per
1058 3503 1160 3556 uinum.
1177 3503 1311 3576 congrue
1327 3521 1423 3560 sermo
1437 3504 1555 3561 divinos
1570 3521 1659 3560 uuum
1674 3506 1820 3563 eamdem·

115 3597 206 3664 ruptae
217 3597 283 3648 runt
296 3593 436 3648 cicatrices
450 3607 520 3650 mese
533 3609 549 3646 o
564 3593 636 3664 secie
645 3593 816 3663 insipientia·
828 3608 896 3648 meae
906 3593 937 3648 ⁸⁸.
995 3604 1051 3661 que
1066 3604 1126 3643 rem
1140 3605 1191 3661 pro
1204 3589 1336 3646 locorum
1351 3591 1494 3662 qualitate
1516 3591 1642 3647 diversis
1669 3591 1818 3648 vocabulis

115 3679 270 3737 Peccatum
286 3680 386 3737 odoris
400 3683 445 3736 ιιι
458 3681 563 3751 putidi,
579 3681 673 3737 uirtus
684 3682 940 3753 spiratuuguenta
994 3681 1154 3747 nuncupat.
1171 3677 1293 3741 Quando
1317 3677 1413 3734 hostia
1428 3679 1548 3734 effamur
1571 3677 1601 3734 in
1618 3678 1692 3750 lege,
1715 3683 1744 3735 et
1756 3678 1819 3736 vult

116 3783 239 3840 quorum
253 3773 339 3841 typos
354 3768 482 3840 reperies
497 3769 528 3823 in
544 3769 651 3826 llxodo.
668 3769 802 3826 invenies
822 3786 940 3843 queque
994 3763 1176 3821 intellectum
1201 3767 1363 3831 ostendere,
1399 3765 1602 3838 pectusculum
1622 3765 1818 3838 separationis

112 3853 156 3912 ini
177 3861 301 3926 ιιιιιιιι,
322 3857 445 3930 onyche,
471 3857 642 3928 galbanum,
674 3863 703 3915 et
727 3857 850 3930 reliqua.
873 3859 939 3914 llaec
994 3855 1101 3910 affatur
1115 3856 1164 3926 (7).
1180 3853 1651 3932 Qusudoveroreeumbitaliquis
1665 3871 1733 3911 cum
1747 3855 1817 3914 issu

110 3945 235 4018 qnidam
251 3945 288 4001 ad
304 3945 479 4002 incensum:
496 3946 601 4002 deiude
615 3947 650 4002 ad
663 3962 737 4017 opus
751 3945 939 4020 unguentarii
994 3954 1023 4000 et
1037 3959 1179 4000 sensuum
1195 3945 1259 4016 ejus
1274 3941 1481 4000 commuuione
1500 3943 1671 4015 perfruitur,
1695 3960 1753 4000 non
1769 3961 1818 4017 pe-

110 4033 368 4092 renascerentur
383 4041 534 4108 unguenta
550 4052 557 4090 :
574 4035 604 4090 in
619 4034 728 4107 quibus
756 4042 803 4092 est
828 4035 939 4092 nardus
994 4031 1160 4087 olusculum
1186 4039 1217 4087 et
1245 4049 1350 4104 supra,
1380 4033 1431 4088 sed
1459 4037 1560 4104 peetus
1588 4031 1748 4106 alloquitur
1767 4033 1817 4107 (8).

110 4127 140 4181 sl
157 4127 262 4180 stacte.
278 4123 313 4179 st
328 4123 406 4179 Deua
422 4124 474 4196 qui
490 4123 557 4180 lecit
571 4122 673 4179 orelam
697 4129 726 4181 el
754 4129 874 4194 terrem,
899 4123 939 4179 lo-
995 4120 1083 4177 Porro
1099 4137 1165 4176 oum
1181 4137 1289 4192 sponso
1305 4119 1436 4193 loquitur
1451 4121 1486 4177 sd
1502 4135 1656 4194 sponsum,
1672 4122 1742 4194 quia
1763 4139 1817 4179 nu-

110 4212 264 4286 quiturad
280 4215 391 4277 llosen,
414 4211 518 4268 dicens
534 4229 541 4268 :
557 4213 611 4284 Epo
636 4213 751 4286 implevi
772 4229 816 4270 eas
839 4215 939 4286 spiritu
995 4207 1084 4283 ptialc
1099 4225 1216 4266 carmen
1233 4207 1392 4280 inducitur,
1409 4227 1466 4265 nen
1491 4209 1706 4282 pectusculum,
1732 4214 1765 4267 ul
1788 4211 1818 4267 iu

109 4301 261 4374 apamia
273 4303 300 4357 et
319 4301 485 4369 intellectus,
511 4305 540 4357 ul
561 4303 669 4372 faciam
690 4318 772 4374 opera
795 4305 866 4358 ertia
887 4321 940 4359 urr-
994 4297 1160 4362 sacrificio:
1180 4314 1237 4353 non
1255 4298 1818 4372 pectus,utinloennedisolpu103aod

108 4392 268 4461 ιιιιιιιιιιι
281 4390 322 4445 ⁸⁷:
339 4391 368 4446 et
382 4389 595 4462 unguentarios
612 4391 689 4448 Deos
705 4391 867 4448 Docetliec
883 4392 940 4448 nisi
995 4390 1028 4443 ut
1047 4387 1138 4442 ubera
1161 4387 1304 4452 nominet,
1329 4387 1430 4444 dicens
1447 4404 1454 4442 ι
1473 4389 1544 4456 Quia
1569 4388 1641 4444 dono
1664 4387 1747 4444 ubera
1772 4392 1819 4445 tua

110 4477 284 4551 spiritaliter
298 4477 511 4551 intelligantur,
528 4494 625 4535 noune
641 4479 746 4536 tabule
768 4486 838 4536 aunt
858 4481 939 4537 ruisi
993 4477 1196 4546 supersisam
1213 4477 1403 4532 communica
1418 4480 1452 4531 ut
1465 4492 1574 4550 sponse
1588 4493 1655 4532 cum
1680 4476 1819 4534 sensibus

109 4566 364 4638 aliquidhsbesut
378 4567 494 4633 secreti,
510 4582 606 4624 noune
620 4567 742 4641 indigne
766 4573 837 4624 eunt
854 4569 910 4626 lleo
924 4570 939 4626 ‘t
954 4587 978 4652 D
994 4565 1106 4636 sponsi,
1131 4570 1160 4620 ot
1183 4564 1260 4621 aciae
1284 4565 1354 4638 quia
1387 4565 1535 4621 inebriant
1556 4573 1642 4638 atque
1669 4563 1820 4623 letiiloaut

109 4655 234 4713 Necesse
248 4660 294 4712 ιιι
308 4654 397 4728 igitur
413 4659 480 4712 eu'm
496 4655 546 4729 qui
570 4657 672 4713 audire
695 4657 862 4729 Scripturas
876 4657 937 4732 spi·
993 4651 1161 4711 istiusmodi
1177 4654 1487 4726 cogitatusououuodo
1501 4659 1598 4710 autem
1615 4654 1691 4711 calix
1701 4655 1818 4711 Domini

108 4742 256 4802 ritualiter
269 4744 360 4811 nevit,
377 4745 493 4817 autqui
508 4751 654 4802 oerteuon
672 4745 763 4816 norit,
778 4745 938 4803 etDeside-
992 4741 1144 4799 inebrians
1172 4757 1262 4814 quum
1291 4744 1422 4815 optimus
1449 4747 1503 4814 est,
1531 4743 1573 4800 sic
1597 4745 1688 4799 ubera
1716 4744 1817 4817 spousi

109 4837 155 4889 rat
166 4849 267 4900 ιιιιιι,
298 4833 378 4889 omni
395 4831 495 4889 labore
515 4835 701 4903 contendero,
718 4840 750 4890 ut
773 4851 831 4890 nou
853 4835 939 4906 juxta
993 4830 1073 4887 omni
1089 4829 1211 4887 meliora
1226 4836 1296 4888 sunt
1310 4831 1387 4888 vino.
1404 4833 1474 4901 Quia
1490 4833 1559 4888 lorea
1570 4831 1656 4888 ulero
1670 4836 1720 4888 tua
1734 4848 1817 4906 saper

109 4935 229 4978 carnem
245 4925 275 4977 et
289 4921 463 4994 sanguinem
480 4926 677 4992 conversetur,
694 4939 753 4994 quo
778 4923 872 4995 possit
892 4925 938 4980 di·
980 4919 1096 4976 ¹virtum.
1116 4921 1145 4974 ln
1162 4919 1267 4976 mediis
1284 4921 1421 4993 precibus
1436 4921 1472 4976 ud
1488 4937 1630 4992 sponsum
1647 4920 1733 4976 verba
1746 4935 1817 4977 oon-

109 5023 187 5083 gnaa
207 5009 271 5066 lieri
296 5008 474 5081 spiritalium
499 5015 690 5078 secretorum,
714 5015 743 5067 et
770 5015 802 5066 ut
825 5009 936 5084 aliquid
992 5007 1075 5064 vertii
1092 5023 1099 5063 τ
1117 5009 1149 5063 st
1163 5007 1231 5065 ader
1245 5013 1449 5080 unquentorum
1477 5018 1587 5065 tuorum
1614 5025 1698 5082 super
1723 5009 1819 5068 amnia

108 5097 271 5154 audentius
282 5097 392 5162 dinam,
407 5096 533 5169 spiritali
549 5099 685 5171 cupidine
705 5098 749 5155 vel
774 5115 875 5156 umore
890 5116 938 5157 eo·
991 5099 1127 5154 ammata.
1144 5101 1207 5153 Non
1224 5097 1348 5166 uno‚sed
1364 5097 1503 5153 omnibus
1519 5113 1661 5169 sponsum
1677 5098 1818 5156 venituu·

107 5186 255 5244 caedatur
271 5204 278 5256 ;
295 5187 443 5260 siquidem
458 5191 504 5244 est
517 5192 546 5244 et
560 5188 702 5260 spiritatis
717 5189 849 5244 amorllt
864 5205 937 5262 que·
992 5193 1057 5244 ctus
1074 5188 1233 5261 unguentis
1248 5187 1298 5259 (9).
1315 5187 1344 5244 Si
1362 5193 1460 5244 aulem
1476 5193 1505 5243 et
1519 5189 1555 5244 ad
1571 5204 1667 5244 meam
1687 5189 1818 5247 animam

107 5279 399 5425 n‘gffielmarrtrihv,3,
410 5285 472 5413 ιἑιι
487 5287 554 5342 Gor.
569 5303 600 5356 ιι,
616 5287 660 5343 45.
699 5283 974 5355 “Psal.xxxvn,d.
1013 5285 1136 5343 ‘'llxod.
1166 5303 1242 5356 xxxi,
1273 5287 1299 5341 3.
1344 5286 1366 5320 ⁸⁸
1395 5285 1477 5341 Pror.
1506 5303 1544 5352 ιν,
1575 5287 1603 5353 7,
1631 5287 1658 5340 8.
1688 5287 1711 5323 ⁸⁹
1733 5287 1816 5356 Cant,

143 5473 163 5527 5
189 5469 286 5528 Codex
316 5469 468 5542 Βιιιιιιιι
497 5488 504 5526 :
534 5471 598 5534 llaec
636 5474 736 5545 quippe
772 5474 937 5542 [adulantur
1036 5475 1064 5541 7)
1080 5472 1314 5529 Seliueurtiauue
1329 5475 1359 5527 et
1373 5471 1536 5541 Bencensis,
1552 5473 1677 5546 affertur.

107 5545 215 5617 pariter
237 5547 265 5598 el
287 5543 501 5614 epithalamium
525 5559 606 5598 mum
632 5548 793 5616 pertonant.
820 5545 862 5602 De
886 5546 936 5601 ιιι
1037 5543 1174 5614 dilidam
1192 5559 1277 5613 mss,
1292 5541 1440 5616 eloquitur.

106 5617 202 5688 pentec
213 5614 269 5672 oili
277 5615 493 5685 epithalamium
502 5614 720 5684 uindicaranl,ct
734 5617 814 5674 talias
827 5619 936 5687 pencris
1025 5615 1063 5686 (a)
1079 5613 1175 5672 Codex
1191 5614 1344 5672 Beoccusis
1361 5634 1368 5672 :
1385 5633 1440 5672 non
1462 5633 1526 5686 uae,
1543 5617 1590 5676 aed
1611 5617 1739 5674 omnibus
1766 5627 1815 5670 ιιι

105 5689 311 5744 manentum
324 5694 496 5758 assumptum
510 5689 558 5742 eat.
990 5690 1089 5744 urcctue
1104 5689 1162 5745 cult
1177 5689 1414 5760 unpiunpuentis.

142 5757 183 5832 [dl
199 5755 283 5832 Dias„
297 5759 413 5816 arctius.
425 5755 510 5816 libb.
525 5757 608 5830 edit,
623 5757 719 5817 altior.
1378 5769 1382 5778 ¹
