4068 6170
136 317 215 397 tuat
693 337 744 400 on
766 335 843 400 ono
864 333 916 400 nr
936 327 1032 400 utos
1053 331 1281 401 tournines.
1760 325 1838 394 taso

134 468 172 526 ad
187 469 269 527 maie
282 467 448 544 AEgyptium
468 469 570 527 vicine
585 473 664 542 sunt,
681 473 709 527 et
723 470 833 545 pariter
861 469 955 527 admi·
971 473 997 536 Α
1012 467 1210 541 Nephthalim,
1226 468 1365 528 vicesimo
1390 479 1478 544 propa
1500 463 1635 528 milliario
1664 487 1682 528 a
1708 471 1839 527 cesarea

134 563 265 628 scantur,
1014 557 1153 632 Philippi.
1172 560 1397 631 adaquandum
1412 558 1510 616 insula
1526 560 1580 617 luit
1604 559 1722 636 prealto
1750 555 1835 624 mari,

169 651 393 724 Syracusetrtet.
424 667 523 716 xxxin,
555 650 608 718 12),
634 647 805 722 metropolis
841 647 956 716 Siciliae,
1012 647 1206 721 septingentis
1221 647 1359 721 passibus
1387 647 1500 705 divisa:
1532 649 1582 706 aad
1608 650 1644 705 ab
1672 647 1835 704 Alexandro

131 741 189 796 sub
205 739 404 813 promontorio
420 739 573 811 Pachyno:
590 738 737 811 siquidem
766 737 865 794 Sicilia
894 737 958 810 ipsa
1010 737 1257 792 terracontinens
1274 736 1416 805 lactasst,
1433 741 1551 810 propter
1578 736 1834 810 expugnationem,

131 829 228 886 tribus
243 828 437 886 caldislincta
447 828 655 900 promontoriis
669 843 675 881 :
687 827 764 882 unde
775 831 829 883 eta
844 827 955 882 trinau-
1013 825 1113 881 multis
1129 824 1158 882 in
1175 825 1253 881 brevi
1265 825 1337 882 irato
1351 825 1508 899 aggeribus
1524 826 1732 898 comportatis:
1749 825 1835 898 cujus

130 919 193 993 guli
209 918 315 991 spacia,
332 917 482 974 't'rinaaria
496 917 645 989 quondam
660 919 771 982 vocata,
788 931 855 971 mox
874 931 892 971 a
912 913 956 971 Si·
1012 914 1137 970 maxime
1153 914 1290 970 nobilitas
1301 914 1550 988 conchylioatqua
1565 931 1695 987 purpura
1710 917 1835 970 constat.

130 1008 197 1064 culo
212 1024 280 1081 rege
294 1005 393 1063 Sicilia
408 1006 485 1062 dicta
500 1010 553 1062 cst.
571 1004 699 1061 Primum
724 1001 955 1076 promontorium
1046 1004 1137 1059 Troes
1152 1004 1219 1073 (Act.
1234 1020 1300 1070 xxx,
1316 1005 1353 1076 5),
1366 1003 1467 1060 civitas
1495 1004 1570 1060 Asiae
1600 1002 1759 1073 maritima,
1790 1019 1836 1060 ea-

129 1095 447 1162 dieiturPelorum,et
473 1098 585 1167 spectat
614 1093 649 1149 ad
685 1092 876 1165 aquilonem:
906 1091 953 1147 cui
1010 1091 1352 1165 demantigoniadiota.

131 1183 867 1256 Messanacivitasproximacstzeladrersumax
898 1183 953 1236 lta·
1046 1179 1183 1253 Thyatira
1214 1179 1281 1252 (det.
1298 1181 1406 1252 arni),
1423 1181 1526 1238 civitas
1555 1181 1659 1254 Libyae,
1697 1197 1761 1253 quae
1790 1183 1835 1237 est

129 1273 172 1331 lia
192 1275 305 1329 dietum
335 1278 380 1330 est
407 1271 640 1345 promontorium
668 1270 775 1336 Genus,
799 1269 952 1325 duodecim
1010 1269 1257 1342 provincieAsias‚
1275 1268 1544 1342 templaquondam
1560 1270 1716 1343 AEsculapii
1740 1269 1831 1325 lemo-

130 1362 296 1420 stadiorum
306 1361 639 1418 intervallosecundum
654 1358 953 1431 dieiturPachynum,
1009 1375 1056 1414 sa:
1073 1360 1158 1429 cujus
1179 1357 1249 1414 civis
1271 1362 1333 1414 erat
1356 1357 1406 1414 ille
1434 1357 1524 1432 Lydia
1547 1354 1775 1436 πορφυρόπωλις,
1802 1357 1832 1414 id

129 1452 210 1525 quod
224 1451 345 1524 respicit
359 1451 395 1508 ad
415 1451 605 1506 Euronotum.
634 1447 765 1503 Tertium
790 1445 956 1518 appellatur
1009 1451 1063 1518 est,
1088 1461 1223 1519 pauperae
1251 1447 1399 1514 venditrix,
1430 1463 1493 1520 que
1513 1449 1543 1503 in
1574 1447 1716 1521 Philippis
1744 1447 1833 1503 tidem

127 1541 301 1614 Lilybaeum,
318 1540 463 1596 civitatem
479 1539 612 1610 ejusdem
628 1535 756 1593 nominis
776 1535 898 1604 habeus,
926 1540 955 1591 el
1009 1534 1116 1590 Christi
1134 1535 1274 1608 suscepit.

130 1629 270 1703 dirigitur
287 1627 318 1684 in
334 1645 481 1685 occasum.
1044 1624 1250 1680 Thessalonica
1264 1624 1331 1694 (Aet.
1349 1641 1418 1688 xvir,
1435 1625 1472 1694 t),
1490 1624 1592 1682 civitas
1607 1623 1795 1681 Macedonio.

530 1716 553 1772 Τ
1043 1712 1205 1768 Theatrum
1229 1712 1298 1784 (Aet.
1326 1729 1385 1783 xix,
1415 1713 1471 1785 29),
1507 1712 1588 1769 locus
1616 1729 1633 1768 a
1665 1711 1832 1785 spectaculo

165 1808 277 1864 Tarsus
289 1806 357 1879 (Act.
372 1823 443 1870 xxii,
458 1807 497 1875 3),
522 1803 623 1860 civitas
649 1801 818 1874 metropolis
847 1799 954 1858 (tiliois
1008 1799 1182 1856 vocabulum
1200 1804 1347 1868 mutuans,
1372 1801 1450 1872 quod
1478 1800 1507 1856 in
1537 1817 1570 1857 eo
1596 1800 1722 1873 populus
1750 1803 1832 1857 stans

125 1895 294 1970 provincia,
310 1893 539 1968 Pauloapostolo
555 1893 692 1966 gloriosa.
1006 1889 1133 1962 desuper
1148 1893 1236 1961 atque
1252 1895 1398 1961 spectans,
1421 1890 1509 1946 ludos
1542 1889 1674 1946 scenicos
1702 1892 1832 1946 contem·

165 1985 258 2058 Tyrus
269 1986 339 2059 (tet.
356 2002 415 2051 xxa,
431 1982 644 2056 3),mctropolis
659 1980 809 2036 Phoenices
825 1980 855 2034 iu
872 1978 951 2034 tribu
1006 1977 1147 2051 piaretur.

166 2227 344 2284 Sahaecte'tar
353 2229 383 2283 in
398 2242 456 2282 mea
468 2241 520 2282 aas:
536 2225 627 2281 isthaec
650 2225 720 2280 lecta
734 2239 790 2278 non
802 2222 919 2290 indipna
942 2228 968 2277 et
985 2221 1138 2276 maeinrom
1166 2223 1273 2290 partem
1299 2235 1335 2275 ee
1356 2220 1520 2291 Hieronymo
1546 2229 1683 2289 excerpto,
1703 2219 1832 2276 hebraici

122 2299 266 2372 alphabeti
281 2300 477 2370 interpretatio,
494 2306 552 2353 tum
566 2314 585 2352 a
599 2265 965 2368 quommspmeonetudaeo
994 2293 1118 2364 expositu
1132 2291 1223 2346 elecem
1248 2293 1300 2346 Dei
1323 2291 1447 2356 nornine,
1480 2305 1544 2362 qitae
1576 2307 1631 2346 noa
1659 2291 1706 2346 obs
1735 2307 1765 2346 re
1785 2307 1830 2348 rrae

123 2371 405 2445 [uctarampatuuisi
420 2369 465 2425 llic
479 2369 667 2440 arljunperern,
694 2367 816 2421 momine
838 2381 900 2420 eum
913 2372 939 2420 et
967 2365 1027 2433 illo,
1058 2371 1086 2419 et
1113 2363 1199 2417 aliana
1222 2362 1305 2433 paulo
1329 2363 1478 2432 longiorem
1506 2361 1663 2417 eorumdem
1684 2361 1830 2418 nominum

124 2444 328 2514 expositionem
343 2459 360 2496 u
373 2441 529 2496 llrtrliunaeo
540 2439 706 2495 incuriosius
720 2437 823 2494 editum
833 2439 903 2492 mmo
920 2438 954 2505 V,
969 2450 1004 2490 ne
1024 2433 1091 2505 qnid
1118 2432 1328 2502 desideraretur,
1361 2433 1415 2488 hae
1441 2433 1599 2505 transferri,
1629 2441 1654 2489 et
1672 2435 1732 2506 ipsa
1758 2435 1828 2490 scri·

123 2517 230 2587 ptienis
244 2514 359 2584 indoles,
377 2519 404 2568 et
419 2513 559 2568 instittdus
574 2511 678 2566 enatis
693 2511 723 2566 in
737 2509 787 2564 truc
799 2506 948 2576 diperenda
962 2506 1121 2562 collectione
1134 2504 1199 2561 ordo
1211 2505 1371 2576 postularet.

623 2632 791 2690 ttessantct
812 2630 1015 2699 atPHaeatt
1032 2627 1332 2684 INTERPRETA'PIO.

159 2778 182 2825 rt
193 2762 267 2831 ater,
284 2761 375 2825 milla,
391 2761 434 2818 vel
448 2761 572 2817 doctrina
589 2768 608 2814 ¹.
1040 2737 1179 2813 blamed
1194 2753 1216 2819 ³,
1232 2752 1375 2820 doctrina,
1391 2751 1452 2809 sive
1465 2751 1623 2824 disciplina.

160 2865 182 2915 2
196 2852 280 2920 Beth,
291 2852 395 2909 domas.
1040 2853 1066 2902 t:
1078 2841 1165 2912 Mem,
1181 2857 1215 2897 ox
1230 2856 1299 2913 qua,
1316 2839 1360 2896 vel
1376 2843 1499 2914 seipsis,
1514 2841 1574 2897 sira
1589 2857 1675 2913 aqua.

162 2955 178 3004 Ι
194 2942 288 3000 Gimel
299 2942 352 3014 [dl.
369 2940 491 3012 Gemoll,
508 2937 671 3003 retributio,
687 2935 731 2992 vel
746 2935 899 3008 plenitudo.
1041 2928 1135 2996 :Num
1148 2930 1253 3001 ratast,
1270 2929 1313 2986 vel
1323 2928 1423 3002 piscis,
1439 2930 1499 2986 aive
1513 2931 1719 3002 sempiternam.

162 3031 280 3092 insted
297 3031 350 3104 [At.
368 3029 476 3098 Deledl,
498 3045 619 3102 pauper,
635 3025 679 3083 vel
699 3025 810 3092 tabule,
822 3024 882 3080 siva
904 3022 950 3094 ja·
1040 3018 1207 3086 oSameoh,
1222 3020 1451 3087 firmamentum,
1468 3018 1536 3074 licet
1556 3017 1677 3090 qnidam
1706 3018 1827 3075 arsatio·

121 3139 198 3179 nua.
1006 3123 1082 3178 nem,
1101 3105 1144 3162 vel
1159 3106 1338 3179 adjutoriam,
1355 3107 1416 3164 sive
1431 3107 1570 3164 fulturam
1584 3111 1698 3179 putant.

160 3223 183 3270 Π
199 3210 250 3278 lla,
267 3209 342 3282 ipsa,
356 3207 401 3263 vel
417 3209 480 3274 istu,
496 3207 557 3263 sive
572 3204 746 3278 suscipiens.
963 3191 985 3260 C
1039 3194 1137 3264 enin,
1154 3197 1224 3266 tons,
1241 3196 1302 3252 siro
1315 3196 1419 3253 ocutus.

158 3300 262 3370 svau,
278 3303 313 3370 et,
328 3297 401 3369 ipae,¹
418 3296 477 3353 sive
492 3296 564 3352 haeo.
1037 3295 1057 3347 a
1074 3285 1121 3352 Pe,
1138 3284 1197 3340 imo
1209 3283 1256 3352 Fe,
1272 3301 1301 3341 os
1314 3285 1348 3340 ab
1375 3300 1433 3354 ore,
1462 3301 1518 3342 narr
1540 3285 1575 3342 ab
1604 3300 1671 3356 osse,
1702 3285 1763 3342 sire
1787 3284 1827 3342 la·

158 3388 258 3450 rZain
274 3388 327 3460 [At.
344 3387 414 3457 Zail,
431 3385 516 3454 oliva,
533 3384 576 3440 vel
590 3381 751 3445 fornicatio,
766 3381 832 3435 baec.
1004 3390 1108 3446 queas,
1124 3373 1168 3430 vet
1184 3372 1330 3446 decipula.
1903 3367 1912 3382 “

159 3477 283 3545 nlletb,
299 3477 368 3547 vito,
383 3473 428 3531 vel
443 3473 591 3530 vivacitas.
1039 3461 1140 3522 t’Zadi
1159 3461 1214 3532 [dl.
1231 3461 1326 3534 Sadel,
1341 3461 1431 3534 regio,
1449 3461 1508 3518 sive
1518 3463 1639 3535 justitio.

159 3580 187 3627 t:
202 3565 308 3632 Thelb,
324 3566 433 3622 borram.
1039 3561 1060 3637 p
1074 3548 1134 3617 Coi,
1150 3551 1264 3606 vocalia.

160 3656 240 3713 sJob
266 3655 320 3723 [Al.
347 3652 439 3726 ioth],
465 3651 589 3709 scientis
616 3649 658 3706 vel
685 3649 865 3718 principiam,
900 3645 951 3720 apt
1040 3637 1140 3706 illas,
1156 3641 1246 3708 capel.

122 3745 304 3802 dominator.
1040 3739 1067 3786 ie
1083 3725 1145 3796 Sin,
1161 3725 1264 3782 denus.

164 3847 181 3896 2
196 3831 331 3907 ebatur.
346 3830 450 3902 Caphl.
466 3844 576 3899 manas,
592 3825 691 3900 palma
704 3828 725 3894 ¹,
745 3823 790 3880 vel
805 3822 878 3880 vola.
1041 3813 1163 3881 nThai,
1173 3815 1293 3886 siguum,
1309 3812 1379 3870 vett
1382 3854 1459 3869 .......

521 3967 699 4024 SYlllEONlS
714 3966 823 4024 JUDAEl
846 3960 965 4020 DECEM
978 3956 1039 4014 DEI
1053 3953 1222 4011 NOMINUM
1238 3953 1437 4010 expostam.

165 4069 306 4139 Sabaoth,
318 4070 345 4124 id
358 4073 414 4138 est,
424 4067 567 4124 Dominus
577 4066 730 4132 virtutum,
745 4062 888 4120 Dominus
904 4059 955 4116 mi·
1045 4069 1148 4143 Myon,
1159 4068 1304 4125 excelsus,

125 4161 276 4232 litiaram,
292 4159 434 4215 Dominus
448 4155 547 4214 omnia
561 4160 673 4212 lenens.
1045 4157 1195 4228 conseant,
1211 4157 1412 4231 Omnipotens.

166 4249 241 4318 illoi,
259 4248 347 4306 Deus.
1046 4247 1097 4304 Aia
1113 4248 1134 4319 ⁸,
1151 4247 1206 4313 Qui
1222 4254 1293 4318 erat,
1310 4249 1338 4303 et
1352 4247 1402 4319 qui
1416 4247 1480 4304 erit.

168 4335 316 4404 Saddecb,
331 4338 443 4392 iustus.
1046 4336 1227 4405 Baruoebba,
1239 4335 1413 4394 benedictus
1427 4341 1518 4409 pater.

167 4426 295 4498 Adonai,
307 4425 457 4482 Dominus.
1047 4425 1150 4482 Berua.
1166 4425 1351 4482 Benedictus.

169 4514 215 4584 lll,
227 4513 330 4570 Fortis.

172 4658 180 4691 ¹
197 4659 265 4722 Qua
281 4672 334 4712 nos
348 4653 488 4711 vocabula
503 4653 600 4709 italico
616 4651 782 4708 charactere
802 4652 956 4726 descripsi·
1047 4657 1256 4712 ‘Evanuerunt
1270 4655 1300 4712 in
1316 4673 1371 4712 ms.
1388 4673 1452 4713 meo
1467 4655 1568 4712 littera
1588 4655 1709 4715 alteram
1724 4665 1835 4734 etymo-

132 4745 215 4798 mus,
232 4743 300 4784 oum
315 4726 420 4782 Hieron
443 4743 481 4795 m,
507 4723 745 4796 interpretatione
768 4726 957 4782 consentiunt
973 4709 996 4773 U
1011 4726 1117 4800 logiam
1133 4727 1296 4798 atterentes,
1313 4729 1416 4801 vixque
1431 4727 1538 4800 legitur
1562 4729 1617 4785 bat.
1648 4729 1833 4788 Martieneus

172 4800 310 4856 ’Vitiosa
326 4797 395 4871 legit
440 4797 544 4852 ertian.
557 4797 649 4868 palpa.
1017 4800 1046 4854 in
1063 4801 1125 4854 suis
1142 4798 1249 4871 legerat
1261 4800 1363 4855 salter.

172 4873 306 4927 ³lleram
318 4873 465 4940 corrupta,
478 4867 543 4938 tab,
561 4883 611 4940 pro
631 4864 742 4922 mered.
1051 4870 1210 4926 ‘Martiam
1227 4871 1298 4926 Aio:
1315 4875 1343 4926 et
1354 4886 1421 4926 mos
1433 4871 1556 4927 Barnous
1592 4868 1673 4944 legit,
1702 4888 1753 4945 pro
1778 4889 1836 4945 quo

173 4942 281 4999 ‘idem
295 4943 370 5012 Feta,
391 4945 419 4996 et
433 4939 539 4996 deinde
560 4939 759 5010 serpentinum,
788 4954 840 5010 pro
865 4942 964 5012 sempi-
1018 4939 1238 4998 malletBarnca
1253 4958 1287 4997 ex
1302 4941 1426 4998 Arabica
1446 4941 1668 4999 terminatione:
1689 4948 1718 5000 at
1732 4945 1839 5001 rectius

132 5024 260 5072 temam.
1018 5028 1109 5086 supra
1124 5014 1250 5068 omniurn
1263 5028 1407 5086 possessor,
1428 5028 1480 5085 pro
1496 5013 1678 5084 omnipotens.

524 5269 608 5364 DE
642 5268 770 5364 DEO
805 5270 883 5365 ET
917 5271 1268 5368 NOMINIBUS
1302 5271 1465 5368 EJUS.

179 5557 371 5618 Beatissimae
394 5556 600 5628 Hieronymus,
624 5555 668 5610 vir
689 5555 907 5612 eruditissimus
936 5559 965 5611 et
1020 5572 1092 5612 num
1107 5555 1378 5630 interpretationem
1388 5555 1540 5630 primusin
1557 5557 1691 5614 Latinam
1712 5555 1845 5630 linguam

139 5647 304 5710 multarum
323 5645 492 5720 linguarum
506 5644 629 5719 peritas,
644 5643 833 5703 Hebraeorum
860 5643 963 5704 Nomi·
1018 5644 1225 5715 convertisse
1254 5643 1361 5720 quibus
1387 5661 1439 5720 pro
1465 5645 1610 5705 brevitate
1637 5642 1847 5719 pretermissis
