4056 6170
125 331 204 399 lttt
629 325 939 409 COMMENTARIUS
960 343 1001 409 ΙΝ
1023 335 1324 412 uomusmsruu.
1747 333 1826 413 litt

124 468 182 527 tibi
197 469 254 528 sab
270 467 348 530 solet
365 469 434 546 quia
449 471 510 530 hec
524 476 568 530 est
583 489 651 548 pars
675 481 726 534 lua
741 479 770 534 in
794 480 853 535 vita
869 484 897 535 et
918 479 948 534 in
963 482 991 548 Α
1006 478 1067 552 ipse
1082 479 1192 552 absque
1207 481 1340 554 adjutore
1350 471 1567 540 Deoadcaleem
1583 497 1640 542 non
1656 471 1826 559 boussen-

124 556 239 630 labore,
256 579 313 634 quo
330 566 361 618 tu
376 561 492 620 labores
512 563 566 619 sub
587 567 656 621 sole.
674 589 689 616 ιι
704 568 884 640 Sapientiam
904 585 949 624 se·
1004 567 1132 624 venire³.
1148 569 1203 624 Sed
1220 574 1328 626 etcum
1345 570 1476 643 pralium
1494 572 1581 628 luerit
1595 575 1734 631 adversus
1754 589 1825 630 oon·

123 667 219 723 quere
234 655 264 708 et
277 651 429 708 scientiam
451 653 680 726 Scripturarum‚
707 663 735 712 et
759 658 833 714 hanc
852 657 905 714 tlbi
920 657 950 712 ln

123 740 301 813 conjugium
326 742 428 814 copula
453 743 488 798 de
512 758 570 814 que
592 743 622 798 in
647 747 809 803 Proverbiis
824 747 948 803 dicitur:

123 829 196 886 Ama
211 831 302 900 illem,
319 839 344 886 et
358 832 477 888 servabit
490 839 534 891 te:
559 836 717 906 arnpleeare
742 837 831 906 iliam,
857 843 881 891 et
895 837 949 890 cir-

124 919 267 976 cumdabit
290 927 315 975 te
338 919 430 991 (Pron.
455 939 491 990 nr,
516 925 554 994 8).
585 927 650 982 Dies
675 931 771 981 autem
801 922 949 994 vanitatis,

123 1009 192 1066 dies
205 1008 402 1080 hujussaeculi
415 1027 540 1084 nequam
552 1015 720 1087 significant
731 1015 773 1086 [Al
784 1013 949 1086 siguificatl.

123 1101 168 1153 De
183 1113 242 1168 quo
257 1101 287 1152 et
299 1098 456 1168 Apostolus
476 1117 534 1156 non
559 1107 644 1158 tacet.
671 1104 751 1167 Quod
777 1109 875 1158 autem
890 1102 949 1157 ait:

123 1207 140 1236 ιι
162 1185 233 1241 Vide
265 1186 355 1242 vitam
390 1204 457 1244 uum
473 1188 605 1260 muliere,
638 1208 726 1263 quarn
759 1191 947 1260 dilexistis»

123 1273 265 1347 ambigue
280 1275 390 1330 dictum
407 1283 461 1343 est,
477 1279 536 1335 sive
551 1280 616 1335 vido
644 1286 673 1336 et
697 1280 894 1352 contemplare
907 1281 950 1335 vi-

124 1367 202 1431 tam,
218 1368 247 1418 et
259 1363 322 1435 ipse
338 1369 366 1418 et
381 1371 517 1422 uxortua
540 1372 637 1424 tecum
653 1371 722 1439 (non
746 1370 823 1424 enim
843 1369 951 1442 poteris

125 1453 193 1508 siue
206 1451 258 1508 tali
273 1468 362 1508 uxore
376 1451 457 1510 solus
472 1455 568 1512 videre
594 1457 704 1528 ritum),
721 1457 780 1513 sire
796 1462 952 1528 utrumqne

126 1540 294 1609 considera,
309 1545 338 1597 et
352 1542 417 1598 vide
430 1544 529 1613 vitam,
546 1551 574 1600 et
589 1545 741 1601 mulierem
758 1546 862 1602 diebus
874 1546 951 1600 vani·

128 1629 203 1685 tatis
216 1632 280 1685 tue.
297 1631 331 1686 Dt
347 1629 467 1703 pulchre
483 1633 621 1706 praecipit,
643 1639 675 1689 ut
688 1634 718 1689 in
739 1634 842 1690 dicbus
870 1635 951 1690 vaul-

128 1716 202 1774 tetis
215 1721 319 1774 nostrae
333 1735 431 1775 veram
447 1722 535 1776 vitam
545 1739 611 1777 cum
624 1723 768 1795 sapientia
778 1740 865 1780 uxore
876 1741 952 1796 qua·

127 1821 242 1862 ramus.
269 1807 334 1862 llaec
349 1809 427 1864 enim
451 1827 519 1881 pars
535 1816 635 1868 nostra
660 1815 714 1882 est,
730 1816 758 1867 at
782 1812 828 1868 hic
842 1812 952 1868 laboris

126 1892 254 1966 tructus,
272 1894 296 1950 si
313 1895 344 1950 iu
357 1896 411 1952 hac
430 1897 489 1952 vita
505 1899 654 1954 umbratili
677 1899 767 1954 vitam
790 1915 888 1956 veram
905 1900 949 1954 in·

123 1983 399 2041 venirevaleamus.

142 2087 154 2096 ·
165 2094 180 2120 u
196 2071 302 2128 Omnia
317 2089 380 2146 ques
396 2073 508 2130 invenit
532 2091 639 2132 manus
664 2081 725 2148 tua,
751 2083 783 2132 ut
810 2077 908 2148 iacias,
921 2077 951 2130 in

124 2160 237 2216 virtute
252 2165 304 2217 tua
320 2162 382 2217 l'ac:
399 2163 468 2235 quia
484 2180 541 2219 non
557 2169 602 2220 est
616 2182 700 2237 opus,
717 2169 745 2220 et
762 2166 908 2238 cogitatio,
925 2168 954 2221 et

124 2249 292 2319 salentiaci
306 2251 451 2322 sapientia
466 2252 494 2306 in
504 2253 616 2308 inlerno
637 2271 695 2324 quo
707 2256 830 2311 turadia
846 2254 925 2310 illuc.
940 2275 950 2304 ι

127 2338 188 2394 Fac
201 2338 399 2411 quodcunque
415 2358 492 2395 nunc
507 2346 599 2413 potes,
620 2353 647 2398 et
662 2343 778 2400 labora:
801 2345 870 2416 qula
885 2360 951 2399 cum

127 2427 168 2483 od
182 2425 330 2483 internum
352 2427 404 2499 [ll.
423 2429 548 2501 interna]
563 2431 749 2488 descenderis
761 2435 782 2503 2,
798 2433 880 2488 locus
895 2449 952 2488 non

127 2515 187 2572 erit
200 2515 387 2588 poenitentiae.
409 2517 479 2574 Huic
500 2519 569 2590 quid
587 2519 682 2576 simile
698 2521 869 2578 aSulvatore
883 2539 952 2593 prae-

132 2603 262 2676 cipitur:
280 2604 450 2677 Operumiut
466 2609 543 2663 464
556 2607 621 2664 dum
634 2609 692 2664 dies
707 2619 745 2665 est
759 2627 765 2665 :
780 2613 869 2666 veriet
887 2627 952 2676 uec,

127 2692 239 2764 quando
259 2710 337 2751 nemo
348 2697 448 2766 peterit
464 2699 573 2768 operari
588 2699 676 2768 (locu.
691 2717 727 2766 rr,
746 2701 783 2770 t).
805 2701 885 2763 Quod
902 2700 954 2754 auss

127 2785 191 2837 tem
207 2779 267 2837 ait:
284 2787 319 2838 ln
335 2785 443 2854 trisemo
457 2801 509 2855 quo
524 2795 554 2840 tu
569 2787 645 2842 uariis
665 2789 742 2854 illue,
765 2793 833 2844 nota
849 2793 881 2844 ut
903 2789 953 2844 Sa-

131 2869 261 2926 muelem
278 2888 393 2944 quoque
407 2889 473 2928 rore
488 2873 517 2929 in
543 2875 655 2931 inlerno
671 2878 773 2932 credas
797 2877 904 2933 luisse:
927 2881 955 2932 ot

131 2963 202 3015 anto
224 2959 380 3016 adventurn
406 2961 525 3034 Christi,
548 2965 683 3034 quamvis
707 2971 835 3037 sanctos,
852 2981 954 3022 omnes

126 3047 240 3104 inferni
255 3047 317 3120 lege
329 3051 471 3106 detentos.
497 3055 585 3107 Porro
618 3053 695 3124 quod
711 3055 804 3111 sancti
830 3060 895 3126 post
910 3072 954 3110 ra-

131 3136 345 3194 surrectionem
366 3139 479 3194 Domini
497 3156 681 3213 nequaquam
695 3148 850 3198 teneantur
865 3145 893 3198 in
911 3145 953 3198 in·

1004 657 1110 714 trarias
1124 663 1292 731 potestates,
1327 660 1363 714 de
1382 675 1439 732 quo
1455 660 1671 731 scriptumest:
1696 662 1824 733 Sanctifi-

1004 745 1176 802 catebetlum
1204 747 1311 818 (ierem.
1345 748 1443 820 vall:
1461 747 1527 804 lieet
1555 749 1705 817 robustus,
1725 754 1825 807 tamen

1006 834 1131 905 propriis
1146 835 1256 891 viribus
1272 835 1385 892 vincere
1395 853 1452 892 non
1463 836 1579 893 valebit.
1592 837 1740 894 Perfectus
1752 855 1822 910 quo·

1005 938 1062 993 que
1081 923 1110 978 iu
1126 923 1195 980 fillis
1209 923 1363 980 hominum
1379 930 1408 981 et
1423 925 1539 997 sapiens
1554 925 1698 982 viventem
1718 943 1825 1000 penem

1005 1013 1251 1083 atquecmlestem
1278 1012 1385 1068 habere
1409 1030 1466 1069 non
1492 1014 1607 1086 poterit,
1632 1014 1689 1071 nisi
1713 1033 1765 1088 per
1780 1033 1825 1072 sa·

1005 1101 1145 1172 pientiam
1180 1101 1379 1157 cohortantem
1408 1118 1414 1155 :
1449 1103 1550 1172 Venite,
1582 1105 1715 1160 comedite
1741 1121 1826 1176 partes

1004 1206 1087 1245 meos.
1105 1195 1138 1245 nt
1154 1190 1222 1262 quia
1236 1195 1306 1246 sunt
1320 1189 1427 1245 divitia
1441 1192 1462 1259 ⁴,
1487 1192 1521 1247 de
1544 1191 1653 1263 quibus
1667 1193 1825 1264 Apostolus

1006 1279 1064 1334 ait:
1080 1280 1183 1336 Diuites
1196 1279 1259 1349 fieri
1272 1280 1302 1333 iu
1318 1279 1444 1350 operibus
1460 1279 1538 1335 bouis
1562 1280 1584 1352 (l
1600 1282 1666 1336 lim.
1701 1298 1740 1349 νι,
1760 1283 1823 1348 18);

1006 1373 1034 1424 et
1050 1368 1137 1424 alibi:
1156 1369 1260 1424 Diuites
1287 1369 1353 1439 secti
1367 1370 1433 1423 estis
1448 1370 1478 1423 iu
1510 1370 1586 1424 omui
1611 1385 1736 1425 semeae
1748 1373 1776 1425 et
1793 1371 1825 1426 iu

1006 1459 1082 1513 omui
1113 1455 1338 1528 scientialiter.
1374 1473 1393 1525 1,
1406 1457 1453 1523 5):
1474 1457 1626 1513 sciendum
1652 1458 1826 1529 prudentem

1005 1545 1100 1601 uirum
1117 1545 1171 1601 has
1192 1561 1249 1600 non
1266 1561 1352 1616 posse
1367 1544 1484 1601 divitias
1495 1560 1684 1618 congregare,
1701 1545 1758 1602 nisi
1776 1561 1827 1602 aas

1006 1634 1160 1690 aDomino
1177 1633 1330 1706 acceperit,
1356 1635 1441 1704 cujus
1464 1633 1534 1706 ipse
1553 1633 1659 1690 divitia
1686 1639 1765 1693 suut.
1787 1639 1828 1692 De

1007 1721 1114 1794 quibus
1130 1721 1241 1777 etalibi
1256 1720 1445 1777 dictumest:
1466 1721 1619 1794 Redemptio
1637 1723 1743 1780 animae
1760 1725 1826 1792 riri,

1004 1813 1129 1884 propriae
1142 1810 1250 1866 diuitiae
1269 1810 1360 1881 (Prae.
1376 1826 1423 1877 xv,
1440 1810 1479 1876 8).
1504 1809 1603 1865 Gratia
1626 1827 1754 1883 quoque,
1770 1811 1828 1868 nisi

1006 1900 1160 1957 scientiam
1175 1898 1314 1955 comitata
1330 1897 1427 1964 luerit,
1442 1899 1829 1972 etooncessaeDeo,quam·

1005 1991 1050 2045 uis
1066 1989 1199 2045 eruditus
1214 1988 1258 2042 vir
1271 2003 1336 2044 eam
1353 2003 1409 2042 non
1426 1987 1533 2059 poterit
1547 1987 1687 2045 invenire.
1705 1989 1787 2055 Ouod
1799 1993 1829 2045 et

1008 2077 1115 2134 Paulus
1131 2078 1247 2133 sciens:
1264 2077 1338 2144 Plus,
1348 2073 1453 2147 inquit,
1463 2077 1653 2132 omuibusiltis
1662 2077 1829 2141 laboraui⁵,·

1006 2183 1062 2223 neu
1076 2169 1167 2221 aretem
1178 2182 1238 2235 epe;
1250 2165 1299 2220 sect
1308 2165 1402 2233 pratia
1415 2164 1464 2219 Dei
1473 2164 1549 2221 usu
1565 2179 1628 2236 pue
1646 2167 1657 2200 a
1670 2181 1776 2221 mecum
1789 2173 1830 2223 est

1009 2255 1032 2327 (l
1047 2255 1107 2310 Car.
1123 2271 1170 2320 xv,
1188 2253 1242 2324 10).
1256 2253 1291 2334 Di
1319 2252 1444 2320 iterum;
1460 2254 1558 2308 Gratia
1576 2254 1636 2324 ejus
1669 2254 1701 2309 iu
1715 2269 1759 2310 me
1772 2270 1829 2311 aaa

1007 2345 1167 2414 luiteroeua.
1183 2342 1217 2396 itt
1233 2341 1269 2396 ad
1301 2344 1463 2396 extremum
1479 2339 1607 2396 nescitur
1639 2340 1676 2396 ab
1697 2340 1827 2410 homine,

1008 2432 1127 2504 quaudo
1143 2435 1259 2502 tempus
1274 2428 1419 2498 adveniat,
1436 2428 1466 2483 in
1481 2445 1538 2501 quo
1553 2429 1651 2485 varios
1666 2433 1786 2489 eventus
1801 2433 1830 2487 et

1009 2521 1077 2577 sinis
1092 2520 1223 2576 omnium
1238 2518 1464 2588 subsequantur.
1479 2516 1828 2594 Haasecundumirapo-

1027 2611 1071 2679 ήν.

1008 2630 1025 2684 γ
1044 2699 1197 2764 (laterum,
1213 2699 1244 2751 ut
1258 2695 1421 2767 simplicius
1438 2695 1489 2761 [rit.
1502 2694 1831 2768 simplicibusldissere·

1010 2783 1282 2856 mus,liplstoluad
1316 2783 1547 2839 Rornanosbuic
1579 2784 1643 2840 loco
1672 2786 1828 2858 congruit:

1010 2877 1080 2944 Ouia
1093 2891 1148 2930 uere
1161 2874 1276 2928 veteratis
1309 2886 1396 2944 neque
1428 2874 1574 2942 curreutes,
1603 2873 1651 2930 secl
1673 2873 1831 2930 muamus

1009 2965 1058 3019 Dei
1072 2966 1107 3018 sit
1120 2963 1208 3032 (Rom.
1226 2978 1264 3028 rx,
1282 2960 1337 3031 lb).
1370 2961 1451 3025 Quod
1468 2965 1566 3016 autem
1582 2961 1640 3017 ait:
1661 2981 1675 3014 ιι
1694 2962 1756 3016 Νοιι
1786 2965 1832 3018 est

1010 3051 1192 3124 sapientibus
1213 3049 1307 3122 panis,
1329 3071 1343 3098 ιι
1365 3047 1525 3105 multorum
1545 3048 1674 3122 quotidie
1690 3050 1831 3122 probatur

1010 3139 1152 3212 exemplo,
1169 3139 1303 3212 quicum
1319 3136 1529 3209 sapientissimi
1562 3137 1631 3208 sint,
1657 3138 1830 3195 necessariis

129 3227 227 3296 terno,
252 3229 379 3283 testatur
396 3228 562 3300 Apostolus,
588 3231 708 3288 dicens:
725 3233 820 3287 lictius
845 3239 886 3288 est
900 3217 992 3288 ets-C
1012 3229 1154 3302 indigent.
1171 3228 1216 3295 at,
1234 3251 1246 3276 e
1259 3223 1383 3282 Non'est
1397 3225 1559 3282 scientibus
1570 3225 1674 3297 gratia.
1694 3247 1705 3277 ι
1722 3226 1830 3284 Videas

128 3315 215 3384 solui,
226 3323 252 3371 et
267 3331 323 3372 esse
356 3333 419 3372 auru
435 3318 541 3374 Christo
572 3319 705 3392 (Philipp.
721 3339 740 3386 1,
756 3321 811 3392 23).
827 3321 879 3386 Qui
901 3338 955 3376 eu·

130 3408 194 3460 tem
210 3419 277 3460 cum
292 3404 406 3460 Christo
422 3407 587 3476 estatinae
598 3423 655 3462 non
667 3410 822 3464 teneturln
832 3409 954 3464 interno.

170 3514 185 3542 ιι
202 3494 335 3550 Converti
365 3499 467 3560 nraet
499 3495 623 3552 uidisub
655 3496 956 3568 sole‚qooniamnon

133 3583 182 3637 est
195 3579 337 3638 velocium
354 3599 468 3654 cursus,
486 3583 654 3640 nolentium
676 3585 819 3656 pralium,
842 3601 895 3641 nec
910 3602 956 3641 sa·

134 3669 277 3741 pientiam
293 3672 390 3744 panis,
407 3689 459 3727 nce
474 3671 662 3744 prudentium
679 3674 796 3742 divitias,
807 3673 957 3729 neuscien-

135 3757 213 3813 tium
228 3757 338 3830 gratia:
355 3761 495 3832 quoniam
513 3765 630 3834 tempus
645 3766 675 3815 rt
690 3767 810 3818 eventus
827 3766 958 3818 occurret

134 3845 275 3903 omuibus
290 3847 358 3904 illis.
373 3871 386 3897 ιι
398 3848 451 3913 Qui
463 3849 577 3904 vinctus
586 3855 630 3904 est
645 3850 836 3922 compedibus
848 3851 956 3921 ferreis,

133 3940 165 3990 et
181 3935 321 4008 gravibus
337 3936 450 4008 plumbi
467 3937 589 3993 nexibus
598 3943 794 4010 pregravatur
806 3957 812 3994 :
824 3939 959 4010 lreiquitas

131 4028 212 4079 enim
233 4025 308 4080 sedet
332 4027 553 4096 sepiertuleutum
567 4029 727 4097 pulcenicum
749 4028 885 4095 (Zoelae,
910 4030 958 4100 7),·

132 4119 161 4168 et
177 4112 208 4167 ln
232 4112 348 4168 Psalmo
370 4112 519 4186 loquitur:
545 4116 623 4170 Sicut
648 4131 716 4171 orsus
741 4125 960 4187 praeceperatis

130 4209 294 4274 suntsuper
310 4219 351 4258 me
371 4203 455 4270 (Psal.
483 4221 587 4273 xxxvii,
604 4205 650 4276 5):
677 4210 794 4260 nonest
817 4211 904 4278 aptus
923 4207 957 4262 ad

132 4305 258 4346 cursum
292 4289 439 4360 illum,de
472 4293 673 4364 quodioitur:
706 4293 821 4349 Cursum
834 4311 960 4350 cauern-

132 4381 223 4448 mavi,
238 4379 321 4449 fidem
335 4383 442 4436 servari
457 4381 494 4452 (ll
507 4383 573 4437 Tire.
592 4399 628 4449 iv,
645 4384 685 4453 7).
700 4381 753 4446 Qui
770 4387 868 4438 autem
890 4381 961 4439 levis

133 4471 192 4533 est,
205 4471 236 4522 et
254 4468 354 4524 aalma
376 4469 457 4525 illius
480 4485 535 4524 uon
553 4473 700 4542 gravatur,
726 4469 918 4526 nihilominus
933 4475 961 4526 et

1011 3316 1089 3374 enim
1104 3317 1133 3372 iu
1150 3315 1277 3372 Ecclesia
1294 3314 1530 3387 imperitissimos
1556 3330 1688 3386 quosque
1707 3314 1828 3370 llorere:

1011 3411 1040 3462 et
1060 3407 1129 3478 quia
1143 3406 1310 3461 nutrierunt
1325 3404 1429 3460 l'rontis
1444 3403 1609 3471 audaciam,
1621 3407 1650 3459 et
1664 3403 1830 3460 volubilita-

1010 3477 1069 3550 tem
1090 3494 1195 3566 liuguae
1210 3493 1357 3548 corasecuti
1374 3495 1452 3558 sunt,
1479 3491 1548 3546 dum
1579 3508 1637 3547 non
1671 3492 1833 3565 recogitant

1012 3581 1081 3654 quid
1097 3582 1266 3652 loquantur,
1283 3579 1443 3650 prudentes
1455 3594 1486 3634 se
1502 3583 1531 3634 et
1544 3579 1675 3634 eruditos
1690 3579 1835 3635 arbitran-

1013 3676 1078 3725 tur:
1096 3668 1222 3724 muxime
1237 3667 1262 3724 si
1277 3667 1404 3722 levorem
1416 3664 1495 3737 vulgi
1509 3665 1836 3738 habuerint,quimagls

1012 3758 1099 3814 dictis
1129 3756 1289 3812 levioribus
1312 3753 1474 3810 delectatur
1497 3757 1526 3808 et
1550 3757 1757 3810 commovetur.
1774 3758 1837 3810 lite

1013 3846 1158 3903 contrario
1173 3844 1320 3900 eruditum
1335 3843 1430 3897 uirum
1447 3840 1536 3898 latere
1556 3841 1586 3897 in
1610 3841 1745 3909 obscuro,
1770 3858 1836 3914 per·

1013 3934 1274 4006 secutiones'pati:
1296 3937 1324 3988 et
1344 3948 1402 3987 uon
1419 3929 1514 3988 solum
1530 3928 1560 3985 in
1586 3927 1692 4003 populo
1708 3930 1833 4003 gratiam

1014 4043 1070 4081 uon
1087 4025 1204 4090 habere,
1225 4023 1275 4078 sed
1296 4019 1395 4092 inopia
1409 4025 1438 4076 et
1452 4023 1582 4092 egestate
1597 4019 1754 4077 tabescere.
1771 4024 1837 4079 llaec

1014 4118 1111 4171 autem
1134 4115 1217 4179 liunt,
1232 4110 1301 4183 quia
1319 4110 1430 4165 incerto
1445 4112 1522 4164 statu
1536 4109 1670 4164 l'eruntur
1684 4107 1792 4177 omnia,
1808 4113 1838 4166 et

1016 4220 1074 4259 non
1093 4203 1182 4259 estin
1203 4197 1338 4274 praesenti
1357 4195 1509 4254 retributio
1528 4195 1711 4265 meritorum,
1731 4197 1781 4252 sed
1803 4196 1834 4252 in

1014 4294 1124 4348 futuro.

1051 4404 1064 4431 ιι
1081 4380 1117 4435 Di
1136 4377 1253 4451 quidem
1271 4377 1363 4433 nescit
1376 4375 1483 4432 homu⁷
1499 4379 1616 4447 tempus
1628 4390 1727 4442 suum,
1750 4373 1835 4446 qussi

1016 4468 1112 4543 pisces
1132 4467 1181 4542 qui
1197 4467 1359 4523 retinentur·
1379 4465 1407 4519 in
1432 4463 1564 4537 captione
1585 4462 1743 4536 pessimat,
1761 4462 1838 4519 sicut

134 4593 198 4650 haec
220 4597 341 4656 estete.
364 4593 456 4650 Vatia.
481 4596 640 4651 l'iueuitum
657 4611 719 4650 cum
739 4581 1002 4669 soulieraqucmll
1056 4595 1238 4664 rseepraea
1256 4593 1304 4646 Dei
1336 4606 1406 4660 aare,
1423 4593 1478 4644 ete.
1508 4593 1539 4643 ln
1559 4604 1630 4644 mss.
1652 4587 1840 4660 nonpaucis.

134 4663 247 4720 duxisti
259 4665 389 4720 omnibus
404 4666 497 4722 diebus
513 4667 643 4721 urrrritutis
667 4675 733 4729 tum,
750 4669 798 4737 qui
821 4666 880 4722 dati
899 4679 963 4724 surii

135 4733 255 4791 tibiaci
269 4737 323 4793 sote
346 4739 472 4793 euerritur
494 4737 589 4794 diebus
611 4739 752 4798 urrrriraa's,
772 4740 828 4793 siae
848 4741 963 4796 instabi-

136 4806 226 4862 litatis
245 4814 306 4862 tuae.
325 4811 398 4876 Qreiu
414 4809 473 4866 liecc
487 4818 603 4880 estpars
619 4817 667 4864 luc
682 4811 710 4863 ia
728 4810 783 4864 uite
803 4813 859 4876 taire,
885 4815 910 4866 et
934 4814 964 4866 iu

137 4875 245 4945 labore,
261 4882 315 4934 etc.

175 4949 185 4982 ²
201 4947 254 5003 llic
269 4949 373 5005 iterum
391 4953 465 5016 ruera
481 4968 530 5033 pro
544 4951 613 5014 iride,
629 4951 786 5021 praeierunt
801 4955 859 5004 tros
879 4953 964 5007 modo

135 5018 253 5076 laudati
270 5038 353 5089 mss,
370 5027 457 5092 atrpue
483 5025 558 5076 iulia
582 5022 759 5076 coluerantor
780 5023 853 5075 solies
876 5025 965 5078 uicere

136 5092 237 5156 vitum,
251 5109 309 5217 spro
325 5094 428 5148 cistere.
445 5093 517 5156 Quin
552 5099 646 5177 cipro
679 5094 814 5176 dilt'rr'sli,
834 5094 962 5150 i'aticau.

136 5164 508 5307 q⁰2⁰⁰ilmmii⁰iil¹illt
524 5165 807 5292 ‘tristitiis
838 5235 963 5304 ιιιιιιι,

136 5321 204 5364 cum
220 5303 256 5359 ud
270 5307 380 5378 inferna
394 5307 572 5364 descenderis.
589 5307 731 5362 Maurus.

175 5375 187 5410 ³
213 5374 304 5434 Penes
327 5377 442 5433 Alcuin.
467 5379 571 5450 Absque
598 5379 736 5450 articularia
766 5379 879 5434 Domini
909 5395 963 5434 usu

137 5447 269 5522 potestati
283 5449 381 5504 cretum
393 5453 551 5520 perueru're.

177 5519 188 5552 ⁸
203 5517 314 5575 Palatia
330 5522 415 5578 alter.
436 5523 467 5576 st
487 5524 617 5593 qiioru'om
629 5538 684 5576 riou
698 5521 794 5576 desunt
809 5521 928 5578 diretta.

179 5590 235 5646 lln
251 5589 376 5654 Palatin,
392 5591 461 5648 l'lus
476 5594 601 5649 aturribus
617 5593 759 5652 tolerari:
783 5599 845 5647 tum
872 5593 963 5648 Vatia.

140 5659 189 5719 sed
200 5663 227 5718 et
240 5665 343 5736 pratia,
360 5668 416 5720 ete.

1018 4666 1064 4721 sed
1080 4669 1104 4721 et
1119 4666 1208 4735 pretia
1222 4677 1284 4734 quae
1294 4678 1399 4716 raecum
1414 4663 1462 4716 est.
1481 4659 1624 4715 Maurus.

1055 4739 1064 4770 ⁷
1085 4737 1163 4790 iriam
1182 4733 1303 4789 Palatio.
1326 4734 1361 4788 ht
1377 4733 1441 4802 quic
1452 4732 1538 4786 nescit
1551 4731 1641 4796 homa,
1655 4733 1708 4784 ete.

1054 4809 1064 4842 ⁸
1082 4808 1242 4861 ltetrrrcutur
1256 4807 1287 4859 iu
1305 4809 1429 4874 ereptione
1446 4803 1566 4874 pessima
1599 4801 1673 4857 Editi
1688 4805 1774 4855 antea
1787 4815 1841 4882 nos

1019 4878 1085 4934 libri
1103 4877 1237 4942 retinent,
1255 4878 1282 4932 lu
1294 4875 1425 4930 retiaculo
1441 4875 1532 4935 uralo;
1560 4872 1610 4929 sed
1631 4887 1727 4928 errore
1747 4887 1841 4926 maur·

1021 4952 1103 5017 lesio,
1125 4953 1153 5004 et
1168 4953 1268 5002 contra
1289 4947 1374 5000 liilrrn
1395 4945 1526 4999 oninium
1550 4961 1621 4999 insa.
1639 4942 1771 4998 codicum
1789 4941 1841 5013 qui

1021 5022 1131 5090 legunt.
1149 5021 1178 5075 lu
1193 5021 1320 5088 capitione
1331 5019 1460 5087 pessima.
1477 5016 1548 5071 Nam
1566 5015 1643 5070 idem
1655 5014 1742 5068 habet
1752 5029 1842 5084 supra

1021 5094 1212 5164 l‘lieronpmus
1231 5089 1260 5144 in
1276 5085 1490 5144 Currriuentarlo
1520 5087 1618 5142 diceus
1636 5104 1642 5141 :
1662 5109 1675 5136 e
1693 5085 1788 5156 Usque
1804 5085 1839 5140 ad

1020 5181 1086 5220 eum
1107 5162 1202 5218 locum
1232 5158 1356 5215 abiait:
1391 5159 1468 5212 Sicut
1481 5159 1568 5229 pisces
1600 5157 1789 5228 pellerentur
1811 5158 1842 5210 iu

1019 5237 1145 5306 ereptione
1158 5233 1288 5304 pessima,
1304 5233 1359 5284 etc.
1377 5250 1390 5278 ιι
1401 5228 1698 5299 Undsecmprobatur
1708 5231 1842 5283 auctores

1020 5311 1150 5362 ueterum
1171 5303 1333 5360 editionum
1344 5317 1495 5372 nunquam
1508 5301 1689 5356 restituendo
1704 5299 1843 5370 Hieronp-

1021 5395 1068 5432 mo
1088 5375 1258 5432 adhibuisse
1290 5374 1387 5442 ipsum
1423 5371 1648 5444 llieronymum;
1670 5369 1721 5443 qui
1743 5374 1842 5426 tamen

1020 5448 1128 5520 sapius
1149 5463 1225 5500 rinus
1241 5443 1325 5498 nobis
1345 5447 1389 5498 cst
1403 5458 1455 5514 pro
1471 5443 1609 5498 omnibus
1642 5443 1791 5497 adversm
1809 5457 1842 5494 ee
1870 5493 1876 5500 ,

1021 5519 1185 5575 absolutam
1220 5514 1428 5588 opusculorum
1462 5531 1582 5571 suorum
1616 5513 1841 5575 restitutionem,

1021 5591 1165 5646 blancus.
