4056 6156
153 194 198 264 da
703 201 797 268 vira
820 204 853 269 S.
876 201 1103 271 artemonis
1128 201 1329 274 nabutae.
1832 197 1872 272 dl

156 354 223 414 quae
235 341 382 398 vocantur
395 337 544 410 licentiat
560 354 593 398 ec
619 339 697 414 quod
721 338 821 399 nullus
844 338 887 397 ibi
910 339 989 398 Chri·
1002 345 1031 412 Α
1045 341 1105 416 psit
1116 341 1396 415 epistolam‚omnas
1407 341 1524 402 divitiae
1534 341 1640 402 suasai
1650 339 1869 418 derelinquens,

155 430 325 488 abacorum
349 434 439 498 esset,
455 431 506 488 sed
521 429 648 489 barbara
669 434 786 508 tantum
802 435 830 488 et
846 431 991 516 torox'na-
1045 431 1247 508 (Evangelium
1271 434 1393 503 scilicet,
1409 437 1438 491 ct
1457 433 1586 492 tunicam
1610 451 1754 503 sacceam,
1771 431 1872 492 cucul-

153 519 209 586 tio,
226 519 324 578 suasit
337 524 372 576 ut
385 520 415 578 in
429 521 497 594 ipsa
511 522 607 596 magis
623 521 721 579 insula
745 522 781 578 ad
806 520 991 577 secretiorem
1044 520 1103 577 lam
1118 527 1147 578 et
1162 523 1338 596 palliolum),
1355 540 1423 579 nam
1448 523 1583 580 minister
1597 525 1660 597 ejus
1680 527 1746 580 ante
1760 537 1870 595 paitcos

152 607 259 666 locum
273 610 485 667 conscenderet
494 611 515 665 ¹.
528 611 619 676 Quem
635 627 703 667 cum
720 611 770 667 diu
786 610 917 666 lustrans
933 621 993 666 om·
1045 610 1108 667 dies
1127 611 1249 670 obierat.
1265 612 1415 669 Venerunt
1439 612 1537 686 itaque
1560 612 1596 668 ad
1621 614 1809 686 aegrotantem
1833 612 1870 668 de

153 697 221 768 nia,
240 698 407 771 reperisset,
428 698 565 772 perduxit
587 716 655 757 eum
680 699 836 758 duodecim
862 697 994 756 millibus
1046 699 1144 772 Papho
1160 701 1247 758 multi
1267 701 1396 776 religiosi
1411 701 1480 772 viri;
1497 705 1525 758 et
1549 700 1675 758 maxime
1698 699 1776 772 quod
1800 713 1870 756 eum

154 804 175 844 a
188 789 266 844 mari
281 786 385 861 procul
412 789 489 844 inter
509 793 638 846 secretos
661 805 841 863 asperosque
866 793 991 864 montes,
1046 789 1155 846 dixisse
1179 791 1343 862 audierant,
1354 793 1417 863 jam
1441 807 1472 848 ss
1496 792 1531 848 ad
1554 789 1713 847 Dominum
1732 788 1871 862 migratu·

153 881 185 933 et
200 892 260 950 quo
274 877 324 934 vix
343 877 488 952 reptando
513 879 652 936 manibus
673 879 869 952 genubusque
892 874 993 951 posset
1045 895 1122 948 rum,
1140 882 1169 935 et
1192 880 1228 936 de
1250 881 1380 952 corporis
1403 879 1527 937 vinculis
1552 878 1752 948 liberandum
1768 877 1818 933 aed
1842 880 1871 934 et

154 965 289 1023 meandi.
307 966 363 1033 Qui
386 966 600 1041 introgressus,
625 967 851 1042 contemplatus,
874 967 993 1039 quidem
1046 967 1215 1027 Constantia
1231 970 1362 1042 quaedam
1378 973 1480 1026 sancta
1496 969 1614 1038 lamina,
1628 969 1714 1041 cujus
1729 981 1869 1042 generum

151 1060 199 1112 est
223 1055 392 1113 terribilem
418 1057 502 1114 valde
526 1061 555 1114 et
575 1061 723 1114 remotum
748 1057 857 1124 locum,
880 1055 992 1113 arbori.
1046 1062 1074 1113 et
1088 1057 1180 1114 filiam
1196 1059 1231 1114 de
1247 1061 1339 1115 morte
1354 1058 1528 1115 liberaverat
1542 1057 1679 1116 unctione
1698 1055 1754 1114 olei
1772 1073 1778 1112 :
1795 1071 1870 1128 quoe

151 1145 213 1202 bus
246 1145 319 1202 hinc
348 1146 419 1202 inde
454 1146 689 1214 circumdatum,
718 1146 876 1203 habentem
905 1144 992 1201 etiam
1045 1162 1147 1204 omnes
1163 1147 1316 1219 adjuravit,
1334 1151 1366 1203 ut
1385 1164 1421 1204 ne
1436 1152 1545 1221 puncto
1560 1147 1679 1219 quidem
1703 1146 1780 1203 hora
1801 1147 1871 1218 post

155 1250 254 1307 aquas
270 1234 429 1308 supercilio
444 1235 529 1293 collis
543 1235 681 1310 irriguae,
698 1241 727 1292 et
746 1235 893 1292 hortulum
909 1251 991 1307 para·
1045 1241 1169 1292 mortem
1186 1240 1397 1305 reservaretur;
1418 1236 1468 1292 sed
1491 1235 1591 1292 statim
1619 1251 1687 1291 eum
1711 1234 1741 1290 in
1765 1233 1869 1290 eodem

155 1339 308 1394 maenum,
333 1328 363 1381 et
390 1324 526 1398 pomaria
553 1325 692 1400 plurima,
709 1341 835 1398 quorum
866 1326 994 1404 hactum
1044 1323 1161 1382 hortulo
1177 1331 1254 1383 terra
1277 1324 1433 1398 operirent,
1450 1323 1664 1380 sicutvestitus
1686 1325 1748 1380 erat
1770 1321 1800 1377 in
1824 1325 1870 1378 tu·

153 1429 315 1485 nunqnam
338 1412 369 1470 in
394 1413 460 1471 cibo
484 1415 638 1488 sumpsit:
655 1416 706 1472 sed
735 1419 763 1470 et
791 1411 992 1486 antiquissiml
1045 1414 1111 1470 nica
1125 1414 1241 1472 cilicina
1254 1418 1283 1472 et
1297 1412 1422 1485 cuculla,
1433 1416 1462 1469 et
1476 1428 1546 1485 sago
1562 1410 1683 1468 rustico.

145 1501 240 1572 juxta
256 1500 362 1576 templi
388 1502 506 1560 ruinam
521 1520 557 1560 ex
575 1520 633 1576 quo
648 1506 692 1576 (ut
714 1504 778 1578 ipse
806 1504 948 1562 referebat
963 1516 992 1567 et
1079 1506 1123 1560 45.
1139 1505 1264 1576 Jamque
1285 1503 1419 1560 modicus
1443 1500 1523 1560 calor
1548 1501 1666 1574 tepebat
1687 1499 1717 1554 in
1740 1502 1866 1572 pectore,

149 1593 221 1663 ey'us
236 1591 381 1666 discipuli
396 1593 646 1666 natanturttnm
663 1592 924 1651 innumerabilium
939 1610 992 1666 per
1044 1610 1097 1651 nec
1111 1597 1216 1666 prater
1230 1610 1350 1651 sensum
1361 1592 1525 1665 quidquam
1536 1590 1593 1648 vivi
1608 1588 1736 1646 hominis
1752 1605 1868 1663 eupere-

147 1685 257 1737 ncctes
286 1685 318 1738 et
346 1681 411 1738 dies
439 1682 607 1738 demonum
632 1699 719 1740 voces
746 1683 935 1751 resonabant,
957 1687 1028 1778 utB
1043 1688 1097 1750 rat,
1114 1688 1144 1740 et
1155 1687 1253 1740 tamen
1270 1683 1379 1755 apertis
1393 1679 1487 1758 oculis
1501 1678 1694 1753 loquebatur:
1710 1678 1865 1751 ngedere,

146 1770 316 1826 exercitum
331 1769 476 1827 crederes.
494 1771 556 1836 Qua
581 1770 630 1828 ille
644 1770 727 1828 valde
742 1771 915 1840 delectatus,
926 1789 985 1844 quc
1042 1772 1112 1846 quid
1129 1772 1235 1828 times‘l
1249 1772 1398 1844 egredere,
1415 1769 1514 1828 anima
1536 1785 1611 1838 mes,
1625 1767 1695 1841 quid
1722 1767 1866 1824 dubitas?

146 1858 265 1926 scilicet
281 1859 490 1932 antagonistas
505 1860 626 1918 baberet
641 1860 670 1916 in
687 1861 831 1934 proximo,
844 1861 986 1918 habitavit
1039 1861 1230 1934 Septuaginta
1245 1876 1336 1933 prope
1359 1858 1445 1915 annis
1460 1856 1576 1915 servisti
1601 1854 1728 1922 Christo,
1743 1858 1772 1910 et
1786 1870 1866 1910 mor-

146 1949 189 2005 ibi
216 1965 272 2021 per
293 1965 389 2006 annos
404 1949 547 2022 quinque,
563 1953 592 2006 et
610 1967 686 2023 saepe
709 1951 850 2008 invisente
873 1967 904 2007 se
928 1954 985 2006 He·
1039 1954 1099 2008 tem
1113 1950 1220 2007 times?
1235 1951 1267 2006 ln
1282 1949 1343 2005 haec
1365 1948 1454 2005 verba
1467 1945 1614 2003 exhalavit
1636 1943 1784 2017 spiritum.
1800 1943 1864 2000 Sta·

149 2036 267 2110 sychio,
287 2038 319 2094 in
348 2037 405 2094 boc
430 2043 559 2096 extremo
582 2039 646 2110 jam
675 2039 739 2095 vita
767 2055 828 2096 sua
854 2043 985 2112 tempore
1038 2040 1151 2112 timque
1171 2039 1262 2096 humo
1275 2039 1424 2106 obrutum,
1436 2039 1504 2094 ante
1519 2034 1585 2091 urbi
1600 2032 1761 2107 sepultum,
1774 2048 1863 2106 quam

147 2125 336 2184 refocillatus
351 2131 407 2193 est,
424 2127 502 2200 quod
518 2131 637 2199 propter
655 2128 843 2202 asperitatem
859 2129 984 2184 difficul·
1039 2134 1187 2185 mortuum
1203 2128 1421 2184 nuntiaverunt.

145 2219 305 2288 latamque
330 2215 399 2284 loci,
414 2221 444 2272 et
460 2215 631 2272 umbrarum
647 2217 692 2288 (ut
714 2217 862 2273 terebatur
884 2216 984 2291 vulgo)
1074 2219 1125 2276 40
1149 2207 1193 2274 id.
1218 2216 1365 2290 Hesychius
1387 2219 1504 2287 iuratur
1527 2229 1623 2286 corpas
1646 2213 1675 2268 S.
1700 2212 1862 2269 Hilarionis.

148 2303 390 2372 multitudinem,
402 2309 454 2360 aut
468 2304 579 2371 nullus,
595 2309 647 2362 aut
662 2322 747 2362 rarus
763 2306 798 2363 ad
815 2319 846 2362 so
859 2304 905 2362 vel
919 2322 985 2377 pos·
1037 2309 1178 2376 inteprum
1192 2321 1289 2378 corpas
1304 2304 1456 2361 Hilarionis
1470 2312 1496 2360 et
1509 2303 1608 2360 illicne
1621 2307 1719 2357 vestes.
1732 2332 1767 2342 -
1781 2300 1862 2364 Quod

148 2397 208 2458 set,
232 2393 280 2449 vel
310 2394 435 2450 auderet
463 2383 781 2461 ascendere.'0uodam
810 2399 909 2452 autem
936 2395 983 2451 dio
1038 2398 1195 2467 postquam
1211 2398 1331 2450 sanctus
1347 2392 1391 2448 vir
1414 2390 1525 2448 audivit
1548 2387 1720 2462 Hesychius,
1737 2389 1863 2462 perrexit

150 2497 291 2554 egressus
311 2480 478 2550 hortulum,
493 2481 568 2539 vidit
595 2482 745 2539 bominem
772 2487 832 2540 tato
862 2499 983 2556 corpore
1037 2483 1072 2539 ad
1088 2486 1226 2556 Cyprum,
1237 2486 1265 2539 et
1275 2480 1419 2538 simulans
1432 2496 1464 2536 se
1478 2478 1551 2536 velle
1565 2477 1699 2535 habitare
1713 2478 1744 2534 in
1759 2477 1862 2534 eodem

153 2569 349 2644 paralyticum
368 2572 519 2643 jacentem
538 2575 606 2628 anta
621 2572 708 2631 lorea.
735 2573 983 2647 Interrogavitque
1036 2572 1164 2640 hortulo,
1177 2578 1211 2628 ut
1224 2570 1375 2645 diligentis
1387 2569 1527 2627 custodia
1537 2567 1740 2652 suspicionem
1755 2565 1862 2623 accolis

149 2659 333 2732 Hesychinm
359 2658 500 2732 quisnam
528 2666 616 2728 esset,
631 2660 675 2718 vel
704 2661 851 2734 quomodo
879 2661 983 2718 fuisset
1036 2661 1161 2731 tolleret,
1173 2678 1241 2718 cum
1257 2660 1367 2735 ingenti
1381 2659 1445 2715 vitae
1457 2676 1517 2716 sua
1529 2655 1668 2731 periculo,
1681 2659 1747 2729 post
1760 2655 1861 2712 decem

149 2749 309 2805 adductus.
325 2747 382 2813 Oui
411 2750 602 2822 respondens,
627 2749 677 2818 ait,
703 2755 921 2822 procuratorem
950 2766 982 2806 se
1036 2753 1348 2824 leremensescorpus
1372 2751 1436 2822 ejus
1459 2748 1641 2804 suratuseet.
1659 2744 1739 2811 Quod
1764 2744 1862 2816 Maiu-

148 2837 210 2894 iuis
225 2854 259 2894 sa
272 2836 396 2906 villulae,
412 2838 449 2894 ad
471 2839 557 2910 cujus
568 2839 620 2911 jus
635 2839 794 2896 bortulus⁸
808 2856 935 2912 quoque,
951 2840 980 2896 in
1037 2857 1115 2897 mam
1141 2841 1284 2910 deferens,
1305 2841 1373 2896 totis
1397 2837 1608 2896 monachorum
1633 2836 1663 2890 et
1686 2833 1861 2907 oppidorum

148 2943 210 3000 quc
234 2927 294 3000 ipsi
324 2931 419 2996 erant,
445 2927 612 2999 pertineret.
634 2928 668 2984 ut
695 2928 744 2985 illc
769 2928 982 3002 collacrymans
1035 2929 1131 2986 turbis
1146 2929 1403 3002 prosequentibus,
1419 2926 1449 2982 in
1465 2924 1585 2997 antiquo
1602 2920 1780 2980 monasterio
1796 2933 1862 2977 con·

149 3016 339 3089 tendensque
368 3016 573 3087 adjacentem
597 3033 718 3074 manum
742 3035 748 3074 :
776 3018 850 3085 Tibi,
872 3018 979 3090 inquit,
1036 3017 1232 3087 didit3illaeaa
1247 3017 1357 3085 tunica,
1369 3014 1495 3082 cuculla,
1506 3017 1534 3069 et
1545 3009 1715 3086 palliolo,et
1729 3013 1790 3066 toto
1801 3025 1876 3066 cor·¹

148 3105 217 3162 dico
230 3106 262 3161 in
278 3103 402 3162 nomine
413 3103 531 3162 Domini
544 3105 638 3162 nostri
660 3107 730 3162 lesu
747 3106 864 3174 Christi,
882 3123 978 3180 surge,
996 3079 1017 3145 C
1036 3124 1115 3180 pare,
1132 3107 1217 3180 qusai
1243 3106 1338 3162 adbuc
1357 3105 1473 3173 viveret,
1489 3102 1614 3174 integro,
1629 3098 1779 3171 tantisque
1801 3099 1860 3154 lra-

148 3199 179 3251 et
194 3192 328 3251 ambula.
343 3194 419 3250 Mira
437 3192 585 3251 velocitas.
601 3195 704 3251 Adbuc
726 3196 815 3253 verba
830 3195 859 3250 in
876 3211 924 3252 ore
938 3195 980 3250 lo·
1035 3200 1138 3270 grente
1152 3195 1302 3262 odoribus,
1318 3197 1351 3250 ut
1370 3192 1534 3250 delibutum
1551 3187 1709 3263 unguentis
1728 3190 1858 3261 putares.

150 3282 272 3356 quentis
292 3281 497 3352 solvebantur,
512 3287 542 3339 et
558 3284 621 3355 jam
648 3285 780 3341 membra
805 3283 931 3341 solidata
945 3284 981 3339 ad
1071 3287 1116 3343 tl.
1144 3286 1306 3344 constantia
1332 3282 1427 3340 dolore
1451 3283 1561 3338 morton
1590 3281 1702 3351 propter
1733 3279 1860 3348 [arnam

150 3373 308 3440 eundum,
328 3372 479 3429 bominem
503 3373 701 3446 surrigebant.
717 3374 799 3440 Quod
825 3377 981 3448 postquam
1035 3391 1132 3448 corpas
1149 3375 1176 3430 S.
1196 3371 1479 3430 Hilarionis—Non
1503 3367 1576 3425 mihi
1598 3366 1714 3424 videtur
1728 3366 1758 3422 in
1782 3365 1860 3422 calce

150 3461 292 3518 auditum
303 3465 358 3530 eat,
369 3462 457 3518 etism
467 3461 673 3519 dilllcultatem
684 3461 751 3531 loci,
767 3467 796 3518 et
806 3463 861 3518 iter
871 3462 982 3518 invium
1036 3464 1103 3521 libri
1119 3465 1242 3520 tacenda
1257 3459 1433 3522 Constantina
1454 3457 1534 3514 illius
1549 3455 1742 3514 sanctissime
1758 3452 1862 3511 mulie-

150 3549 358 3622 plnrimcrum
379 3551 445 3607 sicit
466 3551 637 3608 necessitas.
656 3550 735 3608 Nihil
754 3567 836 3624 aque
851 3569 904 3624 par
926 3551 983 3607 cir·
1037 3553 1079 3610 ris
1094 3552 1219 3620 devotio,
1231 3568 1296 3624 quae
1312 3548 1422 3623 perlato
1439 3548 1474 3604 ad
1490 3563 1521 3604 se
1536 3547 1651 3613 nuntio,
1667 3544 1745 3616 quod
1756 3560 1862 3616 corpu·

155 3637 307 3694 cumitum
336 3639 444 3696 cunctis
466 3638 547 3695 villis
570 3640 806 3710 observantibus,
822 3656 911 3713 quam
934 3656 983 3696 ne·
1038 3643 1154 3701 sculum
1170 3639 1329 3698 Hilarionis
1352 3635 1514 3694 Palaestina
1534 3638 1621 3702 esset,
1638 3633 1738 3689 statim
1763 3631 1865 3688 exani-

151 3743 218 3800 quo
244 3726 333 3784 modo
356 3727 528 3786 elaberetur.
554 3727 804 3786 Disseminaverat
827 3729 905 3787 enim
928 3729 984 3785 boc
1039 3739 1117 3788 mata
1138 3735 1191 3798 est,
1207 3746 1306 3787 veram
1323 3729 1353 3783 iu
1369 3741 1485 3784 servum
1499 3724 1551 3780 Dei
1575 3721 1760 3779 dilectionem
1776 3719 1865 3777 ctiam

150 3816 195 3872 de
210 3829 242 3872 eo
256 3832 370 3884 rumor,
386 3817 437 3873 diu
453 3833 521 3873 eum
536 3817 567 3873 in
581 3818 684 3874 eodem
707 3817 771 3875 loco
793 3835 911 3875 manere
926 3834 982 3874 non
1040 3825 1133 3878 morte
1148 3819 1354 3892 comprobans.
1370 3816 1438 3872 ltrat
1460 3813 1537 3870 enim
1563 3811 1648 3870 solita
1663 3808 1820 3884 pervigiles
1834 3808 1865 3864 ln

149 3921 252 3980 posse.
267 3905 353 3970 Quod
377 3905 427 3963 ille
442 3922 500 3962 non
518 3905 634 3964 levitate
649 3908 787 3980 quadam,
804 3911 856 3964 aut
880 3906 985 3980 puerili
1039 3909 1171 3982 sepulcro
1185 3909 1249 3979 ejus
1261 3910 1359 3963 nectes
1376 3904 1491 3972 ducere,
1503 3905 1532 3958 et
1548 3899 1633 3973 quasi
1643 3914 1711 3956 cum
1723 3900 1866 3972 prasente

151 4009 246 4050 sensu
259 3993 359 4050 nctus
373 3993 513 4063 laeiebst3
529 3995 581 4051 sed
597 3995 738 4052 bonorem
757 3995 873 4070 lugiem
886 4000 916 4052 et
930 3996 984 4051 im·
1040 3999 1076 4055 ad
1092 3995 1273 4069 adjuvandae
1287 3994 1433 4073 orationes
1448 4007 1520 4048 suas
1539 3987 1739 4047 sermocinari.
1756 3987 1864 4044 Cernes

149 4083 385 4156 portunitatem;
396 4099 513 4156 semper
527 4085 577 4140 80
592 4085 671 4141 enim
687 4084 837 4141 silentium
852 4089 883 4141 et
896 4085 985 4141 vitam
1040 4084 1147 4160 usquc'
1158 4083 1244 4141 bodie
1268 4083 1374 4139 miram
1396 4082 1473 4136 inter
1494 4077 1668 4136 Palestinae
1692 4080 1721 4132 et
1744 4074 1864 4149 Cyprios

149 4170 319 4245 ignobilem
334 4171 531 4229 desiderabat.
1040 4173 1268 4242 contentionem,
1284 4171 1332 4228 bis
1346 4185 1452 4242 corpus
1467 4166 1636 4233 Hilarionis,
1652 4165 1712 4221 illis
1726 4163 1864 4236 spiritum

197 4261 241 4316 tl.
269 4263 474 4317 tutamentum
513 4263 682 4318 Hilarionis.
708 4293 742 4302 -
768 4260 827 4318 Otei
861 4263 989 4317 anniane
1041 4282 1073 4322 ee
1105 4265 1211 4321 habere
1244 4259 1433 4318 certantibus.
1468 4257 1501 4312 lit
1537 4259 1636 4312 nmen
1669 4251 1700 4307 in
1731 4249 1864 4322 utrisque

152 4351 251 4406 curati
262 4349 329 4422 filia
343 4359 370 4407 et
384 4365 470 4422 omer
493 4349 670 4409 Comtoniise.
693 4351 786 4424 igitur
809 4350 987 4424 octogesimo
1041 4354 1113 4410 locis
1128 4367 1237 4425 magna
1265 4347 1395 4423 quotidie
1422 4346 1508 4420 signa
1535 4343 1627 4412 Hunt;
1647 4341 1698 4399 eed
1712 4339 1809 4413 magis
1833 4337 1862 4396 in

153 4437 253 4496 aetatis
281 4455 344 4497 sus
365 4456 453 4510 anno,
479 4456 547 4496 cum
578 4441 684 4497 absens
712 4444 790 4496 esset
817 4438 988 4513 Hesychius,
1003 4449 1027 4515 Ι)
1042 4441 1159 4499 hortulo
1172 4439 1267 4515 Cypri,
1284 4436 1403 4496 forsitan
1419 4435 1486 4508 quia
1507 4433 1575 4508 plus
1599 4430 1684 4489 illum
1708 4429 1806 4487 locum
1821 4427 1869 4484 di·.
1901 4435 1910 4450 ⁴

151 4529 246 4604 qnasi
260 4529 433 4586 testamenti
446 4529 509 4588 viee
532 4529 649 4586 brevem
665 4545 755 4586 manu
780 4529 897 4602 propria
919 4527 989 4586 scri·
1042 4531 1174 4588 lexerit¹.

191 4709 200 4744 ¹
222 4707 255 4764 ln
280 4707 394 4782 aliquot
421 4724 505 4779 mss,
530 4709 668 4766 Botbclia.
701 4707 872 4766 Heliodorus
887 4717 990 4766 Βουκόλι
1078 4709 1183 4766 ’Unus
1198 4707 1306 4777 Vatia,
1320 4705 1481 4764 concederet.
1799 4766 1827 4778 ..

148 4789 259 4862 κόμας
272 4787 393 4864 nisiaea:
406 4789 465 4852 πρὸς
476 4787 506 4837 Αἰ
522 4787 612 4838 anates
626 4787 640 4837 ὁ
653 4787 734 4849 τόπος,
746 4785 800 4837 etc.
813 4780 989 4864 Hincnetiam
1078 4783 1090 4817 ³
1105 4781 1187 4846 Mas,
1208 4779 1394 4862 actaeonem,-
1417 4779 1446 4832 et
1468 4773 1556 4848 paulo
1581 4775 1647 4845 post
1672 4769 1743 4843 quod
1764 4765 1868 4823 scilicet

144 4851 464 5006 hiacincti
486 4853 988 4998 sentierinttitiis
1043 4849 1539 5004 ttnatttinnttn..

144 4993 340 5051 insidebant.
1080 4999 1091 5032 ὅ
1106 4993 1306 5060 danavetae,
1322 5007 1388 5062 quic
1405 4989 1541 5062 pastilam
1554 4987 1643 5042 locam
1656 4979 1798 5040 dilexerit.
