4096 6164
123 315 179 384 Ν
716 312 873 380 CONTRA
893 309 1072 379 nurture
1093 311 1169 375 ldB.
1192 307 1232 375 ll.
1765 311 1826 384 131

123 450 173 526 qui
189 449 308 507 Patrem
322 445 472 520 revelavit,
488 447 523 504 de
548 447 715 505 animarum
740 451 816 506 stetu
838 446 947 506 tacuit:
964 448 990 516 Α
1006 446 1096 504 teris:
1113 451 1142 502 ιι
1156 445 1292 519 postbec
1316 445 1407 502 eudes
1429 443 1536 517 dicere,
1552 447 1629 521 quod
1654 454 1683 506 ct
1705 451 1782 509 bona
1797 458 1826 510 et

119 544 148 598 et
162 537 285 596 miraris
301 537 329 593 si
345 539 447 594 contra
458 540 488 593 te
502 536 627 594 fratrum
642 536 782 594 scandula
802 537 950 594 conciten-
1006 533 1084 592 male
1099 551 1156 592 uon
1172 534 1237 602 tibi,
1253 534 1305 591 sed
1329 533 1440 592 auctori
1469 535 1594 592 debeant
1613 539 1776 612 imputari?
1790 545 1826 598 Et

119 634 180 698 tur,
197 643 266 684 cum
280 625 312 682 id
337 625 451 682 nescire
466 628 496 682 te
512 625 607 697 jures,
626 625 703 698 quod
725 625 833 682 Christi
854 624 951 681 liccle·
1005 639 1165 697 oppressus
1192 622 1302 681 invidie
1330 623 1426 679 adbuc
1460 625 1549 681 verba
1582 627 1766 698 modereris;
1798 635 1827 688 ιι

120 717 173 774 sies
186 732 220 773 ιι
233 729 322 772 nosse
338 713 510 770 fateantur?
1007 712 1093 784 qussi
1108 727 1198 784 super
1223 712 1330 768 aristes
1353 712 1489 785 pendenti
1519 713 1659 772 incedens
1673 718 1777 789 gradu,
1788 719 1829 775 lo·

159 804 208 862 ll.
222 801 360 876 Exposita
374 802 433 858 fide
449 819 513 872 sua,
529 802 589 858 imo
611 801 734 859 inscitie
757 802 951 870 confessione,
1006 800 1135 874 queris«
1150 799 1216 856 Sive
1230 799 1259 855 in
1276 799 1334 857 illis
1349 803 1559 859 sensibusrrus
1574 807 1628 872 est,
1638 803 1699 861 eive
1713 806 1828 880 culpam

123 891 240 951 transit
253 893 288 948 ad
301 890 377 947 aliud
391 909 398 961 ;
414 894 444 948 et
457 905 597 948 excusare
619 907 650 948 se
665 891 779 960 nititur,
795 908 848 948 our
861 890 953 947 libros
1007 889 1166 947 Defendere
1181 907 1238 946 non
1258 891 1360 959 audes,
1375 895 1404 946 ιι
1426 895 1524 948 tamen
1552 893 1690 950 damnare
1704 911 1763 951 non
1774 895 1828 953 vis.
1944 933 1947 938 -

126 981 196 1058 περὶ
209 983 315 1055 ’Δρχῶν
338 979 369 1034 in
394 979 531 1036 Latinum
557 979 686 1037 verterit.
711 980 746 1037 lit
768 980 828 1037 ber
850 979 954 1036 scribit
1008 977 1087 1051 illigo
1100 995 1116 1034 e
1130 978 1247 1035 duobus
1261 980 1339 1051 quod
1354 979 1409 1047 vis,
1426 980 1504 1052 optio
1520 980 1573 1036 tibi
1587 981 1693 1040 detur:
1710 983 1735 1040 ei
1752 982 1830 1041 bona

133 1069 325 1130 adverbum:
340 1090 357 1118 a
380 1069 457 1126 Sene
479 1068 551 1140 quie
572 1068 660 1125 audio
685 1069 772 1126 etiem
801 1069 869 1126 inde
890 1083 954 1125 esse
1007 1071 1052 1125 est
1061 1067 1260 1140 interpretatio
1283 1071 1346 1131 tua,
1370 1066 1477 1124 lauda:
1504 1067 1529 1124 si
1551 1069 1639 1137 mala,
1654 1072 1831 1130 condemna.
1920 1139 1923 1146 ¹

133 1159 318 1232 disputatum
334 1157 412 1230 quod
429 1157 563 1230 quedam
583 1153 717 1232 Origenis
732 1162 853 1230 rogatus
868 1157 953 1214 afra·
1007 1155 1117 1212 Verum
1133 1159 1253 1212 excusat
1274 1171 1316 1220 se,
1335 1160 1364 1212 ct
1388 1155 1535 1213 subnectit
1553 1157 1641 1214 aliem
1665 1161 1829 1234 stropham.

125 1248 222 1304 tribue
236 1247 273 1302 de
288 1245 388 1302 Oreos
404 1246 434 1301 in
458 1245 593 1302 Latinum
618 1245 766 1316 transtuli,
789 1243 954 1320 putoquod
1008 1244 1085 1302 Dicit
1098 1244 1196 1301 enim:
1213 1267 1226 1294 a
1243 1245 1318 1310 Quin
1343 1245 1402 1300 imo
1423 1245 1511 1301 etiam
1534 1245 1613 1302 aliud
1635 1249 1740 1321 adjeci,
1753 1250 1832 1307 sicut

123 1334 417 1408 omneeintelligant,
437 1334 499 1392 beo
514 1351 567 1409 pro
590 1334 653 1393 solo
676 1333 765 1392 livore
788 1333 911 1408 culpari.
924 1332 955 1390 Si
1010 1335 1039 1389 in
1062 1332 1285 1389 Prefatiuncula
1306 1347 1373 1388 mee
1395 1333 1564 1408 designavi;
1581 1345 1613 1392 ut
1636 1337 1831 1410 inquantum

122 1425 205 1483 enim
220 1423 337 1496 sliquid
352 1423 490 1496 estquod
506 1422 702 1496 displicentia
719 1427 849 1492 auctore,
865 1439 956 1495 quere
1010 1437 1138 1496 possem,
1163 1419 1315 1493 aliquante
1346 1421 1530 1480 deciderem:
1552 1423 1603 1481 illa
1634 1429 1733 1482 temen
1767 1444 1833 1500 quse

122 1515 207 1570 idad
227 1513 421 1586 interpretem
445 1511 658 1586 detorquetur?
683 1511 765 1568 Sicut
789 1512 820 1567 in
849 1511 956 1567 Graecis
1010 1511 1083 1566 mibi
1100 1510 1135 1567 sd
1153 1509 1351 1583 suspicionem
1367 1510 1376 1546 ¹
1392 1510 1637 1585 veniebant,quod
1649 1531 1708 1571 non
1721 1516 1832 1590 abipso

123 1603 262 1669 babetur,
277 1607 400 1675 rogetus
414 1617 482 1658 sum
496 1605 528 1657 ut
542 1600 655 1658 Latims
669 1600 864 1658 ostenderem.
877 1599 956 1656 Ore·
1010 1598 1134 1672 Origene
1146 1599 1187 1654 ite
1202 1597 1291 1666 dicta,
1304 1599 1354 1654 sed
1380 1599 1415 1655 sb
1440 1599 1506 1656 aliis
1526 1600 1694 1658 viderentur
1709 1619 1774 1661 csse
1788 1605 1834 1660 in·

125 1691 180 1758 cie,
195 1689 337 1748 sensibus
350 1691 440 1746 verbs
452 1688 520 1746 dedi
534 1689 638 1746 Latina
663 1689 882 1746 tantummodo.
892 1687 958 1746 Sive
1011 1693 1101 1756 serta,
1114 1691 1234 1761 propter
1255 1686 1311 1744 boc
1326 1688 1403 1759 quod
1425 1689 1460 1745 de
1483 1687 1593 1746 eisdem
1618 1690 1707 1747 rebus
1723 1692 1751 1748 in
1768 1690 1834 1750 eliis

125 1795 196 1853 ergo
215 1779 247 1835 in
272 1777 333 1834 illis
357 1768 495 1834 sonemus
522 1777 587 1834 leus
611 1777 689 1834 inest
713 1776 822 1850 alique,
839 1794 896 1834 non
912 1780 957 1832 est
1012 1776 1141 1833 sectoris
1154 1775 1288 1848 ejusdem
1303 1774 1377 1832 locis
1390 1775 1533 1834 catholice
1542 1777 1654 1834 dictum
1668 1778 1807 1854 legeram.
1819 1802 1834 1831 n

128 1885 213 1937 mee,
229 1867 292 1924 eive
307 1865 403 1940 culpe,
420 1865 557 1924 similiter
571 1882 628 1922 non
644 1871 689 1924 eet
704 1883 802 1924 mea.»
819 1889 833 1918 a
850 1865 954 1934 Audio,
1011 1865 1084 1922 Mire
1109 1864 1288 1938 eloquentia,
1310 1869 1339 1921 et
1361 1865 1456 1922 Attico
1476 1865 1547 1922 flore
1571 1867 1702 1926 variam
1727 1892 1742 1921 a
1758 1869 1835 1936 Quin

129 1955 339 2030 inquit,etiam
353 1954 423 2011 inde
437 1969 503 2012 esee
528 1954 707 2028 disputatum.
730 1975 744 2008 a
771 1957 862 2021 Quam
887 1971 955 2028 pru·
1011 1955 1071 2010 imo
1086 1953 1193 2023 etiam;
1212 1977 1226 2004 a
1242 1958 1271 2010 et
1289 1977 1299 2004 ι
1317 1955 1386 2020 Otus
1395 1953 1468 2010 mibi
1484 1955 1519 2012 ed
1532 1955 1730 2028 suspicionem
1741 1959 1837 2016 venie-

129 2047 238 2103 denter
263 2043 480 2102 recusationem
500 2059 596 2113 suem,
621 2044 835 2114 demulcerem
853 2041 954 2100 vocati
1011 2042 1092 2100 bant.
1110 2065 1124 2092 ι
1140 2043 1277 2098 Admiror
1293 2041 1370 2107 m
1385 2060 1490 2100 ausum
1512 2043 1596 2100 illum
1621 2061 1686 2103 ease
1705 2046 1765 2103 brec
1779 2047 1836 2104 Ro-

132 2159 148 2184 «
166 2133 253 2199 Quod
267 2133 389 2206 quedam
412 2131 547 2206 Origenie
571 2135 692 2206 rogatus
716 2149 733 2188 ι
756 2133 899 2189 fratribus
921 2132 957 2187 de
1012 2147 1091 2188 mum
1113 2131 1270 2188 verborum
1295 2134 1430 2203 portenta
1453 2133 1661 2190 transmittere.
1682 2135 1837 2208 Compedi-

132 2223 238 2280 Oraeco
252 2221 280 2277 in
295 2221 428 2278 tatinum
443 2219 591 2277 transtuli.
609 2243 623 2270 ι
639 2221 706 2286 One
728 2225 799 2278 sunt
814 2221 865 2278 ille
878 2237 958 2293 ques·
1012 2224 1073 2276 tam
1088 2223 1174 2292 putee
1189 2219 1324 2294 linguam
1344 2220 1420 2292 ejus,
1437 2224 1465 2276 et
1485 2220 1735 2280 inextricabilibus
1751 2225 1837 2282 nodis

134 2312 204 2370 dem
217 2311 232 2366 i
244 2311 353 2367 Nomen
368 2315 427 2367 non
451 2309 583 2366 hebent?
606 2309 721 2367 Taces?
749 2308 851 2366 Libelli
873 2325 958 2366 aecu-
1011 2307 1142 2382 ligatam,
1158 2307 1206 2364 via
1217 2309 1247 2364 in
1263 2308 1427 2364 humanum
1439 2326 1545 2366 sonum
1561 2327 1723 2384 erumpere.
1732 2314 1787 2370 Sed
1798 2314 1835 2369 ed

130 2405 268 2458 satorum
283 2397 455 2472 loquuntur.
472 2421 487 2448 a
503 2399 644 2468 Puto,eit‚
661 2399 740 2471 quod
755 2413 859 2455 omnes
873 2395 958 2454 intel·
1013 2412 1132 2454 causum
1146 2398 1275 2455 redeam.

130 2489 228 2562 ligant
256 2488 317 2544 hec
347 2503 400 2561 pro
428 2488 485 2546 sou
508 2488 595 2544 livore
623 2487 746 2559 cutperi.
775 2511 786 2538 ι
817 2486 872 2542 Pro
902 2502 959 2560 quo
1049 2486 1081 2540 ll
1100 2485 1246 2557 Origenes
1261 2485 1438 2558 blasphemio.
1454 2519 1488 2527 -
1505 2487 1575 2554 Ouis
1597 2487 1650 2546 tibi
1666 2488 1836 2546 deditbauc

130 2577 245 2640 livore?
257 2576 333 2634 Num
348 2575 482 2632 invident
505 2574 677 2649 eloquentie
702 2575 852 2632 tussitat
867 2573 959 2631 fecisti
1013 2574 1173 2644 licentiam,
1190 2579 1224 2630 ut
1240 2574 1335 2631 multe
1349 2576 1385 2632 de
1403 2575 1642 2649 interpretatione
1665 2578 1837 2635 decideres?

131 2667 212 2739 quod
236 2663 339 2722 nullus
366 2665 524 2721 huminum
553 2680 685 2738 unquam
721 2664 815 2722 facere
842 2663 961 2737 potuit‘l
1014 2664 1145 2737 Rogatus
1158 2680 1222 2720 cras
1246 2668 1280 2720 ut
1301 2663 1442 2720 Oroecain
1473 2665 1609 2722 Latinum
1628 2671 1766 2733 verteres,
1777 2684 1837 2724 nou

132 2760 205 2812 Ecce
228 2759 260 2811 et
283 2770 338 2827 ego
364 2753 499 2828 origenis
519 2754 592 2810 ὅθί
624 2753 719 2809 multe
748 2752 905 2810 transtuli:
933 2755 962 2810 et
1015 2755 1048 2807 ut
1061 2751 1252 2808 emendares:
1270 2757 1303 2809 ut
1317 2751 1438 2809 alterius
1458 2752 1536 2810 dicta
1559 2755 1713 2828 proferres,
1732 2772 1790 2812 non
1805 2760 1839 2812 ut

133 2847 239 2918 preter
254 2847 283 2899 tt
292 2857 381 2900 1²⁰⁰]ss
396 2857 449 2898 ¹¹0⁰
466 2841 586 2910 invidit,
600 2857 654 2898 ¹10⁰
675 2841 882 2898 talumnittur·
900 2863 914 2892 u
930 2841 960 2896 Si
1016 2855 1066 2907 tue
1080 2851 1231 2906 conderes.
1251 2850 1314 2906 Non
1330 2849 1434 2906 fecisse
1449 2855 1477 2907 te
1496 2852 1574 2923 quod
1600 2854 1719 2924 rogatus
1734 2868 1777 2922 es,
1792 2870 1838 2910 re-

135 2935 224 3001 enim,
242 2931 350 3004 inquit,
362 2930 474 3004 aliquid
489 2931 619 3004 estquod
630 2930 821 3004 displiceatin
831 2935 959 2999 auctore,
1016 2938 1138 2994 cidendo
1153 2937 1291 3011 plurima,
1307 2939 1466 2995 confiteris.
1479 2941 1574 3012 Atque
1598 2940 1711 2996 utinam
1735 2941 1838 3014 praeoi·

135 3039 225 3096 quare
255 3020 285 3078 id
313 3022 350 3077 ed
381 3021 570 3093 interpretem
599 3019 813 3092 detorquetur?
837 3019 913 3076 sieut
930 3018 961 3074 in
1016 3027 1112 3083 disses
1127 3026 1215 3096 male,
1232 3032 1262 3084 et
1273 3045 1331 3084 non
1347 3027 1377 3083 in
1402 3027 1594 3084 assertionem
1615 3029 1771 3096 mulorum,
1788 3035 1840 3087 tue

135 3111 243 3169 Grecis
256 3110 393 3178 babetur,
410 3114 529 3182 rogetus
551 3125 618 3165 sum
634 3113 667 3164 ιιι
692 3108 802 3165 Latinis
826 3109 960 3165 osteude-
1016 3112 1110 3172 multa
1125 3115 1294 3188 posuisses!
1310 3116 1331 3171 ll
1347 3116 1455 3189 quibus
1470 3132 1564 3172 unum
1579 3119 1738 3189 proferam,
1753 3123 1786 3175 ut
1804 3135 1839 3174 ex

134 3198 332 3258 remoreris
352 3197 490 3256 sensibus
514 3197 602 3254 verbe
623 3197 691 3254 dedi
714 3197 817 3254 Latine
830 3201 961 3254 tentum·
976 3185 998 3252 G
1015 3203 1071 3261 boc
1085 3209 1299 3278 cognoscentur
1321 3208 1350 3260 et
1371 3209 1482 3261 cetera.
1501 3206 1531 3261 ln
1558 3205 1652 3279 primo
1681 3207 1755 3263 libro
1776 3203 1838 3282 περὶ

133 3290 234 3347 modo.
251 3288 317 3345 Sive
342 3303 412 3359 ergo
435 3286 466 3342 in
493 3286 553 3343 illie
574 3285 711 3344 sensibus
737 3285 802 3343 leue
818 3286 896 3344 inest
909 3285 961 3343 ali-
1016 3295 1136 3368 ’Δρχῶν,
1153 3293 1202 3349 ubi
1218 3292 1357 3367 Origenes
1371 3293 1473 3366 lingua
1496 3294 1639 3368 sacrilega
1652 3293 1840 3367 blaspbema—
1865 3361 1870 3374 ¹

133 3393 282 3452 qus,non
305 3380 351 3434 est
369 3391 455 3432 mes:
482 3375 544 3432 sive
569 3373 665 3448 culpa,
690 3374 826 3432 similiter
844 3379 963 3432 nonest
1016 3381 1161 3454 vit,quod
1195 3380 1286 3438 Filius
1318 3383 1432 3439 Patrem
1461 3399 1519 3439 non
1552 3383 1658 3452 videet,
1688 3388 1721 3441 tu
1749 3385 1839 3441 etiarn

133 3483 212 3524 mee.
231 3465 295 3521 »Et
320 3463 448 3532 mireris,
463 3463 487 3520 ei
515 3464 551 3520 de
575 3467 604 3519 tt
631 3463 767 3520 homines
790 3463 869 3520 malt
896 3480 962 3520 sen·
1017 3487 1121 3527 causes
1136 3471 1246 3542 reddis,
1261 3471 1344 3543 quasi
1362 3487 1395 3527 ex
1410 3488 1535 3542 persona
1545 3474 1620 3544 ejus,
1636 3473 1687 3546 qui
1710 3473 1839 3546 scripsit,

133 3555 229 3622 liant,
241 3569 309 3610 eum
323 3553 358 3610 de
378 3552 488 3626 apertis
512 3550 706 3625 blasphemiis
727 3552 822 3609 dices:
840 3575 854 3603 a
874 3553 904 3609 Si
918 3556 963 3608 est
1017 3563 1047 3615 ct
1061 3559 1177 3632 Didymi
1193 3559 1395 3632 interpretaris
1410 3554 1523 3634 σχόλιον
1534 3561 1556 3628 ¹,
1571 3561 1601 3616 in
1616 3577 1675 3634 quo
1690 3560 1739 3618 ille
1757 3577 1841 3619 casso

137 3640 271 3714 aliquid,
286 3641 360 3712 quod
374 3640 526 3714 displicent
552 3641 581 3696 in
607 3640 752 3698 auctore?
779 3663 794 3691 ι
819 3640 963 3698 Omnibus
1017 3646 1117 3704 labore
1132 3651 1254 3704 conetur
1268 3647 1396 3704 alienum
1418 3665 1545 3705 errorem
1576 3649 1742 3718 defendere,
1763 3649 1842 3720 quod

141 3747 211 3804 que
235 3729 267 3785 in
291 3727 349 3785 ilfi!
366 3729 450 3787 libris
475 3729 554 3786 divit
581 3735 661 3797 ⁸⁰³²,
687 3728 863 3802 ἀῑθΡῙῑῦθῦῑὲ
885 3733 914 3786 et
930 3733 962 3786 tu
1018 3735 1157 3809 Origenes
1173 3737 1292 3808 quidem
1308 3736 1381 3793 bene
1396 3737 1586 3794 dixeritzsed
1616 3753 1670 3793 nos
1692 3736 1843 3809 simplices

135 3817 361 3886 solusdobitas,
376 3823 406 3876 et
417 3819 560 3891 quereris,
576 3835 628 3874 cur
650 3819 686 3874 ad
708 3818 898 3890 interpretem
913 3818 962 3874 de·
1018 3823 1196 3893 homincs‚ct
1210 3825 1322 3882 cicures
1334 3825 1459 3881 Enniani
1473 3826 1551 3892 ’,ιιι
1561 3824 1642 3881 illiue
1653 3825 1841 3898 sapientiem,

135 3911 322 3984 torqueatur,
347 3909 426 3979 quod
440 3908 471 3965 in
494 3907 695 3964 translationis
718 3911 774 3963 tue
794 3906 965 3963 Prefatione
1019 3917 1177 3980 neetuum,
1194 3913 1243 3986 qui
1265 3903 1473 3986 interpietetus
1497 3932 1539 3982 ee,
1554 3912 1718 3988 intelligere
1740 3931 1843 3988 possu-

130 3998 277 4056 ieudasti.
296 3996 427 4070 Rogatus
440 4013 515 4064 eras,
532 4000 565 4052 ut
588 3995 735 4068 quomodo
756 3994 920 4052 hebebatur
933 3995 964 4050 in
1019 4017 1096 4058 mus.
1114 4000 1246 4058 Prefatio
1268 4006 1332 4070 tue,
1351 4019 1439 4074 quam
1460 4003 1607 4069 nominas,
1622 4009 1652 4060 ct
1675 4003 1704 4060 in
1721 4019 1780 4076 qua
1794 4021 1841 4062 me

135 4087 246 4156 Oreco,
276 4085 309 4142 in
343 4085 481 4142 Latinum
512 4089 650 4141 verteres.
689 4083 808 4140 Utinam
845 4083 965 4140 fecisses
1019 4089 1103 4146 miris
1118 4105 1206 4146 ornas
1230 4089 1378 4158 leudibus,
1394 4095 1423 4147 te
1447 4107 1529 4148 reum
1554 4092 1689 4165 pessime
1713 4091 1840 4150 transla-

134 4175 213 4246 quod
228 4179 367 4240 meatum
382 4177 411 4229 te
424 4189 490 4230 esse
509 4171 652 4229 simulasl
667 4171 740 4228 nulli
754 4188 835 4230 nunc
848 4172 964 4228 invidie
1019 4178 1108 4236 tionis
1123 4178 1202 4235 facit.
1219 4177 1298 4234 Dicis
1313 4178 1390 4234 enim
1416 4179 1495 4252 quod
1516 4183 1552 4236 ds
1574 4181 1672 4238 Graeco
1687 4179 1782 4236 multa
1795 4181 1845 4238 de-

132 4263 317 4336 subjaceres.
341 4261 373 4318 Si
396 4266 430 4318 tu
453 4260 656 4318 translationis
687 4276 835 4320 servasses
864 4262 964 4328 fidem,
1019 4266 1136 4338 cideris,
1150 4263 1219 4323 licet
1232 4271 1329 4324 taceas
1344 4268 1422 4340 quod
1439 4269 1596 4326 addideris.
1609 4271 1677 4336 Oua
1697 4267 1842 4338 decidisti,

132 4351 206 4408 mibi
221 4350 388 4409 necessitas
411 4367 470 4407 non
495 4348 601 4408 fuisset
622 4349 893 4423 interpretationem
910 4350 965 4407 fel·
1020 4354 1204 4426 malcerent,
1226 4373 1262 4412 an
1291 4355 1389 4413 bonel
1411 4357 1518 4431 Utique
1542 4357 1630 4415 mala.
1654 4358 1723 4422 Oua
1749 4371 1842 4414 reser-

132 4457 198 4498 sam
221 4457 293 4497 vera
318 4438 556 4512 interpretatione
584 4439 761 4496 subvertere.
787 4439 873 4496 Novit
896 4455 964 4496 con·
1018 4445 1104 4511 vesti,
1120 4444 1196 4501 bone
1219 4461 1255 4500 sn
1280 4445 1380 4502 mala‘l
1395 4445 1500 4519 Utique
1528 4446 1615 4504 bone.
1639 4447 1739 4518 Neque
1762 4443 1842 4501 enim

133 4529 260 4586 scientie
271 4533 335 4595 tue,
351 4545 415 4602 quae
426 4527 584 4592 addideris,
604 4543 669 4600 que
693 4527 883 4599 subtraxeris,
899 4545 962 4601 que
979 4552 1002 4618 D
1018 4532 1097 4590 mele
1109 4533 1267 4590 transferre
1280 4538 1404 4606 poteras.
1429 4535 1504 4608 Ergo
1528 4535 1606 4592 mole
1627 4535 1799 4608 amputasti,
1814 4537 1844 4592 et

132 4617 161 4676 in
179 4623 339 4690 utramque
354 4620 478 4690 partem,
495 4621 528 4672 ut
550 4615 604 4674 tibi
624 4617 721 4674 visum
747 4616 843 4684 luerit,
857 4617 963 4674 immu-
1018 4621 1162 4693 reliquisti
1177 4621 1358 4678 bona‘lNulli
1374 4623 1497 4679 dubium
1509 4624 1842 4682 est.Probnntureutem

171 4777 253 4834 ¹Alii
270 4777 341 4834 editi
356 4780 387 4833 in
413 4779 607 4850 suspicionem,
629 4777 823 4835 renitentibus
846 4795 918 4836 mss.
935 4783 964 4835 ιι
1017 4783 1106 4838 niceti.
1124 4782 1267 4838 Msnrrsn.
1284 4781 1456 4847 -Ouidsm
1484 4784 1526 4840 vir
1555 4784 1659 4841 doctus
1684 4782 1842 4855 legendum

133 4847 245 4906 Hieron
268 4865 327 4916 mo,
365 4849 395 4904 ui
408 4849 540 4922 phrasim
556 4849 643 4906 istam
663 4848 786 4905 deridet.
1020 4857 1103 4925 putat
1117 4851 1236 4908 cinctuti
1252 4855 1384 4919 Enniani,
1402 4859 1550 4927 uigentes
1576 4855 1632 4910 illre
1647 4853 1778 4911 barbare
1794 4867 1845 4908 no·

170 4920 233 5002 ’Oi
257 4866 497 5002 smusanevibus
512 4919 964 5002 commentariolisqueoptma
1018 4929 1128 4990 lentur,
1144 4923 1244 4996 quales
1261 4925 1348 4996 primi
1365 4924 1453 4981 italie
1478 4926 1580 4982 iucolae
1595 4930 1689 4991 erant,
1704 4939 1780 4995 quos
1793 4939 1842 4980 vo·

133 4991 228 5048 insen
268 4999 303 5059 rt,
317 4992 347 5046 in
371 4991 451 5047 bunc
463 5009 497 5045 πε
518 4990 648 5067 ὶἈρχῶν
671 4991 791 5048 librum.
809 4992 963 5065 Origenem
1018 5001 1064 5052 oet
1079 4998 1212 5052 arctatos
1229 4999 1328 5051 Horat.
1346 4997 1406 5051 Art.
1421 4999 1522 5054 Poelfc.
1538 5014 1615 5053 vers.
1626 4997 1675 5052 50:

133 5061 290 5190 &lugeo
299 5063 467 5207 {gfflfg’aw
479 5062 599 5190 wigm
618 5063 654 5119 ab
668 5063 784 5119 Arium
798 5078 964 5136 pmpugna'
1065 5102 1176 5166 Fingere
1191 5100 1315 5150 cinctutis
1330 5113 1385 5151 non
1400 5101 1527 5152 exaudita
1540 5101 1672 5165 Cethegis.

172 5205 353 5262 ’Etce'cures
373 5205 507 5262 Enneuni.
533 5205 618 5261 Haud
646 5204 734 5262 dubie
763 5203 913 5274 animalia,
936 5207 965 5260 et
1018 5204 1176 5262 ltibinibil
1202 5205 1352 5261 immutari
1383 5205 1637 5279 placct;temclsi,
1664 5207 1741 5280 quod
1764 5205 1844 5280 apud

131 5277 270 5349 pecudes
284 5281 454 5333 mensuetes
468 5277 573 5334 habuit
593 5276 757 5342 Ennianus,
773 5277 834 5333 sive
853 5275 964 5330 Ennius
1018 5279 1145 5334 Ennium
1162 5277 1191 5333 in
1207 5277 1381 5350 fragmentis
1399 5276 1521 5333 historia
1536 5276 1636 5334 istbaec
1662 5295 1719 5336 non
1739 5295 1843 5362 super-

131 5351 227 5420 poets
256 5346 474 5416 celeberrimus,
502 5349 554 5420 qui
599 5347 630 5403 in
661 5348 805 5404 Aventino
827 5347 964 5403 habitans
1019 5351 1068 5416 sit,
1085 5347 1200 5406 ariolari
1216 5347 1294 5404 baud
1319 5346 1540 5405 velim.Verum
1572 5351 1691 5406 Ciceris
1713 5349 1843 5407 dourenc

130 5421 264 5502 sumptu
293 5423 448 5476 contentus
476 5423 521 5475 est
549 5418 734 5492 parcissimo,
764 5425 793 5474 et
820 5417 965 5475 ancillulae
1019 5422 1183 5494 fosiqoioris
1205 5419 1344 5489 moqistri,
1360 5419 1434 5476 dixit
1457 5419 1545 5476 etiam
1565 5418 1765 5478 Tertullianus
1788 5420 1841 5478 lib.

131 5489 476 5548 ministeriovelcerte
499 5491 507 5545 i
531 5505 563 5546 se
586 5489 718 5546 cicurere
733 5495 852 5547 noverat
867 5490 964 5546 feres:
1019 5495 1116 5549 contro
1142 5491 1363 5556 Valentinianos,
1392 5492 1447 5547 sub
1476 5491 1575 5560 finem,
1606 5492 1666 5548 sive
1695 5510 1762 5567 cep.
1793 5493 1842 5552 37.

131 5562 220 5618 unde
235 5561 360 5618 Enniani
373 5561 487 5619 cicures
507 5507 555 5620 gio
579 5559 727 5618 dicuntur.
745 5562 776 5616 ln
792 5561 892 5619 codice
906 5560 965 5618 col·
1018 5567 1090 5618 Fere
1104 5563 1234 5634 ingenia,
1259 5564 1310 5617 aut
1334 5561 1435 5630 barda,
1461 5561 1548 5618 melis
1572 5563 1722 5648 auspiciis,
1752 5566 1841 5636 atque

130 5632 209 5714 legii
224 5632 375 5694 Navarrici
390 5631 564 5696 Puriaiensis
578 5631 744 5712 legimue,et
755 5635 886 5694 emtore
900 5631 966 5694 Sere·
1019 5634 1102 5694 irrito
1118 5637 1223 5693 conatu
1237 5634 1496 5695 mansuetudinem
1511 5633 1613 5696 edocte
1627 5633 1768 5716 innuerit,
