4054 6168
245 336 324 403 mh
866 339 898 402 S.
922 333 1080 403 desueti
1099 335 1333 402 eleuchadii.
1834 328 1901 402 ihil

243 471 312 532 tari.
328 472 402 530 Gom
417 467 496 530 enim
511 470 622 530 dentem
637 470 799 546 appelletur
824 489 909 529 tanin
926 472 1012 545 (remi)
1027 475 1065 541 et,
1080 473 1110 539 Α
1124 471 1279 546 diligenter
1293 469 1553 528 Dentcreaemlum
1569 470 1610 544 (u,
1624 469 1678 544 el),
1690 469 1736 527 nbi
1749 470 1902 530 macilentior

244 563 409 620 liniaturin
424 581 442 618 a
457 562 595 630 litteram,
610 562 670 618 dies·
684 563 806 633 quidem
830 561 1018 634 appellantur
1039 565 1068 617 et
1123 561 1271 629 scribitur,
1289 561 1435 634 quomode
1448 560 1579 616 venerint
1593 559 1644 616 tilii
1660 563 1742 628 Esau,
1765 563 1790 616 et
1808 561 1904 618 interle-

245 651 310 726 ipse
324 667 411 710 inurar
422 653 529 724 (nimi),
546 651 596 706 sed
612 651 642 706 in
656 666 686 705 m
707 649 835 706 litteram
859 649 1066 706 terminantur.
1122 651 1215 707 eerint
1230 651 1390 718 Cherreos,
1408 665 1441 704 ac
1452 653 1560 706 terram
1577 665 1676 706 eorum
1689 649 1840 706 hereditate
1852 665 1904 722 pus·

281 740 375 814 (Vens.
390 742 435 796 21.
452 741 461 812 )
476 762 490 790 «
506 743 541 794 Et
554 739 704 811 proiectus
717 743 762 796 est
776 738 864 794 lsrael
878 756 884 795 :
896 742 925 796 et
939 739 1068 795 extendit
1122 737 1261 796 sederint.

245 829 470 887 tabernaculum
485 843 573 884 suum
587 833 671 884 trans
685 828 790 884 turrim
806 829 891 884 Ader.
904 849 918 878 r
930 829 1012 884 Hane
1027 827 1067 882 lo·
1158 827 1250 899 (Vere.
1266 828 1324 900 22.)
1341 847 1355 878 a
1370 831 1403 883 Et
1426 828 1546 884 fueruat
1571 826 1624 884 olii
1647 826 1766 895 Lethen,
1788 826 1875 882 Cherri
1885 833 1906 884 ct

246 935 316 976 oum
330 914 983 990 Hebreiessevolunt,ubiposteatemplarn
998 916 1066 972 aedi·
1122 917 1250 972 AEmam:
1285 922 1315 972 et
1351 932 1434 973 seror
1457 915 1569 972 Lethen
1592 915 1731 972 Thamna.
1746 936 1759 965 o
1795 917 1853 972 ltaee
1875 920 1908 972 est

246 1008 368 1064 ficetum
382 1010 444 1064 est:
462 1011 490 1063 et
505 1009 605 1062 turrim
618 1006 699 1074 Λάαν,
723 1008 828 1062 turrim
849 1009 940 1078 gregis
955 1005 1067 1078 signifi·
1122 1006 1256 1062 Thamna
1271 1007 1306 1061 de
1326 1023 1385 1078 qua
1405 1022 1496 1077 supra
1517 1005 1706 1061 dictumest:
1722 1027 1736 1054 a
1757 1005 1789 1059 at
1800 1004 1907 1060 Thamna

247 1113 313 1154 care
346 1096 400 1153 hoe
432 1099 476 1152 est
508 1097 724 1168 congregationis
753 1101 781 1151 et
813 1099 914 1151 coetus:
941 1096 1019 1166 qued
1039 1099 1068 1150 et
1122 1093 1484 1166 eratconcubinaEliphaz
1497 1093 1547 1148 lilii
1560 1091 1744 1166 primogeniti
1758 1093 1835 1159 heau,
1849 1097 1907 1148 etex

247 1186 384 1243 Micheas
396 1185 538 1258 propheta
561 1189 695 1252 testatur,
719 1184 840 1242 dicens:
868 1187 905 1240 Et
930 1189 960 1240 tu
983 1186 1067 1240 turris
1120 1183 1186 1256 ipsa
1201 1188 1288 1239 natas
1303 1187 1348 1240 est
1364 1182 1510 1238 Amalech.
1528 1203 1542 1232 a
1559 1182 1667 1238 idcirce
1683 1185 1776 1238 antem
1791 1180 1908 1237 Cherreo-

245 1273 487 1348 prepa'suehuloea,
502 1275 563 1345 filia
572 1273 639 1330 Sion
661 1273 751 1344 (llich.
777 1291 814 1344 1v,
839 1275 877 1344 8),
902 1277 931 1328 et
945 1277 1065 1330 cetera:
1122 1289 1188 1328 rum
1213 1271 1382 1328 reeordatus
1405 1276 1459 1336 est,
1484 1270 1554 1343 quia
1578 1270 1786 1344 primogenitus
1806 1268 1908 1325 liliorum

245 1361 357 1435 illoque
382 1366 513 1434 tempore
535 1360 638 1427 Jacob,
662 1365 744 1416 trans
767 1359 865 1416 leenm
887 1360 938 1416 ubi
966 1365 1068 1432 postea
1121 1362 1196 1418 Esau
1212 1357 1908 1431 extiliabnseorumocceperatecncubinam.0aod

246 1450 389 1525 templum
406 1450 582 1506 aedificatum
598 1451 653 1513 eat,
666 1447 807 1504 habuisse
822 1447 957 1504 tentoria.
969 1447 1025 1503 Sed
1042 1447 1068 1502 si
1122 1453 1220 1506 eutem
1235 1449 1353 1517 dicitur,
1370 1449 1486 1506 Theman
1506 1456 1532 1504 et
1551 1449 1636 1504 Gener
1649 1453 1675 1504 et
1699 1445 1830 1515 Amalech,
1843 1449 1867 1501 et
1879 1461 1909 1501 re-

246 1555 407 1612 sequomur
419 1537 553 1596 ordinem
567 1536 792 1607 viaa,pssteram
801 1537 887 1607 juxta
896 1533 1067 1592 Bethlehem
1122 1537 1218 1610 liqna:
1236 1539 1365 1594 sciamus
1380 1541 1481 1610 postea
1501 1537 1672 1611 regionibus
1697 1537 1874 1592 Idumearnm
1886 1549 1910 1589 er

245 1629 328 1686 leons
343 1632 398 1693 est,
414 1626 464 1682 ubi
484 1625 530 1682 vel
553 1623 724 1697 augelorum
748 1640 798 1680 rex
820 1623 851 1678 in
874 1627 939 1679 ertu
950 1622 1068 1680 Domini
1122 1627 1168 1683 his
1183 1627 1482 1700 voeabulaimpesita.

245 1715 370 1773 cecinit:
385 1715 429 1771 vel
447 1713 539 1771 Jacob
565 1729 669 1785 pecora
693 1730 747 1768 sua
770 1713 858 1785 pavit,
884 1712 946 1769 loce
960 1729 1067 1770 nomeu
1158 1716 1252 1788 (Vers.
1267 1717 1325 1790 el.)
1340 1738 1355 1767 «
1372 1718 1435 1789 lpse
1450 1721 1495 1774 est
1510 1716 1583 1784 Ana,
1600 1716 1651 1788 qui
1668 1713 1777 1771 invenit
1797 1712 1878 1769 lamio
1889 1712 1909 1766 ia

245 1804 417 1877 imponens:
433 1802 478 1860 vel
494 1802 571 1874 qued
586 1801 685 1857 verius
698 1804 753 1871 cst,
779 1803 907 1873 quedam
929 1800 1067 1858 vaticinio
1122 1805 1249 1874 deserte,
1265 1819 1334 1860 eum
1350 1807 1482 1876 pasceret
1496 1803 1596 1861 asinos
1610 1805 1723 1860 Zebeon
1749 1799 1907 1875 patriosala

244 1892 377 1950 laturum
388 1892 452 1963 jam
467 1895 539 1947 tuae
554 1890 727 1962 mysterium
743 1890 971 1946 monstrabatur.
1120 1891 1213 1949 Multa
1227 1897 1256 1949 et
1268 1893 1348 1948 veria
1363 1893 1439 1965 apud
1457 1892 1591 1949 Habraeos
1603 1892 1639 1947 de
1668 1891 1722 1949 boe
1737 1889 1852 1965 eupitulo
1862 1889 1907 1944 dis-

280 1981 374 2053 (Vsrs.
396 1980 454 2052 27.)
470 2003 485 2030 «
511 1980 546 2034 tu
569 1979 648 2035 venit
671 1979 762 2036 laceb
786 1980 822 2035 ad
848 1980 929 2036 leuse
953 1969 1066 2052 pat'rem
1121 1985 1280 2055 putentur:
1298 1983 1376 2054 apud
1392 1981 1506 2038 Grecos
1530 1981 1640 2054 quippe
1665 1985 1695 2037 et
1718 1985 1827 2037 nostres
1844 1991 1908 2048 seper

244 2086 333 2129 sunm
348 2071 379 2126 in
394 2069 534 2139 Mambre,
549 2067 695 2124 civitatem
710 2068 813 2132 Arbee,
839 2067 901 2124 hece
924 2073 970 2124 est
994 2068 1067 2125 Che·
1121 2070 1176 2127 hee
1190 2069 1340 2126 silentium
1356 2073 1409 2125 est.
1426 2069 1484 2126 dlii
1495 2070 1739 2142 putantxrnnru⁴
1753 2069 1848 2141 luuh)
1863 2081 1908 2121 na·

243 2160 315 2218 bron
327 2161 347 2217 ¹.
364 2177 383 2210 >r
394 2159 453 2215 Prae
466 2175 558 2215 ansae
573 2157 604 2213 in
620 2157 812 2230 Septuaginta
820 2173 948 2229 eampum
957 2157 1045 2214 habet
1057 2175 1064 2214 :
1122 2157 1326 2232 riaappellata.
1337 2159 1442 2214 lisdem
1454 2159 1533 2214 enim
1545 2157 1650 2214 litteris
1658 2158 1824 2214 scribuntur
1832 2155 1908 2217 eudo,

245 2264 313 2304 oum
327 2247 450 2306 Chehrou
465 2247 495 2304 iu
511 2250 610 2304 monte
625 2247 681 2303 aito
694 2247 742 2302 sit.
768 2247 876 2302 andem
900 2250 999 2302 autem
1025 2247 1067 2304 ci·
1122 2247 1229 2320 quibus
1244 2251 1273 2302 et
1286 2263 1365 2303 nune
1379 2246 1426 2302 hic
1443 2261 1538 2303 sermo
1553 2246 1721 2320 descriptus
1735 2249 1788 2302 ost.
1800 2243 1910 2301 lltvolaat

242 2337 629 2406 vitasdieituretuansas,
646 2335 930 2392 abamiooAbrahee
958 2335 1066 2392 ilcan·
1121 2335 1207 2391 illum
1236 2336 1307 2391 dum
1335 2335 1430 2408 pascit
1456 2336 1554 2392 asinos
1583 2335 1744 2408 patrissui
1773 2334 1910 2394 indeserte,

242 2423 543 2499 tiquitusappcllota.
1121 2440 1266 2498 aquarum
1295 2424 1535 2498 congregationes
1579 2426 1736 2497 reperisse,
1768 2437 1825 2496 que
1849 2423 1911 2492 juta

278 2517 359 2586 (Gap.
377 2510 637 2569 XXXV1.-Vers.
655 2511 694 2582 l.)
711 2531 725 2561 a
742 2511 777 2566 Et
790 2511 902 2583 peperit
916 2512 978 2568 lida
990 2514 1066 2570 Esau
1121 2514 1231 2571 idioma
1245 2514 1351 2587 linguae
1367 2514 1515 2570 Hebraice
1529 2516 1620 2570 moria
1646 2517 1845 2587 nuncupentur
1855 2506 1910 2582 qaod

241 2601 373 2675 llllphaz.
391 2625 403 2655 2
421 2601 479 2658 lste
493 2605 539 2657 est
553 2599 686 2673 llliphaz,
702 2598 952 2672 eujustloriptura
969 2600 998 2656 iu
1012 2601 1066 2658 tob
1122 2602 1235 2659 scilieet
1257 2607 1394 2674 stagnum
1420 2601 1568 2675 repererit,
1591 2603 1679 2674 euJus
1705 2601 1745 2658 rei
1768 2595 1909 2656 inventicia
1932 2647 1936 2655 .

244 2689 590 2748 volumincrecerdatur.
852 2701 858 2710 ·
1122 2690 1434 2747 eremodlllicilisest.
1457 2689 1595 2746 Nonnulli
1620 2695 1737 2762 putant,
1766 2704 1842 2760 epuns
1859 2681 1912 2741 eoli-

281 2779 373 2852 (Vcre.
389 2779 445 2846 19.)
462 2801 476 2830 a
494 2779 543 2836 lati
559 2777 614 2833 lilii
630 2779 717 2849 Esau,
733 2782 762 2833 ct
780 2778 829 2834 isti
855 2777 1004 2851 principes
1020 2795 1067 2836 ee·
1121 2779 1411 2850 dasljuxtaPauicae
1426 2779 1532 2852 lingue
1558 2778 1710 2847 viciniam,
1735 2795 1796 2852 qua
1816 2774 1911 2832 Hebron

246 2883 313 2925 rom
331 2867 661 2941 882ipseestlldom,
687 2869 716 2922 et
737 2866 767 2921 hi
792 2865 1066 2923 altiodrensem
1122 2864 1304 2924 contermina
1328 2873 1384 2936 est,
1408 2867 1463 2924 hec
1487 2867 1627 2924 vocabule
1656 2867 1776 2941 signari.
1800 2858 1910 2932 Snutqal

248 2957 385 3015 attidem
408 2961 435 3012 ct
461 2955 533 3024 Scir,
560 2955 649 3011 unius
674 2971 779 3010 nemea
804 2959 848 3010 est
872 2954 1020 3013 hominis:
1040 2961 1068 3012 et
1121 2956 1302 3012 arbitrentur
1316 2957 1451 3028 onopros⁶
1466 2957 1502 3012 ab
1527 2955 1581 3012 hoc
1606 2953 1844 3013 admisceam
1866 2961 1911 3006 esse

248 3062 340 3119 quare
358 3045 436 3102 varie
450 3048 636 3117 nuncupetur
658 3059 748 3116 supro
770 3043 881 3100 dictum
905 3047 959 3100 est.
985 3044 1066 3109 Quod
1121 3045 1157 3101 ed
1174 3045 1290 3100 asinas:
1308 3048 1336 3099 et
1349 3044 1447 3116 ipsum
1463 3043 1551 3102 istius
1567 3045 1646 3101 modi
1674 3044 1812 3119 reperisse
1831 3053 1912 3098 eeuca-

249 3139 347 3192 sutem
362 3134 511 3207 sequitur:
1121 3133 1226 3200 bitum,
1243 3137 1276 3188 ut
1288 3132 1465 3189 velocissimi
1480 3149 1515 3188 cx
1530 3132 1576 3190 his
1591 3135 1669 3190 asini
1686 3136 1864 3191 nascerentur
1875 3124 1910 3198 qai

283 3223 373 3296 (Vens.
397 3224 481 3291 20.)u
501 3221 536 3276 llt
558 3219 684 3277 Cherraei
705 3219 886 3276 habitantis¹
909 3225 1028 3288 terram,
1051 3243 1064 3272 r
1082 3206 1103 3273 C
1121 3224 1262 3277 vocentur
1272 3237 1359 3277 nauus
1369 3221 1478 3292 (nint).
1493 3221 1628 3294 Plerique
1636 3226 1753 3295 putant,
1766 3219 1836 3294 qued
1846 3229 1913 3288 eque·
1974 3275 1975 3284 ,

245 3315 275 3369 et
290 3311 403 3384 reliqua
417 3314 575 3383 postquem
590 3309 772 3365 enumeravit
787 3308 863 3364 filies
879 3310 966 3374 Esau,
978 3309 1067 3366 altius
1122 3327 1188 3366 rum
1203 3325 1305 3383 greges
1321 3311 1357 3366 ab
1373 3309 1466 3366 asinis
1476 3310 1507 3366 in
1518 3311 1634 3367 deserte
1645 3311 1710 3384 ipse
1723 3306 1911 3380 leceritprimas

244 3401 359 3474 repetit,
375 3403 403 3457 ct
417 3398 544 3472 exponit,
569 3397 619 3470 qui
634 3403 701 3454 ante
723 3398 800 3453 Esau
821 3398 852 3453 in
876 3398 967 3454 iidem
989 3401 1067 3456 terra
1121 3398 1300 3464 secundini
1323 3397 1471 3454 mulorum
1494 3399 1562 3454 inde
1586 3414 1662 3455 nevo
1686 3405 1785 3456 eontra
1805 3399 1911 3452 autumo

244 3489 391 3562 principes
411 3487 520 3545 luerint
543 3503 578 3542 ex
605 3502 710 3558 genere
739 3485 937 3557 Cherrceerum,
969 3488 1019 3559 qui
1035 3487 1065 3544 in
1120 3485 1260 3544 animalia
1287 3491 1486 3543 nascerentur.
1515 3487 1623 3560 Aquila
1653 3488 1733 3545 hunc
1774 3487 1860 3543 laeum
1883 3479 1911 3534 itt

241 3575 343 3651 lingua
375 3581 476 3634 nostra
509 3575 740 3649 interpretantur
772 3574 886 3631 liberii.
922 3581 1065 3649 hagamne
1119 3575 1289 3633 transtulit:
1305 3576 1417 3648 lpseest
1432 3577 1503 3646 Ano,
1517 3577 1567 3648 qai
1580 3577 1688 3634 inuenit
1702 3574 1747 3630 obv
1762 3573 1829 3645 τοὺς,
1845 3565 1912 3644 ἑμίμτ

240 3775 289 3832 tur
316 3777 387 3829 (lon.
413 3787 487 3828 xarv.
503 3773 549 3838 20,
561 3771 610 3827 nbi
622 3769 774 3839 Ban'emin
784 3773 906 3826 vocatur
929 3771 1004 3840 filius
1022 3788 1063 3828 se·
1119 3774 1148 3827 et
1163 3771 1247 3826 asina
1262 3775 1430 3826 nascantur.
1448 3771 1480 3828 ld
1495 3787 1581 3842 porro
1596 3771 1781 3830 adinvenisse
1791 3773 1856 3834 Ana,
1868 3763 1910 3820 sia

239 3846 390 3904 necatum.
406 3843 545 3898 litterata
561 3858 613 3914 pre
627 3842 727 3896 lomim
751 3841 894 3915 accipitur
912 3841 1064 3899 dialectice
1118 3842 1307 3914 excogitasse,
1333 3857 1400 3898 eam
1426 3847 1559 3914 pasceret
1583 3843 1693 3912 asinos,
1721 3849 1753 3900 ot
1781 3837 1910 3916 applicant

239 3913 368 3988 Syriaca,
385 3929 444 3984 qua
455 3912 581 3969 lacobus
596 3913 683 3967 mode
698 3913 808 3984 eSyria
818 3913 976 3970 adveniens
991 3916 1064 3970 bena
1119 3929 1229 3985 equum
1244 3913 1343 3979 asinae,
1374 3928 1408 3968 ex
1425 3912 1533 3983 quihus
1561 3931 1636 3970 nova
1664 3914 1716 3971 illa
1731 3913 1865 3970 mulorum
1887 3919 1908 3958 ln

239 3984 282 4040 uti
297 3987 421 4057 peterat.
438 3982 518 4040 udde
533 3983 612 4055 qnod
627 3981 670 4037 illi
682 3983 745 4054 jam
761 3985 931 4041 centenario
947 3986 1063 4058 genitus
1119 3985 1264 4040 muudum
1279 3982 1392 4056 specics
1415 3984 1565 4056 prodierit.
1591 3986 1623 4041 ln
1648 3986 1727 4043 idem
1750 3982 1870 4042 recidunt
1891 3977 1911 4029 et

240 4059 313 4112 erat.
1118 4055 1167 4127 qni
1183 4063 1289 4126 putant,
1306 4055 1377 4128 quod
1391 4071 1526 4127 equarmu
1543 4060 1681 4126 preessae
1693 4049 1910 4114 asiuhtndeeerh
1974 4059 1975 4072 l

275 4127 282 4160 ¹
308 4129 370 4181 Duo
397 4140 468 4181 mss.
494 4127 557 4180 lloee
581 4129 621 4180 est
654 4126 763 4182 Hebron
785 4125 833 4182 hio
865 4127 1060 4212 atqne'inlra.
1117 4128 1277 4198 ipsepeeerit
1297 4129 1406 4199 primus
1427 4128 1538 4182 ascendi
1563 4128 1600 4184 Ut
1622 4145 1691 4185 vero
1715 4129 1775 4184 hec
1795 4117 1911 4182 sechoth

239 4197 328 4256 Perre
356 4200 502 4253 verterant
530 4197 599 4252 LllX
615 4195 653 4259 εὶς
673 4193 753 4250 πόλιν
768 4199 817 4249 τοῦ
827 4195 932 4263 nectua,
949 4214 979 4251 m
994 4199 1060 4254 ciui·
1117 4215 1151 4253 ex
1167 4213 1198 4253 ee
1224 4198 1405 4254 commodior
1431 4197 1575 4266 videntur,
1601 4201 1679 4280 qnod
1707 4202 1769 4255 dna
1792 4187 1909 4253 asinario
1974 4227 1975 4230 η

237 4272 323 4326 tuem
336 4269 437 4341 compi.
451 4267 525 4324 Vide
539 4267 647 4324 librum
665 4273 796 4324 Locorum
810 4269 845 4322 ad
864 4284 946 4324 voees
975 4269 1062 4326 dehoc
1117 4270 1231 4324 deserto
1248 4269 1374 4324 traditur
1385 4267 1561 4338 custodisse,
1578 4269 1752 4327 ehistamec
1763 4265 1911 4341 eSoriptuu

238 4345 268 4398 et
283 4339 414 4398 Chehreu.
1117 4339 1299 4412 argumentis
1314 4337 1468 4408 refellitur,
1475 4339 1910 4414 eequeinprimis,qucdnenne

272 4411 389 4467 ¹1idem
406 4427 478 4468 mse.
495 4411 636 4468 Cherreos
652 4410 814 4466 habitarero.
836 4407 952 4481 vulgat.
977 4409 1060 4466 Chor-
1116 4420 1189 4470 nent
1205 4408 1278 4464 nulli
1294 4408 1400 4465 nullibi
1416 4407 1546 4467 iecorum
1562 4418 1771 4474 memorentur.
1786 4407 1850 4492 quia
1866 4402 1909 4457 ima

237 4484 290 4538 roei
309 4481 484 4539 habitatores.
1114 4482 1180 4554 ipsa
1194 4496 1296 4538 cerum
1312 4481 1424 4552 speeies
1439 4487 1502 4538 tum
1519 4481 1638 4540 demum
1664 4484 1719 4541 sab
1741 4479 1842 4540 Devade
1858 4475 1910 4536 n⁰l⁸

272 4551 329 4608 ⁸ln
344 4551 418 4608 libre
431 4552 601 4618 Nominum,
621 4549 776 4613 iracundos,
803 4549 835 4606 de
861 4551 1058 4620 foraminibus,
1074 4571 1098 4637 D
1114 4569 1148 4608 ex
1162 4551 1322 4624 Scripturis
1337 4553 1386 4607 eit.
1886 4610 1890 4621 ,

236 4627 266 4681 et
280 4623 389 4680 rectius
401 4623 577 4696 theolodptas
589 4623 808 4693 interpretatur.
1149 4620 1224 4675 lxta
1240 4621 1309 4683 aab<
1323 4621 1404 4694 ὶμίμ.
1421 4623 1513 4679 Locus
1528 4623 1683 4698 insigniter
1710 4623 1870 4696 depravatus
1884 4625 1905 4693 μ]

270 4695 328 4751 ‘ln
357 4694 470 4765 aliquot
496 4711 568 4750 mss.
594 4697 623 4749 et
651 4707 740 4764 penes
769 4690 921 4747 Rabonum
950 4693 1057 4750 thlN
1113 4694 1259 4750 veteribus
1284 4693 1473 4750 editionibus.
1498 4697 1638 4752 Erasmus
1660 4695 1715 4752 hoa
1735 4693 1817 4750 modo
1845 4685 1906 4766 legii

235 4765 526 4839 absqnehpraeoxo,
543 4770 571 4821 at
595 4763 686 4820 uuita
708 4761 827 4834 quidem
851 4765 954 4832 maria,
979 4767 1054 4837 qaod
1111 4761 1414 4836 quiiaeeeitcbvrotr
1431 4763 1537 4837 σιμείμ.
1566 4768 1599 4822 Et
1627 4765 1801 4840 Symmachus
1819 4752 1906 4840 sinth-

233 4835 350 4895 llieron.
381 4839 472 4906 aetat,
508 4781 702 4909 appellantur.
734 4833 815 4890 Unus
851 4834 966 4906 Reginae
991 4839 1054 4892 eod.
1110 4832 1365 4959 temrobrcapelp.
1384 4835 1650 4893 Marianusemiait
1682 4833 1905 4910 particulamtcro

233 4913 402 4967 constanter
418 4907 554 4976 lammina,
583 4910 612 4962 ct
643 4921 709 4963 mox
735 4905 835 4960 iisdem
863 4907 937 4961 euim
955 4907 1056 4964 litteris
1110 4908 1216 4963 inuenit
1242 4903 1308 4966 τοὺς
1350 4905 1446 4978 epatu,
1476 4912 1530 4964 etc.
1573 4907 1761 4980 Manuscripti
1803 4899 1903 4957 cedrosti

232 4981 364 5036 scribitur
375 4997 462 5046 mere,
479 4982 578 5052 quihus
590 4981 645 5034 cte.
1110 4977 1191 5034 nulle
1207 4983 1335 5050 excepto,
1352 4977 1478 5033 retinent
1494 4978 1667 5050 particulam
1684 4977 1728 5032 σὺν
1744 4977 1772 5035 la
1787 4968 1902 5030 versione

267 5051 373 5106 ‘Hanc
390 5053 506 5124 prefert
519 5045 788 5122 interpretationem
804 5045 867 5119 ipse
882 5046 999 5103 Hieron.
1023 5048 1053 5104 in
1108 5048 1230 5121 Aquila,
1264 5049 1371 5103 inuenit
1400 5045 1446 5100 cbo
1478 5053 1537 5110 τοῖς
1565 5049 1661 5122 'Ephe
1690 5051 1722 5106 Et
1752 5037 1903 5103 Smmnclu

232 5119 335 5200 Latine
350 5137 384 5175 ex
400 5121 518 5179 acures
534 5123 612 5178 lente
626 5118 756 5176 versione
769 5135 774 5173 :
787 5119 842 5199 'qui
864 5119 936 5174 adeo
961 5119 1053 5173 credi·
1108 5121 1238 5176 similiter
1251 5115 1315 5180 τοὺς
1331 5121 1358 5171 ’E
1385 5115 1425 5198 lp.
1453 5119 1484 5174 lu
1508 5135 1541 5176 co
1562 5125 1676 5176 tuntum
1693 5063 1825 5176 dissiXenl
1839 5103 1900 5185 quid

231 5191 281 5242 tur
296 5205 326 5243 vn
341 5206 385 5269 ee,
403 5208 460 5262 quo
473 5194 620 5258 utebatur,
636 5189 794 5263 exemplari
821 5199 882 5250 Μ
901 5187 943 5245 vel
958 5200 1051 5257 clun,
1109 5190 1132 5246 H
1148 5191 1246 5263 legant
1261 5137 1394 5246 nonnulla
1408 5205 1461 5261 pro
1478 5191 1510 5258 Ε,
1526 5193 1591 5248 ctN
1607 5208 1658 5265 pro
1671 5191 1698 5247 M
1723 5190 1750 5246 ln
1773 5189 1826 5244 fine
1838 5189 1900 5235 v⁰0¹s

233 5255 758 5387 baimaffwe‘tgmmlid‘ffleffiffl
783 5271 944 5333 promturi,
975 5262 1053 5316 llata-
1108 5260 1204 5334 Ἐμίμ.
1222 5262 1366 5316 Diodorus
1384 5262 1636 5334 perroderetues
1655 5277 1751 5318 vocem
1775 5257 1899 5327 liebraearn

231 5341 309 5381 maru.
360 5344 395 5382 on
417 5347 444 5384 vr

231 5410 391 5466 congruere
415 5401 636 5460 circumstantie
658 5404 769 5468 isthmo,
793 5419 856 5473 qum
885 5403 1051 5475 opponitur,
1107 5403 1172 5471 bara,
1190 5420 1296 5475 nempe
1311 5413 1404 5471 nemu
1420 5419 1483 5473 que
1498 5405 1582 5470 onitu,
1598 5403 1641 5461 vel
1658 5404 1751 5471 iamim,
1762 5402 1808 5456 aut
1821 5396 1899 5478 {etthim

230 5481 293 5525 aum
306 5473 428 5548 posceret
444 5474 534 5526 asinos
553 5475 653 5531 Seheeu
665 5475 753 5545 pratris
767 5475 819 5528 sui.
1108 5473 1162 5545 legi
1194 5475 1289 5546 potuit
1314 5492 1331 5528 a
1360 5475 1477 5540 Grauis,
1507 5475 1582 5530 sieut
1620 5475 1742 5548 legimus
1767 5473 1851 5526 asaia
1876 5457 1897 5510 ti

265 5536 416 5594 eaauonn
442 5555 509 5594 eum
534 5546 649 5612 primia,
672 5562 745 5614 quos
768 5543 867 5598 laudet
889 5543 1050 5612 Kimchius,
1105 5547 1203 5602 isaiae.
1257 5545 1329 5600 Hinc
1381 5543 1472 5617 liquet
1501 5544 1800 5618 capelpllresmiunum
1843 5544 1895 5586 om·

231 5623 365 5693 asserens
378 5613 739 5732 ntml‚rluesalionornino
751 5619 854 5682 minan,
866 5613 895 5668 id
906 5619 951 5670 est
960 5616 1052 5672 mutos
1106 5616 1174 5672 nine
1198 5616 1355 5687 reprobum
1380 5632 1454 5685 esse,
1478 5619 1507 5672 et
1531 5617 1713 5676 manifestem
1735 5607 1831 5684 Aquilae
1854 5599 1894 5655 dc·

229 5685 334 5766 vocant
349 5684 390 5740 ita
405 5695 479 5754 appe
492 5678 567 5764 latos
582 5683 670 5740 veluti
686 5684 881 5755 compositum
901 5687 1050 5755 quoddam
1105 5686 1306 5760 precationem
1319 5687 1351 5744 in
1367 5687 1580 5760 Hieronymum⁴
1593 5689 1748 5748 inductam.

229 5769 264 5816 ex
287 5755 401 5817 duabus
425 5751 590 5828 speciebus,
620 5755 698 5825 quod
721 5769 756 5810 ex
781 5769 890 5826 euagre
915 5756 960 5814 vel
974 5773 1049 5831 eque
1703 5755 1833 5817 litem·

467 5331 533 5388 etn'r
555 5340 651 5390 aulem
708 5333 754 5388 uic
781 5329 952 5401 expositioni
980 5333 1052 5387 satia
1107 5331 1516 5405 intcgramluieseservatam
1541 5334 1577 5388 ab
1601 5334 1737 5390 omnibus
1760 5322 1899 5399 interpreh-
