4054 6168
116 317 198 402 rna
645 329 899 399 avanenses.
921 327 1136 406 ossanna
1159 331 1298 398 anuas.
1737 325 1816 401 rosa

113 467 207 528 tuerit
221 465 321 526 Jaoob.
338 467 418 527 Hono
435 483 509 539 rem,
525 483 562 527 ne
576 467 623 526 out
635 469 768 526 videatur
785 469 940 526 adversum
956 468 1053 540 Aptri
1070 467 1272 542 Jnsapb,quod
1289 466 1423 526 videlieet
1435 466 1816 545 honomnsulinmpousta

112 558 277 632 Scriptura
306 558 507 616 auctoritatem
536 559 628 633 loqui,
644 557 732 624 etiam
749 557 941 632 Septuaginta
994 561 1053 613 tem
1069 557 1134 629 ejus
1155 557 1328 627 adoraverit,
1344 575 1412 616 eum
1428 559 1457 614 in
1483 560 1602 616 Hebrao
1626 559 1718 616 multo
1733 558 1818 618 aliter

112 649 297 721 interpretes
312 647 341 704 in
356 647 580 705 Deuteronomio
595 649 635 721 (x,
650 647 696 719 22)
707 644 940 703 transtulerant¹
995 645 1109 719 legatur
1125 663 1131 702 :
1146 670 1160 697 «
1178 647 1211 702 Di
1226 647 1365 716 adoravit,
1382 647 1487 720 inquit,
1499 647 1586 705 lsrael
1609 650 1644 704 ad
1669 653 1757 723 eaput
1780 648 1818 708 le·

111 736 195 809 qnod
212 736 242 792 in
257 735 444 810 septuaginta
458 736 614 794 animabus
627 735 779 808 ingressus
794 735 833 790 sit
850 735 941 794 Jaoob
996 734 1067 791 etuti
1085 752 1092 804 ;
1110 757 1124 786 u
1140 737 1218 808 qnod
1234 735 1356 805 scilieet,
1368 742 1524 809 postquam
1540 737 1565 792 ei
1579 737 1726 808 juraverat
1739 739 1818 796 sslius

113 827 172 900 [At.
188 823 288 897 Israai]
317 825 348 880 in
376 829 533 900 AEgyptum
563 825 591 881 si
621 824 688 897 quis
719 821 809 896 igitur
835 829 941 882 nostras
997 841 1118 881 securus
1134 825 1170 881 de
1190 825 1340 898 petitione,
1361 843 1449 897 quam
1474 829 1633 898 regaverat,
1657 825 1821 884 adoraverit

114 913 270 972 sententias
285 913 457 988 refragatur.
474 915 654 988 Scripturam
670 912 745 968 inter
769 929 800 968 se
826 919 942 971 eontra·
998 915 1087 970 Deum
1103 918 1202 970 eontra
1218 919 1305 986 eaput
1320 913 1419 970 lentuli
1435 915 1492 971 sui.
1513 917 1638 973 Sanetus
1662 915 1769 989 qnippe
1793 920 1821 973 et

114 1004 193 1060 riam
209 1003 304 1060 saniei.
320 1002 377 1077 Ipsi
392 1003 470 1060 enim
486 1003 679 1078 Septuaginta
694 1002 878 1073 interpretes,
891 1004 942 1075 qui
959 1006 966 1017 “
996 1001 1055 1059 Deo
1070 1002 1187 1059 deditus
1202 1003 1246 1059 vir
1259 1003 1280 1073 ¹⁵,
1297 1020 1455 1076 oppressus
1471 1007 1630 1072 senectute,
1646 1003 1822 1062 siahabebst

112 1093 165 1149 bio
181 1092 512 1166 septuagintaquinque
532 1094 646 1151 animas
665 1111 717 1168 per
730 1102 863 1168 πρόληψιν,
875 1109 942 1149 cum
997 1090 1138 1148 lectulum
1157 1092 1293 1164 positum,
1310 1094 1387 1150 m
1408 1098 1441 1148 ut
1464 1093 1527 1165 ipse
1547 1093 1673 1164 jacentis
1701 1093 1821 1150 habitus

113 1182 235 1254 Joseqb,
250 1185 278 1238 et
302 1180 427 1254 posteris
443 1182 506 1239 suis
530 1183 686 1256 AEgyptum
707 1185 855 1258 ingressas
879 1197 943 1238 esse
997 1181 1107 1252 absque
1124 1179 1184 1237 ulta
1198 1181 1418 1238 difficultatead
1443 1181 1604 1239 orationem
1631 1185 1709 1238 esset
1732 1198 1818 1255 para-

113 1271 264 1338 dixerunt,
281 1269 310 1326 in
323 1269 547 1327 Deuteronomio
563 1273 750 1347 septuaginta
764 1277 881 1330 tantum
897 1271 942 1326 in·
996 1272 1056 1325 tus.

114 1365 212 1418 trasse
227 1363 430 1416 memorarunt
446 1359 497 1426 [At.
509 1360 647 1418 introisse
659 1362 844 1433 memoranti.
860 1362 942 1428 Quod
1033 1358 1112 1430 (Gap.
1130 1358 1255 1415 XLthl.
1274 1391 1306 1401 -
1318 1359 1399 1415 Vers.
1425 1360 1450 1414 1.
1468 1359 1477 1431 )
1503 1382 1516 1409 «ι
1531 1359 1567 1415 Et
1583 1359 1751 1416 nuntiatum
1776 1365 1821 1417 est

115 1451 142 1505 si
158 1465 174 1505 e
190 1446 335 1506 contrario
354 1447 439 1505 nobis
449 1447 522 1505 iilud
533 1450 701 1524 opponitur,
710 1451 938 1525 quomodoffl
996 1447 1114 1520 loseph.
1131 1448 1203 1504 Hune
1220 1451 1301 1521 pater
1314 1451 1383 1504 tuns
1398 1451 1519 1522 agrotat
1540 1467 1546 1504 :
1563 1452 1591 1503 et
1605 1448 1674 1504 tulit
1697 1449 1771 1507 duos
1786 1451 1820 1505 n-

116 1539 149 1594 in
165 1537 283 1594 batibus
297 1536 495 1610 apostotorum
512 1539 584 1612 (vn),
601 1538 631 1596 in
647 1541 787 1596 annotans
802 1538 943 1612 Stephani
997 1533 1053 1592 lios
1069 1552 1179 1602 seeum,
1195 1539 1343 1593 Manassen
1358 1539 1386 1592 et
1400 1536 1547 1609 Ephraim.
1568 1559 1582 1588 a
1606 1538 1641 1593 nt
1653 1552 1687 1594 ex
1708 1537 1763 1595 hoa
1785 1537 1820 1594 ii·

121 1625 237 1683 dioatur
250 1625 283 1681 ad
298 1625 643 1702 populum,septuaginta
654 1629 786 1702 quinque
801 1629 813 1664 ²
829 1629 945 1685 animas
996 1624 1048 1681 lud
1064 1625 1142 1697 quod
1160 1625 1703 1706 supradiximus,demonstratur,quia
1711 1625 1820 1700 ioseph

120 1715 517 1789 ingressosesseAEgyptum
535 1741 542 1786 ;
559 1717 943 1776 iacilisexousatioest.Non
998 1714 1079 1770 adid
1109 1713 1241 1772 tonorum
1271 1716 1282 1750 ⁸
1310 1716 1385 1771 duos
1418 1719 1532 1770 tantum
1566 1715 1642 1773 filios
1674 1715 1820 1788 babuerit,

117 1804 197 1861 enim
213 1803 314 1860 debuit
337 1807 458 1860 sanetus
488 1806 593 1874 Lucas,
622 1805 671 1879 qui
695 1806 790 1882 ipsius
813 1805 943 1862 historias
959 1835 983 1904 Β
997 1803 1135 1877 Ephraim
1151 1806 1180 1860 et
1191 1803 1359 1860 Manassen.
1375 1803 1404 1859 si
1419 1804 1497 1860 enim
1513 1807 1579 1876 post
1604 1804 1714 1862 multos
1729 1817 1822 1862 anuos

114 1893 244 1966 seriptor
257 1897 312 1960 est,
329 1892 359 1949 in
375 1896 475 1966 gentes
491 1895 616 1950 Aotunm
637 1895 837 1968 apostolorum
860 1895 943 1952 volu·
1000 1892 1142 1949 moriente
1157 1893 1246 1949 Jaoob
1263 1895 1344 1966 patre
1360 1909 1424 1962 suo,
1441 1893 1730 1951 dunstantummodo
1745 1893 1822 1952 illios

114 1997 185 2038 men
201 1981 353 2048 emittens,
366 1981 544 2038 eontrarium
567 1981 677 2056 aliquid
694 1984 820 2041 seribere
843 1985 943 2041 adver·
999 1981 1082 2037 duxit
1094 1982 1129 2038 ad
1144 1981 1389 2053 benedietionem,
1404 1981 1507 2053 utique
1526 1980 1576 2038 iilo
1592 1985 1733 2056 tempore,
1755 2001 1822 2042 enm

113 2087 169 2128 sus
185 2085 251 2126 eam
266 2069 459 2142 scripturam,
476 2085 540 2142 qua
552 2072 616 2143 jem
631 2071 725 2128 iuerat
739 2073 877 2145 gentibus
900 2072 943 2128 di·
998 2067 1051 2124 iiiii
1067 2070 1132 2141 eJ'us
1146 2085 1287 2144 generare
1303 2085 1360 2126 non
1385 2068 1539 2141 quiverant
1559 2069 1580 2136 ⁷,
1597 2069 1709 2144 parvuli
1735 2075 1823 2146 utque

111 2159 247 2234 vulgata.
265 2157 411 2232 Etutique
426 2159 549 2232 majoris
565 2159 711 2234 opinionis
732 2162 781 2219 illo
803 2164 946 2220 duntaxat
997 2153 1149 2225 lactentes,
1165 2157 1195 2214 in
1211 2157 1348 2232 ingressu
1363 2157 1455 2230 Pssiiiss
1470 2160 1499 2213 θῑ
1512 2156 1635 2214 fratrum
1657 2159 1678 2226 ⁸2
1703 2165 1823 2234 nepotes

111 2253 249 2321 tempore
263 2247 453 2320 Septuaginta
463 2249 658 2322 Interpratum
670 2249 836 2310 habebatur
847 2257 945 2310 aneto·
999 2261 1033 2302 ex
1045 2246 1087 2302 eis
1103 2245 1214 2303 habere
1228 2263 1286 2302 non
1302 2245 1405 2319 potuit·

111 2337 307 2408 ritas,qaam
324 2336 490 2408 Luoae,qni
513 2337 642 2412 ignotus,
674 2343 703 2396 et
730 2338 807 2406 vilis,
834 2344 863 2396 et
885 2357 943 2396 non
1035 2335 1229 2408 (vers,2.)»
1251 2335 1285 2391 Ht
1309 2335 1491 2392 confortatus
1514 2334 1614 2404 Israel,
1638 2334 1713 2392 sedit
1735 2353 1823 2407 super

110 2440 231 2498 magna
246 2424 314 2480 tidai
330 2425 359 2481 in
376 2425 544 2481 nationibus
569 2425 620 2493 [At.
646 2427 793 2502 gentibus]
817 2428 943 2486 dueeba-
998 2421 1150 2480 lectulum.
1178 2447 1188 2474 ι
1213 2425 1318 2490 Causa,
1343 2440 1395 2480 cur
1431 2425 1624 2498 Septuaginta
1647 2424 1823 2498 Interpretes

109 2519 173 2570 tur.
199 2513 259 2569 Hoe
283 2517 383 2569 autem
403 2511 578 2586 generaliter
607 2516 834 2582 observandum,
864 2518 943 2589 qnod
997 2512 1076 2569 idem
1093 2513 1216 2568 verbum
1229 2511 1314 2568 aliter
1328 2515 1416 2586 atque
1431 2512 1516 2569 aliter
1530 2511 1683 2580 edidnrtnt,
1704 2515 1821 2584 nesoi03

109 2603 288 2676 ubieunque
303 2602 396 2658 saneti
417 2601 551 2675 apostoli,
576 2609 628 2660 aut
651 2603 802 2678 apostotici
825 2605 879 2660 viri
902 2604 944 2662 lo-
998 2599 1155 2658 hoounum
1171 2601 1308 2658 audacter
1322 2601 1397 2669 dieo,
1414 2601 1730 2674 quodipsumverbum
1741 2605 1824 2661 Hera

109 2690 301 2766 quanturad
324 2689 458 2764 populos,
487 2690 532 2747 bis
560 2691 735 2766 plerumque
766 2685 944 2750 testimoniis
998 2699 1083 2755 unm,
1109 2691 1186 2763 qnod
1211 2687 1313 2746 bisin
1343 2690 1443 2746 lectum
1479 2689 1703 2760 transtulerunt,
1733 2707 1824 2766 supra
1883 2695 1890 2705 '

110 2781 291 2848 abutuntur,
309 2780 448 2854 quaejam
459 2780 576 2837 inerant
591 2779 942 2856 ingentibusdivulgata:
998 2778 1049 2834 ubi
1066 2777 1205 2847 diximus,
1223 2779 1360 2835 adorasse
1374 2778 1475 2847 Jaoob,
1490 2781 1715 2854 virgampotius,
1732 2796 1821 2853 quarn

109 2869 185 2926 lieet
200 2867 333 2941 plerique
346 2868 465 2924 tradant
479 2869 588 2925 Lunam
598 2869 817 2944 evangelistam,
830 2875 863 2926 ut
877 2887 943 2942 pro·
998 2867 1131 2923 lectulum
1148 2865 1382 2923 nominaverunt.
1802 2873 1805 2880 '

110 2957 254 3032 selytum,
270 2957 408 3014 Hebraeas
423 2957 536 3014 litteras
550 2959 562 2992 ³
577 2957 737 3031 ignorasse.
1034 2954 1127 3025 (Vens.
1140 2954 1180 3026 5.)
1195 2975 1210 3005 a
1225 2955 1261 3011 Et
1283 2969 1361 3010 nune
1383 2970 1448 3012 eree
1462 2957 1520 3012 duo
1543 2956 1596 3014 iiiii
1622 2958 1664 3013 tui
1688 2959 1738 3032 qui
1760 2959 1821 3016 nati

148 3046 247 3120 (vers,
262 3045 307 3102 28,
323 3048 334 3115 )
349 3069 363 3095 «
379 3045 488 3102 Judam
502 3061 570 3102 vero
586 3045 665 3102 misit
686 3051 752 3104 ante
777 3063 808 3104 ae
831 3049 867 3104 ad
893 3047 943 3104 Jo-
999 3047 1069 3100 sunt
1083 3042 1135 3098 tibi
1151 3043 1181 3099 in
1197 3047 1274 3100 terre
1288 3043 1415 3118 AEgypti,
1431 3048 1587 3118 antequam
1602 3047 1776 3105 veniremad
1793 3053 1821 3106 te

112 3135 201 3210 saph,
217 3137 251 3191 ut
265 3137 430 3191 occurrerat
443 3133 469 3190 ei
484 3133 520 3190 ad
537 3134 639 3193 urbem
650 3133 776 3191 Heroum
792 3135 942 3192 interram
998 3131 1029 3188 in
1045 3133 1178 3205 AEgypto,
1189 3131 1246 3188 mei
1262 3137 1342 3199 sunt,
1366 3133 1505 3206 thraim
1529 3137 1558 3190 et
1579 3133 1714 3194 Marassa
1736 3136 1821 3211 qnasi

112 3225 266 3282 Ramesse.
283 3245 298 3274 a
316 3223 347 3278 in
363 3221 482 3280 Hebraeo
498 3237 551 3278 neo
564 3221 667 3278 urbem
692 3222 780 3280 habat
803 3203 979 3292 bareumi}
999 3221 1100 3280 Haben
1125 3225 1153 3278 et
1177 3221 1261 3294 quasi
1286 3220 1383 3277 Simon
1407 3226 1494 3279 erunt
1517 3222 1600 3280 mihi.
1621 3225 1699 3291 Quos
1721 3229 1820 3282 sutem

111 3329 167 3370 neo
181 3315 292 3370 terram
307 3311 456 3377 Ramesse,
472 3310 523 3368 sed
539 3311 711 3368 tantumodo
735 3312 839 3370 Gasen.
865 3313 942 3371 Non·
998 3309 1181 3383 generaveris
1196 3312 1262 3383 post
1277 3309 1348 3375 haeo,
1371 3309 1416 3366 tui
1437 3317 1533 3368 erunt.
1560 3313 1593 3368 in
1617 3313 1735 3370 nomine
1764 3314 1822 3372 tre·

111 3401 187 3460 nulli
200 3401 371 3458 iudaeorum
387 3403 523 3457 asserunt
537 3401 549 3435 ⁴
561 3399 653 3457 Gasen
670 3417 749 3456 nuno
761 3401 942 3458 Thebaidem
998 3405 1077 3455 tram
1092 3401 1103 3434 ⁹
1117 3414 1238 3455 suorum
1254 3399 1445 3457 vocabuntur.
1463 3423 1478 3452 n
1503 3401 1531 3457 Si
1553 3401 1620 3474 quis
1645 3402 1821 3477 ambigebat,

111 3487 222 3546 ausari.
237 3488 274 3544 Dt
287 3487 317 3544 id
343 3488 423 3561 quod
447 3491 549 3560 postea
573 3487 761 3560 seqnitur:«
779 3488 863 3545 Dedit
888 3491 941 3557 eis,
998 3488 1076 3562 quod
1101 3486 1287 3560 suptuaginta
1319 3488 1424 3543 animae
1451 3489 1623 3547 introissent
1652 3492 1822 3566 AEgyptum,

113 3583 150 3635 ut
174 3577 357 3650 possiderent
379 3575 494 3650 AEgypti
516 3577 569 3648 [At.
586 3577 616 3632 in
644 3576 776 3650 AEgypto]
801 3577 943 3650 optimam
998 3573 1378 3647 filiorumlsras1,etquod
1402 3576 1511 3650 ,loseph
1541 3594 1574 3634 eo
1597 3582 1739 3651 tempore,
1763 3596 1821 3653 quo

115 3669 228 3721 terram
242 3663 431 3722 iniismesse.
447 3684 462 3716 a
478 3680 588 3739 pagum
606 3665 791 3723 arsenoitem
813 3667 856 3722 sio
872 3665 942 3724 olim
999 3663 1151 3738 ingressus
1162 3667 1206 3720 est
1220 3662 1320 3734 Jacob,
1337 3679 1395 3720 non
1411 3681 1526 3732 novem,
1541 3667 1592 3723 sed
1607 3667 1681 3723 duos
1706 3670 1819 3724 tanturn

115 3754 255 3809 vocatum
271 3755 438 3810 autumant.
998 3753 1073 3809 iiiios
1088 3751 1234 3819 habuerit,
1250 3753 1387 3825 praesenti
1401 3752 1529 3825 capituto
1550 3755 1750 3812 confirmatur.
1773 3754 1819 3812 Si-

151 3839 407 3914 (cap.xxv11.-
429 3839 512 3900 Vera.
532 3843 578 3910 3t,
596 3843 633 3915 i·
658 3843 692 3899 nr
712 3843 784 3899 dixit
811 3844 848 3913 ei,
872 3844 943 3902 Jura
997 3842 1116 3916 quidem
1128 3841 1191 3914 ipso
1205 3840 1295 3898 Jaeob
1310 3839 1451 3914 loquitur,
1479 3842 1554 3899 duos
1578 3859 1645 3900 eum
1671 3842 1746 3900 tilios
1766 3843 1818 3899 ha·

114 3929 202 3999 mihi,
220 3929 255 3986 Dt
265 3931 375 4002 juravit
389 3931 416 3988 ei
432 3948 439 3987 ε
455 3935 483 3987 et
495 3931 625 3988 adoravit
641 3931 727 3989 israel
743 3935 844 3989 contra
858 3949 948 3993 sum-,
996 3931 1107 3998 baisse,
1125 3945 1182 3986 non
1198 3944 1313 3984 novem.
1328 3930 1409 3996 Quod
1424 3933 1522 3986 autem
1539 3929 1618 3997 dieit,
1645 3933 1777 4005 Ephraim
1793 3941 1819 3990 et

113 4018 251 4076 mitatem
275 4019 361 4093 virge
388 4020 462 4092 ejus.
490 4042 504 4072 a
526 4021 561 4076 itt
584 4020 614 4076 in
642 4020 698 4077 boo
730 4019 793 4078 loeo
822 4021 942 4093 quidam
996 4020 1119 4076 Hennaea
1139 4019 1210 4074 eierat
1233 4017 1326 4074 Haben
1349 4021 1376 4074 et
1399 4019 1508 4076 Sinaros
1539 4024 1619 4077 emeat
1640 4021 1721 4090 miti,
1746 4020 1819 4078 iilud

110 4109 223 4166 trustra
236 4107 381 4165 simutant
394 4109 533 4165 adorasse
546 4108 636 4166 taoob
650 4109 853 4166 summitatem
878 4125 939 4166 aee·
993 4107 1152 4182 significat,
1168 4107 1246 4164 sieut
1259 4107 1361 4163 Haben
1376 4109 1404 4164 et
1419 4107 1537 4164 Simeon
1549 4109 1613 4165 due
1623 4109 1718 4166 tribus
1732 4115 1820 4167 erunt

145 4265 304 4324 ¹1vunnin
330 4283 387 4322 uno
410 4267 542 4350 Romano
567 4265 725 4350 exemplari
751 4267 792 4326 ita
810 4269 941 4326 invenire
996 4283 1119 4336 messes,
1136 4281 1244 4350 exque
1259 4265 1375 4323 civitate
1395 4283 1502 4324 nomon
1530 4267 1664 4350 obtinet:
1681 4267 1758 4339 quod
1784 4283 1819 4327 ex

108 4341 166 4406 est,
179 4337 433 4424 qaemadmodum
449 4354 479 4393 rn
497 4354 551 4395 suo
566 4341 763 4412 Hieronymus
789 4338 871 4413 legit,
895 4358 941 4398 ae·
997 4341 1188 4411 subsequantr
1205 4353 1280 4409 cap..
1296 4353 1370 4463 veis.
1396 4337 1636 4412 tt,parsprouum
1653 4342 1707 4396 est.
1732 4337 1819 4398 Reate

107 4413 466 4566 ptfflhnitgithh'hlgrsuin
480 4480 562 4538 Antis
576 4481 745 4562 referuntur
766 4483 942 4553 septuaginta
995 4408 1326 4568 hlalgoshlhsrhphhbsffndrht
1340 4409 1819 4564 Jd‘hhrtorhhhhrhuoaemffisihuhthlga

108 4551 591 4680 stattaaattaatiii
607 4552 942 4685 tristatus
957 4549 1621 4697 1>iteratasstantibus
1638 4627 1701 4680 rum
1731 4623 1818 4696 ,rua

107 4692 248 4766 opinione
263 4691 459 4767 Hieronymus
484 4663 516 4750 ht
539 4709 555 4749 e
579 4637 726 4750 eontrarrh
751 4702 819 4768 post
840 4716 942 4756 verna·
994 4696 1129 4762 inserius,
1159 4695 1259 4767 absque
1288 4695 1345 4750 utto
1372 4695 1566 4769 impedimento
1593 4667 1629 4752 od
1656 4697 1816 4752 orationem.

107 4761 210 4848 nulum
226 4763 380 4850 Hebraeum
395 4779 674 4890 ⁸i‘m9nemrqff5ffl.
688 4763 717 4820 in
728 4766 806 4848 bnon
821 4769 858 4826 ab
869 4771 941 4844 ipsis
994 4772 1048 4824 eto.
1063 4765 1211 4822 Consors,
1228 4765 1441 4837 augustinum,
1466 4771 1569 4840 quast.
1600 4767 1661 4833 162,
1685 4767 1713 4822 in
1737 4765 1818 4823 buno

105 4835 530 4990 hhghthhlthlhsrnsthhhhstdlrlgci
540 4835 807 4979 affluam
833 4844 939 4986 haerchhse
994 4837 1206 4965 Gznhildhhrme'x
1218 4908 1377 4964 vetustiore
1393 4907 1509 4982 Reginae
1521 4925 1577 4964 ms.
1594 4907 1711 4982 eorrigi,
1726 4907 1762 4964 od
1787 4907 1817 4963 td

107 4977 207 5034 studm
223 4979 413 5063 comparavit,
430 4993 638 5062 anargirorum.
655 4977 714 5033 Neo
729 4978 937 5054 dubitandum,
993 4982 1131 5053 temporie,
1147 4995 1199 5052 pro
1219 4980 1364 5062 iocorum..
1378 4979 1419 5035 Da
1440 4979 1519 5036 enim
1540 4979 1708 5052 Hieronymi
1732 4991 1816 5036 mens

106 5047 243 5108 andnam
262 5065 325 5124 yam
347 5049 431 5134 ritum
456 5054 615 5132 exstrtvsse,
641 5053 799 5132 antequam
824 5052 938 5114 Christo
992 5059 1046 5109 est.
1064 5056 1094 5108 ut
1112 5067 1147 5132 err
1162 5054 1222 5106 toto
1235 5050 1365 5136 mnenon
1382 5055 1517 5107 contextu
1532 5051 1634 5136 liquet.

107 5135 217 5202 nomen
231 5120 324 5189 daret,
340 5137 468 5206 mammo
481 5137 508 5206 ‚⁸¹
529 5121 619 5176 tidem
644 5119 785 5204 adhibeas
801 5123 937 5210 ¹antiquis
1010 5123 1240 5208 ''Marta-anans
1255 5125 1415 5204 quaererent
1429 5139 1439 5176 :
1456 5123 1588 5206 tortassrs
1596 5119 1814 5208 typothetarum

106 5190 935 5338 sabbatizabitisdanatistas
990 5192 1266 5324 {tanatum
1295 5191 1439 5249 ”⁰¹¹⁰”¹¹“
1475 5192 1533 5250 ⁸¹¹⁸
1561 5209 1697 5267 ⁸¹¹¹³⁰‘¹⁰⁵
1733 5197 1815 5251 ‘⁸⁰¹¹‘

107 5335 176 5406 m,tt
195 5332 936 5416 quieumenumeroLXXdisoipnlornmtrodunt
1024 5338 1125 5393 ⁸idam
1141 5333 1337 5400 martianaeus,
1368 5337 1397 5390 ta
1416 5350 1525 5406 opressa
1550 5337 1650 5410 patria,
1673 5339 1742 5402 eto..
1769 5351 1814 5392 ra·

106 5377 262 5472 exstitisse,
280 5407 419 5464 Praetereo
443 5405 634 5486 Hebraismos
662 5421 690 5487 m
715 5405 779 5478 ejus
804 5409 934 5482 seriptis,
989 5408 1149 5465 nuentibus
1165 5421 1236 5462 mss.
1253 5408 1340 5487 atque
1354 5405 1440 5462 editis
1455 5407 1694 5481 nastigatiorihus
1718 5405 1812 5476 libris,

106 5490 163 5532 non
179 5479 399 5536 rontemnendae
417 5477 593 5535 eruditionis
606 5475 778 5536 hominibus
801 5480 934 5540 observa·
987 5481 1051 5554 ipso
1074 5494 1110 5534 ua
1125 5476 1351 5548 Hieronymrano
1367 5481 1512 5534 contentu.

107 5549 293 5678 toti’Dixissat
326 5632 385 5678 som
415 5622 420 5634 '
458 5625 469 5676 t
508 5618 644 5678 homines
667 5633 775 5694 gangra
798 5621 825 5679 b'
878 5625 883 5637 '
986 5497 1810 5689 M·hhgs.t‹i1;oefflagitantemmiserrumam.

106 5637 637 5766 pertusant,'nagrd”dh⁸ss³eneaaam
657 5693 703 5750 est
721 5708 754 5750 ae
776 5637 856 5754 perra
871 5641 932 5754 hh]-
1016 5639 1051 5681 οι
1094 5637 1127 5677 Μ
1172 5636 1215 5690 θ’,
1355 5661 1362 5676 ⁸
