4078 6162
211 315 309 393 ‘oce
791 347 796 360 ·
838 305 1325 408 'cammerinorum
1367 343 1370 348 -
1850 321 1912 398 a„

246 457 387 534 gratim.
403 457 579 533 qna‘potene
593 471 651 515 non
667 455 788 531 indiget.
803 455 885 522 Quod
901 455 925 512 ai
945 471 1003 512 non
1019 469 1070 527 po·
1084 455 1113 529 Α
1127 453 1258 526 Loquere
1278 459 1312 512 ut
1330 454 1386 526 uis,
1412 459 1617 530 momentote
1637 459 1669 518 ὠ
1688 453 1911 538 ῑὶδοῑ,1οηουη

248 549 309 606 test
322 548 434 620 absque
448 545 498 604 Dei
512 545 617 620 gratia,
633 545 721 604 stulta
736 544 882 604 indixisti
897 545 1072 617 possequod
1122 541 1201 600 mihi
1215 542 1343 602 liberum
1358 545 1513 606 arbitrium
1530 549 1724 622 extorquebis,
1739 552 1815 623 eund
1836 556 1915 614 unsel

251 653 311 696 non
334 640 440 710 potest.
465 635 612 708 Quidquid
643 635 721 692 enim
748 651 784 692 ex
817 632 937 691 alterius
966 633 1074 708 pendet
1127 633 1373 704 concessitdlens,
1389 635 1568 697 amselohis
1580 635 1693 696 auterre
1709 640 1783 712 qnod
1795 641 1916 702 abitri-

250 727 380 797 arbitrio,
397 741 454 782 non
475 725 540 798 ejus
561 729 606 782 est
626 741 715 799 quem
735 739 820 797 posse
841 723 1006 792 contendis,
1020 722 1072 780 sed
1126 721 1191 778 buit
1204 723 1313 792 Deest
1328 739 1414 796 posse
1438 724 1463 782 si
1486 724 1613 788 voluero.
1638 728 1669 788 t.
1687 727 1810 802 brenni
1828 731 1916 804 gratis,

249 815 341 886 illius,
358 815 422 872 sine
436 831 494 888 quo
509 831 576 872 eum
592 831 650 871 non
664 829 750 887 posse
760 813 949 886 perspicuum
963 816 1017 869 est.
1121 826 1185 866 ‘uno
1206 815 1322 870 tantum
1347 815 1466 878 mansur
1490 813 1676 873 testimonio:
1702 816 1822 878 «hreni
1844 819 1917 878 uadi

284 907 310 962 3.
329 907 407 964 iuter
420 913 515 964 ercet
526 918 605 976 posse
625 911 759 976 quantum
777 901 868 959 dictet.
885 931 918 943 -
933 901 963 957 C.
979 901 1070 975 Rogo,
1125 897 1328 970 illiumlessa,
1342 901 1438 960 virum
1462 904 1627 962 seeundum
1648 919 1698 962 cor
1712 905 1917 978 mormcuiic

246 1013 313 1070 qua
336 999 381 1052 est
400 994 457 1052 ista
479 993 617 1066 pravitas,
640 993 699 1050 ime
727 993 840 1064 absque
865 991 977 1048 ratione
1002 1008 1072 1050 con·
1125 987 1477 1053 cistomnesvolnntntes
1502 1007 1584 1055 mess
1609 993 1677 1066 (itt.
1701 1003 1762 1072 stu,
1785 996 1835 1062 ἵης
1855 997 1917 1054 Rau.

247 1083 362 1142 tentio?
390 1084 431 1140 Ne
458 1083 513 1138 hoc
541 1081 660 1155 quidem
689 1079 763 1136 mihi
791 1080 855 1148 das,
884 1084 917 1139 ut
936 1096 1072 1154 egressus
1123 1093 1262 1149 οιηινηι,
1277 1081 1334 1150 2ο).
1351 1099 1365 1132 a
1381 1080 1471 1138 David
1498 1084 1632 1146 sanctum
1654 1097 1719 1144 ‚esee
1741 1097 1796 1142 eoo
1810 1083 1918 1144 calna

249 1173 326 1232 m
340 1189 433 1246 eques
458 1173 507 1245 [ct.
531 1171 619 1245 aqua]
647 1169 832 1243 baptismatis
859 1169 924 1227 aine
952 1173 1070 1242 peccato
1122 1169 1179 1236 cst,
1194 1170 1333 1228 ettamen
1348 1169 1399 1241 qui
1413 1169 1524 1229 electus
1538 1174 1593 1238 est,
1609 1175 1643 1230 ut
1655 1185 1755 1230 emeca
1766 1171 1814 1230 liei
1830 1171 1920 1232 voun-

243 1263 287 1324 ait
298 1264 313 1319 ‘t
326 1263 358 1318 A.
370 1266 429 1318 Aut
455 1277 508 1335 ego
537 1276 657 1318 sensum
685 1275 784 1316 meum
811 1259 908 1318 verbis
927 1257 1070 1332 explicare
1123 1257 1198 1314 tates
1216 1256 1332 1327 iaceret,
1349 1258 1449 1331 aliqua
1462 1259 1567 1326 iecisse
1588 1259 1814 1333 reprehenditur.
1827 1259 1920 1333 titique

245 1368 305 1414 eon
319 1350 412 1420 valeo,
433 1352 495 1421 act,
517 1366 565 1408 me
585 1347 758 1422 explicante,
781 1348 817 1404 ad
846 1347 1069 1421 intelligendum
1122 1343 1263 1417 possibile
1277 1351 1339 1407 eret
1353 1348 1379 1404 ei
1393 1347 1500 1417 iacere,
1513 1347 1567 1422 qui
1582 1349 1618 1408 ad
1638 1348 1695 1410 boc
1715 1347 1881 1419 οῑοοῐοιοοῐ,
1893 1353 1921 1410 nt

242 1439 458 1500 sardicense.
481 1439 614 1504 Quonam
635 1437 746 1495 medo?
764 1437 795 1494 l.
817 1437 978 1494 Recordare
997 1436 1069 1510 quid
1123 1449 1225 1490 omnes
1241 1434 1290 1492 Dei
1301 1435 1467 1496 voluntates
1489 1435 1607 1502 taceret.
1632 1437 1689 1496 Nec
1712 1436 1786 1496 Deus
1806 1436 1920 1511 inodpe

242 1535 273 1590 et
287 1535 319 1588 tu
335 1527 452 1596 dixeris,
473 1532 501 1585 et
522 1543 575 1601 ego
597 1525 667 1599 quid
689 1525 801 1598 loquar.
824 1523 951 1584 Posuisti
971 1523 1068 1582 homi·
1123 1525 1176 1591 ast,
1193 1523 1242 1595 qui
1258 1524 1392 1596 prodixit
1405 1541 1473 1590 eum
1503 1530 1627 1588 cunctus
1651 1537 1771 1600 auorum
1784 1530 1920 1600 pmcn.

241 1636 313 1678 nem
328 1619 392 1676 sine
407 1618 525 1690 peceato
551 1631 615 1674 esse
626 1616 647 1683 ¹,
675 1613 700 1671 si
714 1613 794 1672 velit.
811 1613 870 1687 Ego
885 1612 1069 1686 impossibile
1118 1627 1190 1670 rum
1204 1613 1299 1670 iacere
1318 1615 1493 1684 vomeres,
1507 1617 1561 1676 aed
1588 1614 1634 1672 illi
1660 1615 1713 1690 qui
1734 1615 1863 1689 predicte
1871 1631 1921 1674 aon

241 1707 301 1766 boc
312 1707 343 1763 ln
357 1705 475 1765 homine
489 1719 555 1762 ease
573 1703 745 1777 respondeo,
770 1719 828 1759 non
851 1701 922 1774 quio
936 1703 1069 1763 statima
1120 1699 1200 1756 tecit.
1224 1701 1324 1775 Neque
1344 1703 1424 1760 enim
1448 1703 1533 1778 dixit,
1558 1703 1707 1766 insanisse
1724 1720 1760 1764 ee
1776 1702 1922 1776 amaad

239 1796 419 1870 baptismate
434 1793 522 1852 homo
544 1797 661 1865 peccato
687 1795 794 1862 emeat,
817 1791 870 1848 sed
894 1789 967 1848 illud
991 1794 1105 1899 temeB
1122 1793 1243 1848 condas
1257 1791 1288 1851 in
1302 1795 1476 1865 perpetuum
1491 1809 1550 1856 sue
1562 1793 1709 1866 insomnis
1722 1794 1825 1854 terem
1836 1792 1923 1852 solun

240 1901 298 1958 pus
319 1883 436 1957 quando
458 1883 522 1940 sine
542 1885 659 1954 peccato
684 1885 739 1948 est,
762 1895 949 1953 nequaquam
971 1881 1064 1952 possi·
1116 1880 1205 1948 tales,
1221 1881 1272 1939 sed
1286 1880 1338 1952 qui
1353 1884 1468 1944 tentum
1483 1886 1606 1942 cunctos
1623 1883 1732 1942 incerat
1748 1881 1923 1942 cumbunt

238 1973 347 2038 bilitati
361 1973 507 2040 humane,
529 1971 580 2030 sed
598 1970 650 2028 Dei
669 1969 768 2044 gratie
791 1970 958 2042 deputatur.
983 1967 1064 2028 Tolle
1117 1965 1177 2024 Hoc
1190 1973 1289 2028 etnos
1303 1969 1442 2039 dicimus,
1458 1987 1545 2044 posse
1558 1971 1713 2032 bominem
1733 1987 1788 2030 oon
1804 1985 1924 2044 more,

237 2059 331 2138 igitur
356 2077 452 2136 posse,
481 2063 511 2118 et
536 2075 589 2132 ego
619 2074 685 2116 esse
713 2057 883 2116 concedam.
912 2058 1063 2123 Quomodo
1118 2055 1237 2126 sivelit,
1252 2075 1304 2131 pro
1328 2062 1469 2132 tempore,
1496 2076 1549 2132 pro
1571 2058 1651 2130 loco,
1676 2076 1729 2134 pm
1745 2057 1924 2136 immitius

237 2153 319 2222 enim
332 2155 437 2226 potest,
453 2149 504 2222 qui
519 2165 570 2222 per
588 2163 620 2206 se
639 2164 697 2205 non
719 2145 836 2220 potest?
856 2147 997 2219 sintque
1017 2149 1063 2204 est
1117 2162 1265 2218 corporea,
1280 2147 1423 2220 quamdiu
1438 2149 1570 2208 intentam
1588 2152 1638 2210 eet
1661 2149 1786 2216 animm,
1800 2146 1924 2220 samito

236 2239 290 2302 ille
304 2238 506 2314 impeccantia,
521 2253 585 2310 que
600 2237 700 2294 statim
715 2235 845 2309 corporis
861 2234 951 2308 hujus
968 2239 1062 2294 morte
1115 2235 1226 2293 chorda
1240 2235 1320 2294 nullo
1334 2236 1404 2295 vitio
1419 2235 1536 2300 leuatur
1549 2237 1580 2296 in
1596 2238 1721 2298 cithera.
1733 2236 1811 2305 crud
1824 2235 1849 2296 si
1861 2251 1923 2309 pen·

235 2329 385 2391 linitur¹t
412 2328 470 2385 Aut
497 2331 574 2384 certe
600 2325 627 2382 si
657 2325 735 2382 ultra
756 2325 846 2382 vitam
875 2324 1059 2397 protraxerit,
1114 2322 1258 2381 lulum'se
1272 2325 1419 2382 remiserit
1429 2327 1449 2394 ⁹,
1464 2326 1612 2400 quomodo
1625 2326 1677 2400 qui
1688 2323 1923 2386 minucianus

230 2415 335 2479 'delicti
351 2422 380 2476 et
393 2416 563 2492 ignorantie
579 2413 708 2488 periculo
731 2415 866 2486 subjacet
889 2413 938 2482 [ot.
959 2414 1059 2485 subja·
1113 2411 1243 2473 lembum
1252 2413 1352 2480 trahit,
1362 2413 1390 2471 ai
1400 2411 1919 2484 remiserummus,atatimrsmtui-

235 2501 334 2579 echiti.
350 2507 380 2563 C.
410 2505 566 2564 Dialectica
591 2520 638 2562 me
666 2507 727 2560 arte
757 2501 921 2570 concludis,
950 2507 979 2560 et
1000 2519 1059 2560 non
1112 2505 1171 2570 tur,
1185 2505 1214 2559 et
1228 2502 1389 2562 liuentibus
1402 2503 1498 2576 aquis,
1515 2519 1572 2577 quo
1587 2520 1649 2564 non
1665 2502 1731 2566 uult
1744 2499 1920 2569 mutum

233 2596 400 2654 Christiana
416 2593 546 2668 loqueris
560 2591 759 2664 simplicitate,
775 2591 868 2649 nodos
883 2590 955 2648 mihi
969 2607 1058 2663 quoa·
1113 2589 1244 2658 humana
1257 2591 1397 2663 conditio,
1412 2590 1437 2648 si
1450 2591 1604 2665 paululum
1616 2609 1655 2653 se
1676 2591 1830 2660 nunant
1846 2587 1920 2650 tilloit

235 2684 304 2752 dam
333 2684 410 2742 inter
437 2699 518 2741 essse
546 2685 575 2739 et
602 2695 665 2738 ease
691 2695 777 2754 posse
805 2679 995 2736 concinnans.
1024 2681 1056 2736 Α.
1111 2679 1299 2752 fragilitatem
1314 2697 1410 2751 suam,
1427 2685 1456 2740 et
1470 2681 1563 2741 multa
1581 2697 1614 2742 se
1638 2699 1700 2742 aon
1723 2693 1920 2754 possemn-

232 2772 332 2847 llgone
346 2771 503 2830 verborum
524 2769 655 2844 strophis
683 2767 765 2834 ludo,
793 2784 861 2824 cum
886 2767 941 2825 hoc
955 2769 992 2825 do
1005 2772 1058 2826 tua
1111 2766 1175 2826 ecit.
1192 2767 1320 2828 Putasne
1343 2769 1510 2844 apostolum
1527 2769 1655 2831 Paulum
1677 2785 1713 2828 eo
1735 2773 1920 2843 amponius

231 2858 559 2936 precesseritoiiicina‘l
579 2860 623 2916 Το
644 2857 723 2914 onim
744 2857 828 2926 dicia,
852 2873 910 2913 non
925 2873 989 2914 esse
1003 2857 1056 2914 ho·
1111 2856 1266 2928 scribebat,
1285 2880 1299 2910 a
1314 2861 1482 2926 lacernam,
1496 2860 1553 2918 eine
1562 2859 1718 2932 penulam,
1732 2874 1819 2932 quem
1827 2853 1920 2929 siqu

231 2951 342 3010 minem
358 2951 422 3010 sine
435 2953 566 3023 peccato,
582 2948 633 3006 sed
647 2963 712 3004 esse
723 2962 819 3020 posse,
830 2961 897 3002 cum
912 2963 927 3002 e
942 2949 1056 3004 contra·
1110 2946 1220 3003 Troade
1234 2949 1313 3020 apud
1327 2949 1465 3021 Carpum,
1489 2947 1611 3008 ueniens
1636 2950 1721 3021 effer,
1744 2963 1781 3010 eo
1794 2946 1886 3014 lora,
1896 2947 1923 3002 el

171 3037 173 3043 '
230 3041 274 3100 rio
289 3056 343 3114 ego
357 3039 505 3098 tribuam⁸
521 3038 598 3110 quod
615 3036 739 3110 negasti,
756 3034 983 3092 essehomincm
993 3035 1057 3094 sine
1110 3035 1238 3096 maxime
1252 3037 1440 3096 membranas
1454 3039 1490 3108 (ii
1500 3038 1566 3098 Tios.
1578 3055 1617 3106 rs,
1632 3039 1694 3111 tc),
1709 3059 1725 3096 a
1740 3033 1921 3096 oazcsuriiu

232 3131 351 3203 peccato
374 3144 425 3204 per
452 3125 503 3183 Dei
528 3125 666 3200 gratiam,
695 3129 724 3180 et
748 3127 846 3180 tamon
866 3139 918 3195 per
939 3139 970 3180 ee
996 3141 1054 3182 non
1111 3123 1255 3198 cogitasse
1270 3126 1428 3201 mysteriis,
1444 3131 1473 3183 ct
1486 3142 1544 3194 non
1561 3127 1597 3190 de
1609 3127 1737 3202 hisque
1749 3126 1779 3194 in
1791 3139 1922 3184 mntem·

233 3232 330 3289 posse.
350 3214 379 3271 C.
395 3215 516 3271 Frustra
536 3229 604 3286 ergo
621 3216 730 3270 dantur
742 3215 895 3285 precepta,
909 3211 934 3269 si
949 3227 984 3268 ea
998 3196 1092 3269 imi}
1111 3212 1209 3270 munis
1227 3213 1292 3270 rite
1319 3213 1364 3272 vel
1391 3214 1521 3290 corporis
1547 3215 1724 3274 ηοοοεηηηίι
1748 3213 1838 3281 eunti
1861 3209 1923 3270 m

233 3302 313 3378 plere
332 3319 391 3360 non
411 3317 580 3374 possumus.
597 3300 714 3358 tibens
731 3299 884 3374 possibilia
895 3301 1054 3368 mandavit,
1110 3301 1153 3358 lla
1166 3301 1240 3358 mihi
1254 3302 1404 3364 homiuem
1418 3305 1469 3376 qui
1484 3319 1542 3361 non
1557 3303 1636 3362 esuri
1648 3309 1689 3374 et,
1710 3319 1771 3364 non
1781 3303 1870 3374 sitiat,
1880 3317 1925 3360 ne·

231 3392 288 3450 hoo
301 3391 375 3448 nulli
390 3390 514 3449 dubium
529 3395 583 3446 est.
597 3389 650 3446 Sed
665 3389 736 3463 quio
749 3389 885 3446 homines
903 3388 1056 3462 possibilia
1110 3405 1167 3456 oue
1180 3391 1284 3465 algeat,
1300 3407 1359 3449 non
1375 3391 1481 3461 doleat,
1497 3409 1555 3449 non
1580 3393 1746 3464 febricitet,
1763 3389 1924 3450 nontermi-

232 3494 289 3540 non
306 3481 428 3548 iaciunt,
443 3478 551 3536 idcirco
579 3478 675 3538 omnis
699 3478 828 3534 mundus
852 3477 992 3535 subditus
1010 3485 1055 3536 est
1108 3479 1195 3538 nibus
1209 3484 1239 3537 et
1253 3479 1343 3537 urina
1362 3479 1585 3542 difficultatibus
1606 3483 1810 3558 torquentum
1830 3483 1858 3554 ei
1880 3493 1924 3556 08⁰

229 3567 300 3640 Deo',
316 3575 345 3626 et
357 3568 469 3642 indiget
484 3567 685 3626 misericordia
706 3569 780 3641 ejus.
802 3568 861 3623 Aut
874 3571 951 3623 certe
965 3567 990 3624 si
1006 3585 1052 3626 os·
1106 3567 1159 3628 tibi
1177 3570 1345 3640 concedam,
1359 3586 1445 3643 posse
1458 3569 1607 3631 hominem
1623 3571 1707 3630 nihil
1733 3570 1792 3633 nisi
1804 3572 1814 3606 ²
1828 3571 1863 3638 de
1873 3567 1925 3626 sir·

228 3649 348 3718 medere
366 3659 507 3732 potueris,
528 3657 579 3731 qui
602 3657 738 3714 universa
763 3653 961 3728 compleverit,
983 3661 1052 3714 tunc
1105 3659 1220 3718 tutibus
1242 3658 1379 3732 cogitare.
1411 3659 1538 3718 (inditur
1561 3657 1774 3733 Apostoiuae
1803 3657 1925 3720 ministre

227 3749 337 3822 poteris
355 3749 556 3805 demonstrare
575 3763 639 3804 esse
661 3745 812 3802 hominem
833 3744 882 3816 qui
900 3761 957 3801 non
978 3745 1053 3802 indi·
1105 3746 1173 3818 (Act.
1188 3765 1269 3814 xxiii,
1283 3747 1323 3820 2),
1337 3751 1368 3804 et
1382 3751 1483 3804 eontra
1494 3747 1673 3807 Pontificem
1690 3751 1743 3823 qui
1757 3746 1926 3806 cosdoreim·

226 3841 276 3910 get
289 3836 492 3896 misericordia
505 3836 567 3893 Dei.
584 3835 678 3891 Omne
692 3835 770 3890 enim
786 3834 863 3906 quod
879 3833 943 3890 fieri
956 3837 1052 3907 potest
1105 3839 1265 3908 peroraret,
1278 3835 1452 3894 sententiam
1467 3835 1588 3912 dirigit:
1606 3858 1618 3886 ι
1638 3837 1789 3898 Percntiet
1805 3841 1834 3892 te
1844 3833 1926 3901 oeus,

224 3923 321 3980 tribus
336 3929 450 3981 constat
463 3923 657 3996 temporibus,
672 3925 724 3978 aut
738 3921 894 3996 praeterito,
917 3929 967 3979 aut
981 3940 1051 3998 pras-
1103 3925 1199 3997 paries
1214 3925 1347 3984 dealbate
1359 3925 1438 3999 (ibid.
1453 3925 1493 3996 3).
1507 3946 1521 3976 n
1531 3923 1586 3982 Ubi
1597 3929 1646 3983 est
1658 3926 1715 3986 illa
1723 3923 1863 4007 patientie
1871 3921 1928 3980 Sai-

227 4012 315 4079 senti,
332 4013 408 4074 785
432 4020 481 4074 aut
503 4013 612 4068 tuturo.
638 4011 697 4068 Hoc
724 4012 802 4084 quod
826 4009 946 4082 asseris,
963 4028 1049 4084 posse
1102 4015 1221 4081 raterio,
1237 4013 1287 4087 qui
1304 4013 1388 4087 quasi
1402 4029 1498 4086 agnus
1512 4013 1620 4075 ductim
1634 4016 1677 4076 ad
1692 4015 1855 4080 vicinam,
1871 4025 1938 4078 non,

222 4100 371 4160 hominem
394 4102 458 4158 sine
480 4105 598 4174 peccato
624 4117 688 4158 esse
711 4101 736 4155 si
762 4097 984 4168 velit,monstra
1005 4102 1049 4157 ia·
1102 4103 1261 4175 aperuitos
1277 4117 1363 4158 suum
1379 4101 1443 4174 (icc.
1460 4102 1574 4174 c111,7).
1590 4103 1643 4160 sed
1662 4103 1826 4162 clementer
1839 4099 1927 4176 logui·

223 4193 304 4247 ctum
319 4207 384 4248 esse
397 4191 434 4247 de
457 4191 613 4264 preterito,
635 4193 686 4246 aut
706 4193 784 4246 certe
805 4204 885 4244 nuno
908 4187 970 4245 lieri
987 4207 994 4247 ε
1011 4190 1047 4246 de
1100 4193 1149 4246 tur
1162 4189 1344 4246 verberanti:
1371 4189 1426 4246 «si
1446 4188 1524 4248 mele
1543 4189 1664 4249 locutus
1685 4195 1771 4263 llum,
1795 4205 1881 4264 argum
1894 4187 1925 4244 de

221 4279 321 4338 tuturo
343 4283 445 4353 postea
467 4279 642 4336 videbimus.
671 4277 752 4343 Quod
777 4275 802 4336 ai
824 4275 940 4333 nullum
963 4282 1047 4352 potes
1100 4277 1177 4335 maio
1190 4296 1196 4334 :
1210 4275 1235 4336 si
1251 4282 1349 4334 summ
1365 4278 1448 4349 bene,
1467 4278 1539 4354 quid
1562 4295 1609 4337 me
1637 4282 1734 4345 caedis
1748 4281 1925 4354 (Iconavut,

219 4369 384 4438 ostendero,
400 4369 530 4441 quisine
549 4368 630 4426 omni
652 4365 771 4424 omnino
793 4369 910 4438 pecca'to
929 4355 1043 4436 anteit,
1098 4367 1196 4440 27)i»
1211 4364 1427 4439 Nontipestolo
1442 4365 1636 4435 detmhimus,
1654 4371 1708 4428 ssd
1733 4367 1925 4444 gloriantis

219 4460 271 4513 aut
285 4456 382 4524 inerit,
398 4460 499 4523 restat,
518 4460 552 4513 ut
572 4457 609 4512 de
634 4455 732 4512 iuturo
753 4458 868 4510 tantum
884 4453 1045 4528 disputatio
1099 4454 1171 4512 mini
1184 4455 1386 4529 predicamus,
1403 4455 1500 4528 quiin
1515 4472 1601 4514 carna
1626 4473 1754 4530 passos,
1775 4457 1874 4517 carnia
1886 4455 1926 4511 in·

218 4543 266 4601 alt.
284 4545 403 4602 Interim
419 4543 450 4600 in
465 4546 581 4601 dnobus
591 4543 784 4617 temporibus,
796 4543 940 4616 praeterito
956 4550 1044 4620 atque
1056 4561 1082 4629 1)
1093 4544 1205 4616 iuriam
1220 4547 1339 4617 superat
1363 4548 1392 4602 et
1415 4543 1623 4620 fragilitatem
1653 4551 1690 4606 ul
1715 4551 1834 4606 tecam
1848 4543 1923 4611 iliud,

216 4633 586 4706 presentivictuateneris.
596 4631 626 4690 Si
636 4631 1044 4707 aliquistueritposteamajor
1096 4633 1175 4707 quod
1207 4637 1436 4690 commemorat:
1460 4655 1474 4685 a
1503 4633 1669 4692 Alexander
1697 4633 1925 4710 erariusmulta

215 4721 403 4797 patriarchis,
418 4721 580 4796 prophetie,
591 4718 744 4795 apostolis,
754 4721 806 4794 qui
816 4726 934 4794 peccato
943 4727 1040 4779 careat
1094 4721 1167 4780 mihi
1181 4721 1260 4780 mela
1272 4721 1419 4792 caunum
1434 4723 1538 4782 reddet
1551 4722 1595 4782 illi
1610 4725 1764 4786 Dominus
1778 4721 1926 4789 initiastis

213 4817 285 4870 tunc
300 4811 410 4869 tuturis
437 4810 473 4868 de
501 4811 610 4877 iutiiro,
637 4810 662 4866 ai
691 4810 829 4883 potueris,
852 4812 1037 4883 persuadeto.
1089 4810 1593 4884 justusjndex(liiim.rv,1l).»

249 4903 275 4958 i.
292 4902 372 4959 Perre
387 4900 527 4958 hominem
537 4914 589 4972 pro
603 4903 723 4972 tempore
734 4914 790 4955 non
809 4914 931 4971 peccare.
957 4931 991 4942 -
1007 4900 1036 4956 C.
1127 4901 1155 4957 5.
1171 4903 1229 4959 Nec
1241 4907 1281 4958 eet
1294 4899 1439 4974 culpando
1452 4900 1588 4970 creatoris
1602 4901 1745 4964 conditio.
1756 4935 1791 4948 -
1807 4898 1924 4978 6.(1ο9ἐ

249 5027 257 5062 ¹
272 5025 394 5094 Victor,
408 5027 541 5093 Potenti,
568 5040 644 5097 poree
672 5023 811 5081 bominem
837 5025 898 5081 eine
913 5027 1037 5106 peccato,
1090 5041 1150 5083 esse
1164 5025 1295 5098 reposuit
1308 5041 1325 5082 e
1340 5041 1412 5082 mss.

211 5099 267 5175 etc.
282 5099 647 5188 exquibuelverbumopoeee
668 5113 685 5151 a
708 5110 739 5152 se
762 5094 986 5177 superadditum
1002 5111 1037 5153 ex
1126 5097 1258 5180 *Vocem
1272 5098 1343 5154 Duce
1358 5099 1458 5169 utpote
1481 5097 1661 5170 superfluam
1689 5097 1925 5158 hinc'Vlcton'ui

210 5168 644 5298 ngaffio:out÷lprerffirffi
654 5169 1036 5320 ηὓοοοιξῗοιὲοῗοζιιιηίηαέἕιυξίξέ
1091 5172 1251 5308 αᾞοὶῖνὲξοο,
1265 5239 1312 5296 sed
1334 5241 1383 5322 qui
1405 5243 1514 5296 tantum
1536 5248 1646 5296 cenem
1670 5242 1784 5311 feceret
1800 5240 1926 5320 cotuate-

209 5308 593 5384 pecosto,sedesseposse.
611 5333 625 5362 a
641 5310 778 5384 iiipaulo
794 5309 961 5366 insertum«
976 5309 1035 5367 Hoc
1088 5315 1136 5381 tec,
1159 5327 1220 5384 que
1248 5327 1349 5368 sensui
1377 5309 1517 5384 explendo
1548 5312 1722 5370 necessaria
1752 5313 1820 5382 visa
1846 5313 1925 5376 sont,

209 5375 288 5458 quod
303 5378 411 5434 asseris
447 5397 512 5438 osse
527 5383 677 5438 hominem
699 5382 762 5438 sice
784 5385 901 5453 peccato
916 5395 991 5450 esse,
1008 5382 1032 5438 si
1087 5380 1229 5440 hactenus
1243 5397 1310 5438 vero
1325 5382 1454 5439 ineditis
1468 5384 1597 5454 deerant,
1617 5381 1801 5450 suffecimus
1815 5385 1858 5442 'ex
1872 5381 1926 5438 Va·

209 5446 288 5504 velrt.
306 5469 317 5496 ι
335 5451 390 5504 etc.
436 5457 589 5508 asaelem
606 5453 811 5510 nostrisilent.
1087 5452 1183 5509 tioano
1198 5452 1366 5522 exemplari.
1848 5453 1853 5462 ‘

242 5521 254 5554 ⁸
269 5519 301 5574 in
316 5533 350 5575 eo
364 5517 476 5576 scilicet
489 5523 541 5593 qui
556 5525 657 5584 stetim
672 5543 689 5580 a
703 5525 849 5596 baptismo
862 5523 994 5581 moritur.
1121 5525 1131 5558 ³
1148 5525 1230 5589 ldae„
1247 5523 1322 5592 Quod
1339 5526 1366 5580 ei
1378 5525 1525 5596 paulutum
1538 5526 1687 5594 remiserit,
1790 5543 1828 5584 us
1842 5541 1881 5583 re.

225 5591 337 5675 ψη.
358 5605 425 5648 eum
446 5593 533 5649 veteri
559 5593 696 5676 editione,
719 5597 964 5652 cumceontrorio
982 5611 1030 5722 ego
1119 5593 1263 5661 ⁷Victor.,
1292 5595 1365 5652 nibil
1392 5595 1471 5652 atiud
1506 5598 1575 5669 nbi,
1607 5602 1678 5666 eto,
1704 5612 1746 5656 ex
1773 5625 1777 5634 ·
1802 5595 1926 5674 ruleelt

206 5663 258 5747 tots
272 5663 404 5733 mecm,
415 5666 470 5722 etc.
486 5661 636 5722 consentit
652 5664 812 5748 Victorius,
830 5666 880 5738 qui
900 5669 929 5723 et
942 5683 1029 5739 panc
1083 5665 1168 5725 codd.
1184 5665 1273 5730 Paulo
1289 5671 1357 5742 post
1371 5667 1474 5739 nostri,
1490 5669 1539 5743 poi
1552 5668 1652 5731 cedem
1665 5669 1875 5755 iurpcnueo'tt.

205 5735 351 5813 uesper
378 5751 408 5800 ee
431 5751 488 5798 estc
514 5749 571 5795 non
596 5751 672 5810 posce
700 5738 828 5810 scripsit,
858 5739 887 5798 et
907 5738 1029 5802 verbum
