4056 6156
179 313 219 389 Η
804 335 837 398 ε.
860 332 1017 401 sussen
1039 335 1262 402 uteremur
1843 312 1885 394 te'

179 460 278 518 cirtem
289 461 324 517 ad
340 461 491 520 hortulum
505 469 657 523 venerant:
669 463 896 544 Videtis,inquit
908 470 999 540 Isaac,
1015 472 1209 545 Arespondit
1225 489 1232 529 ε
1248 471 1356 530 Idcirco
1377 471 1458 530 abire
1482 469 1602 541 festine,
1618 481 1656 526 ne
1678 463 1763 525 vobis
1788 465 1876 524 mols·

179 548 234 606 hoc
248 550 475 624 pomariumiat.
486 553 833 628 pomeriumlarbusonlis
843 559 1001 627 consitum,
1057 560 1145 618 stiam
1159 561 1396 634 generemtierta
1410 578 1445 619 ex
1460 560 1674 636 posterioribus
1689 555 1877 631 cognoscetis,

179 639 208 694 et
222 636 351 696 oleribus
365 639 463 697 virens
476 659 483 711 ;
498 641 632 700 antehoc
648 645 739 702 terme
749 647 909 704 triennium
935 663 1003 702 oum
1058 666 1116 706 non
1132 651 1194 706 sine
1207 666 1295 707 causa
1310 667 1356 708 mc
1371 651 1469 708 subito
1485 648 1664 707 ambulasse.
1677 647 1772 722 Igitur
1792 645 1878 702 altera

179 743 355 801 onagrorum
369 745 438 804 grex
448 734 685 801 vastaret,unum
696 735 891 792 eductoribus
901 751 1003 793 eorum

179 819 258 874 stare
269 817 369 889 jussit,
386 817 550 893 baculoque
570 823 698 879 tundens
718 822 825 881 latera:
839 825 943 892 Quare,
959 823 1004 879 in·

180 907 255 978 quit,
267 907 421 965 comeditis
435 910 513 982 quod
529 927 587 967 non
598 911 788 969 seminastis?
799 913 834 968 ttt
848 912 950 969 exinde
960 929 1005 969 ex·

180 995 272 1070 ceptis
287 996 383 1071 aquis,
399 999 435 1056 ad
451 1014 525 1070 quas
544 1001 687 1073 potandas
710 1001 902 1073 ventitabant,
918 1018 1005 1058 num·

180 1100 270 1157 quam
294 1102 344 1142 eos
363 1103 416 1143 nec
440 1087 638 1156 arbusculam,
658 1105 711 1145 nec
736 1089 815 1146 clera
836 1090 1004 1164 contigisse.

180 1173 323 1231 Preterea
337 1175 459 1248 rogabat
474 1193 571 1245 senex,
588 1181 621 1233 ut
635 1176 692 1233 sibi
706 1177 803 1236 locum
820 1179 927 1236 tumuli
942 1182 1005 1252 ejus

181 1263 378 1320 ostenderent.
395 1263 448 1326 Oui
463 1279 530 1322 cum
559 1281 693 1322 seorsum
718 1283 785 1323 eum
802 1268 1003 1336 abduxissent,

181 1354 525 1412 utrummonstraverint
539 1372 630 1413 necne
643 1355 804 1430 ignoratur.
820 1361 944 1414 Consum
960 1375 1008 1414 oc·

181 1439 310 1498 cultandi
321 1443 408 1514 ‚iuxta
423 1449 600 1516 preceptum
615 1445 752 1502 Antonii¹
769 1445 860 1504 luisse
880 1447 1005 1503 releren-

180 1532 235 1600 tes,
252 1546 288 1587 ne
299 1530 480 1604 Pergamius,
497 1532 547 1606 qui
564 1534 614 1592 82
630 1535 659 1591 lu
677 1533 735 1592 illis
751 1534 823 1591 locis
841 1535 1007 1592 ditissimus

182 1621 254 1686 erat,
266 1617 380 1675 sublato
395 1620 431 1676 ad
450 1620 550 1678 villam
573 1639 657 1679 suam
673 1624 767 1680 sancti
779 1641 910 1697 corpore,
928 1642 1007 1680 mar-

182 1707 291 1780 tyrium
307 1708 527 1768 fabricareturi.

215 1795 261 1851 32.
277 1797 407 1854 Pieriam
422 1799 550 1872 impetrat
563 1801 747 1858 littorias·
761 1803 853 1876 Igitur
873 1819 1006 1860 reversus

112 1875 116 1882 ’
181 1886 217 1943 ad
229 1885 423 1958 Aphroditon,
438 1889 554 1948 duobus
573 1905 674 1948 secum
684 1895 798 1948 tantum
814 1891 934 1948 retentis
945 1892 1005 1962 lress

181 1973 287 2044 tribus,
303 1974 334 2032 in
346 1975 442 2033 vicina
457 1995 554 2035 eremo
571 1987 702 2038 meratus
725 1984 770 2037 est
787 1998 794 2036 ε
810 1983 893 2036 tanta
917 1980 1006 2036 absti-

182 2064 282 2122 nentia
295 2071 325 2121 et
335 2064 500 2133 silentio,ut
507 2071 578 2124 tunc
586 2070 715 2142 primum
724 2086 755 2126 se
763 2069 1006 2142 coepisserristo

182 2153 291 2212 servire
315 2154 432 2213 diceret.
449 2157 537 2214 Porro
563 2159 624 2228 iam
653 2159 813 2214 triennium
838 2163 910 2227 erat,
926 2159 1004 2231 quod

182 2243 316 2300 clausum
330 2243 437 2301 omium
447 2245 513 2302 illas
527 2249 620 2304 terras
635 2248 792 2304 arefecerat
804 2265 810 2316 ;
823 2251 855 2303 ut
867 2247 954 2321 vulgo
965 2247 1007 2302 di-

182 2337 288 2403 cerent,
303 2334 421 2391 Antonii
437 2338 559 2391 mortem
572 2336 661 2392 etiam
677 2335 1006 2410 elereentalugere.Non

182 2418 268 2477 latuit
282 2421 361 2478 lama
375 2421 532 2479 Hilarionis
547 2423 660 2480 accolas
675 2442 791 2498 quoque
805 2424 883 2481 illius
898 2423 954 2481 loci
965 2429 1008 2480 :et

183 2511 316 2568 certatim
330 2510 424 2568 virilis
439 2528 472 2568 ac
497 2512 650 2570 muliebris
674 2530 761 2571 sexus
783 2532 833 2570 cre
861 2513 961 2584 luridi,
979 2518 1008 2570 et

185 2600 328 2656 attenuati
352 2601 439 2669 lame,
454 2599 569 2673 pluvias
593 2619 610 2658 a
630 2619 711 2660 serve
736 2603 853 2670 Christi,
866 2603 895 2658 id
920 2606 1008 2672 esta

184 2685 262 2744 beati
280 2683 396 2742 Antonii
411 2703 579 2744 successore
599 2690 841 2760 deprecabantur.
858 2688 935 2752 Quos
959 2689 1008 2746 ills

185 2789 318 2844 cernens,
336 2773 409 2831 mire
423 2774 528 2831 doluit.
540 2774 723 2849 lllevatisque
738 2776 767 2831 io
785 2775 889 2832 coelum
903 2777 1006 2847 oculis,

184 2866 212 2920 et
226 2866 366 2936 utrasque
381 2863 411 2919 in
426 2864 553 2922 sublime
569 2865 684 2939 erigens
695 2864 819 2938 palmos,
835 2866 936 2923 statim
951 2867 1008 2922 im-

183 2951 394 3026 petravitquod
410 2957 591 3026 rogaverant.
608 2953 678 3010 llccc
701 2959 799 3010 autem
820 2954 922 3011 sitiens
945 2972 1007 3012 are·

184 3058 315 3116 nosaque
330 3042 420 3116 regio,
437 3047 592 3116 postquam
607 3042 714 3115 pluviis
728 3041 849 3117 irriguis
873 3049 927 3110 est,
946 3049 1008 3101 tan·

1058 738 1104 794 die
1119 737 1262 795 Gazenses
1276 754 1344 794 cum
1362 737 1518 794 lictoribus
1542 734 1669 812 praelecti
1684 733 1766 807 (nam
1790 731 1878 806 pridie

1058 843 1125 883 cum
1139 827 1255 884 venisse
1274 827 1479 900 cognoverant)
1498 825 1643 881 intrantes
1658 821 1878 890 monasterium,

1058 932 1127 972 oum
1142 913 1226 972 illum
1241 914 1363 972 minime
1378 915 1560 972 invenissent
1583 911 1709 969 invicem
1722 910 1878 983 loqueban-

1058 1007 1107 1059 tur
1123 1019 1130 1059 ε
1147 1003 1248 1060 Nonne
1263 1020 1330 1060 vera
1344 1005 1415 1059 sunt
1429 1019 1491 1076 quse
1506 1000 1699 1058 audivimus?
1713 1016 1819 1074 magus
1829 1003 1879 1072 est,

1060 1100 1089 1150 et
1107 1091 1206 1149 sutura
1226 1093 1385 1166 cognoscit.
1402 1091 1477 1148 Urbs
1501 1091 1579 1147 enim
1601 1090 1687 1159 Gaea,
1712 1092 1879 1162 postquam,

1061 1183 1186 1255 proiecto
1198 1181 1234 1238 de
1247 1179 1401 1236 Palestina
1415 1177 1572 1248 Hilarione,
1586 1177 1724 1235 Julianus
1738 1177 1769 1232 in
1793 1176 1880 1251 impe·

1061 1271 1136 1326 rium
1156 1272 1207 1327 88
1222 1271 1412 1337 successerat,
1437 1269 1586 1324 destructo
1610 1265 1789 1322 monasterio
1810 1266 1880 1336 ejus,

1061 1360 1197 1432 precibus
1215 1359 1251 1415 ad
1276 1358 1481 1431 imperatorem
1504 1357 1591 1423 datis,
1616 1361 1646 1412 ot
1666 1354 1833 1422 Hilarionis,
1857 1360 1882 1411 et

1062 1447 1196 1522 Hesycbii
1212 1450 1335 1503 mortem
1347 1447 1555 1519 impetraverat
1571 1463 1577 1501 :
1592 1445 1739 1518 amboque
1754 1445 1788 1500 ut
1806 1459 1879 1516 qua·

1062 1540 1205 1604 rorantur,
1221 1538 1282 1593 tote
1298 1535 1366 1590 orbe
1376 1533 1519 1608 scriptum
1534 1536 1607 1590 erat.

1097 1625 1140 1684 st
1154 1627 1191 1681 be
1205 1625 1323 1681 Adeone
1333 1624 1475 1696 discipulo.
1484 1653 1520 1664 -
1534 1622 1678 1695 ligressus
1692 1636 1760 1694 ergo
1772 1621 1883 1678 deliru-

1041 1753 1046 1761 -
1062 1715 1137 1784 ebio,
1154 1731 1205 1788 per
1219 1713 1327 1770 inviam
1341 1711 1531 1769 solitudinem
1546 1709 1666 1767 intravit
1690 1708 1790 1767 Oasim
1806 1729 1814 1765 ε
1830 1710 1882 1766 ibi·

1062 1821 1118 1879 que
1135 1821 1210 1860 anno
1234 1802 1301 1876 plus
1324 1801 1424 1859 minus
1443 1803 1553 1870 exacto,
1568 1801 1639 1873 quia
1658 1799 1727 1856 illuc
1741 1799 1753 1835 ⁸
1768 1813 1881 1873 quoque

1060 1911 1115 1950 sua
1129 1893 1208 1949 lama
1222 1893 1401 1965 pervenerat,
1417 1889 1501 1962 quasi
1520 1889 1585 1961 Jam
1603 1889 1632 1944 in
1654 1887 1772 1945 Oriente
1795 1887 1882 1945 latere

1060 1999 1118 2039 noo
1133 1986 1241 2055 posset,
1258 1980 1309 2036 ubi
1325 1977 1411 2036 multi
1425 1977 1509 2034 illum
1529 1980 1558 2034 et
1582 1977 1729 2049 opinione,
1746 1981 1775 2033 et
1801 1975 1881 2034 vultu

1061 2075 1209 2140 noverant,
1225 2069 1259 2126 ad
1276 2069 1354 2127 solas
1377 2067 1513 2141 navigare
1537 2066 1651 2122 insulas
1670 2064 1837 2140 cogitabat;
1853 2069 1884 2122 ut

1061 2178 1148 2234 quem
1163 2165 1240 2216 terra
1253 2159 1430 2232 vulgaverat,
1448 2154 1551 2212 saltem
1567 2155 1661 2212 maria
1676 2153 1814 2211 celarent.
1831 2155 1883 2212 llo·

1060 2252 1128 2307 dem
1145 2249 1233 2305 terme
1246 2251 1376 2319 tempore
1390 2243 1555 2301 lladrisnus
1579 2242 1742 2316 discipulus
1764 2243 1828 2315 ejus
1850 2243 1885 2300 de

1061 2338 1215 2395 Palestina
1230 2335 1407 2410 supervenit,
1419 2334 1519 2390 dicens
1533 2331 1685 2389 lulianum
1703 2331 1844 2401 occisum,
1856 2335 1885 2388 et

1061 2407 1261 2484 Christiar'rum
1287 2425 1494 2497 imperatorem
1523 2419 1734 2495 (tavinianom)
1763 2435 1884 2494 regnare

1062 2517 1184 2589 caepisse
1195 2533 1202 2584 ;
1215 2513 1377 2586 revertique
1391 2529 1459 2568 eum
1475 2511 1580 2568 debere
1594 2511 1630 2566 ad
1649 2509 1820 2566 monasterii
1836 2509 1883 2566 sui

1061 2605 1210 2679 reliquias.
1223 2604 1303 2669 Quod
1319 2601 1367 2658 ille
1382 2601 1503 2659 audiens
1519 2599 1679 2656 detestatus
1689 2603 1734 2656 est
1750 2616 1756 2655 :
1773 2601 1803 2655 et
1814 2615 1882 2655 oon-

1062 2695 1149 2750 ducto
1164 2692 1286 2760 camelo,
1299 2707 1350 2764 per
1364 2693 1476 2746 vastam
1492 2687 1690 2757 solitudinem,
1703 2687 1833 2761 pervenit
1848 2687 1885 2744 ad

1063 2781 1240 2838 maritimam
1258 2781 1359 2835 urbem
1376 2778 1480 2852 Libye,
1491 2774 1750 2834 Paratoniumtubi
1768 2775 1886 2832 Hadria·

1062 2889 1118 2928 nus
1134 2867 1342 2926 inielixvoleus
1355 2865 1542 2924 Palestinam
1558 2865 1674 2934 reverti,
1691 2868 1720 2921 et
1730 2863 1886 2938 pristinam

1063 2962 1119 3018 sub
1135 2959 1253 3016 nominc
1277 2955 1410 3030 magistri
1426 2970 1559 3026 querens
1580 2953 1715 3028 gloriam,
1728 2952 1836 3010 multas
1861 2953 1888 3009 ei

1062 3050 1129 3107 lecit
1150 3047 1283 3119 injurias.
1304 3047 1345 3101 Ad
1371 3049 1544 3112 extremum,
1573 3041 1737 3099 convasatis
1755 3042 1767 3077 ⁸
1783 3059 1847 3114 que
1871 3059 1889 3098 a

183 3135 245 3188 tam
259 3137 429 3204 serpentum
441 3137 469 3188 et
483 3137 693 3189 venenatorum
708 3133 880 3190 animalium
893 3151 927 3190 ex
957 3135 1009 3190 im·
1063 3139 1202 3196 tratribus
1217 3137 1243 3194 ei
1258 3136 1350 3192 missa
1364 3131 1520 3200 detulerat,
1531 3133 1678 3188 nesciente
1699 3131 1760 3198 illo,
1775 3132 1889 3205 protec-

184 3223 300 3296 proviso
311 3221 442 3278 ebullivit
454 3221 724 3290 multitudlnsm‚ut
732 3223 863 3295 percussi
874 3224 1008 3280 innume·
1023 3211 1044 3278 C
1063 3235 1112 3288 tus
1127 3232 1180 3284 est.
1197 3227 1291 3300 Super
1304 3224 1359 3281 hoc
1374 3223 1444 3296 quia
1462 3221 1537 3279 alter
1558 3221 1639 3278 locus
1663 3219 1806 3276 reserandi
1829 3236 1889 3276 non

184 3309 302 3378 rabiles,
318 3308 376 3367 nisi
399 3310 434 3366 ad
458 3308 638 3366 Hilarionem
662 3312 888 3380 concurrissent,
910 3313 1010 3369 statim
1065 3323 1118 3388 est,
1135 3319 1189 3374 hoc
1213 3319 1327 3371 tantum
1352 3310 1473 3369 dixerim
1497 3311 1690 3367 interrorem
1714 3325 1815 3366 eorum
1837 3310 1891 3381 qui

186 3399 349 3456 interirent.
365 3399 521 3456 Benediotc
536 3398 635 3472 itaque
650 3399 713 3456 oleo
729 3400 857 3457 universi
878 3402 1010 3476 agricole
1065 3408 1222 3480 magistros
1232 3401 1499 3476 despiciuut3quod
1510 3404 1576 3474 post
1586 3397 1800 3472 aliquantulum
1814 3403 1890 3454 tem-

187 3497 275 3566 etque
289 3493 420 3564 pestores
436 3493 588 3564 tangentes
603 3487 734 3555 vulnera,
750 3495 859 3546 certam
884 3492 1010 3550 salutem
1065 3499 1144 3572 poris
1158 3492 1370 3568 computruerit
1384 3491 1486 3546 morbo
1502 3489 1591 3563 regio.
1608 3541 1627 3562 ,„

187 3584 386 3643 resumebant.
1099 3589 1144 3642 35.
1155 3583 1366 3653 Euangelioram
1379 3579 1496 3637 codicem
1508 3596 1594 3635 manu
1607 3595 1658 3635 suo
1677 3579 1837 3651 scripserat.
1851 3607 1890 3619 -

220 3673 265 3732 33.
282 3674 418 3744 Perpitin
431 3673 808 3744 cumspicere-Videas
823 3671 909 3728 etiam
927 3673 1010 3730 ibise
1064 3678 1181 3733 liabens
1205 3673 1295 3748 igitur
1317 3670 1429 3729 senex⁶
1452 3671 1600 3725 Gozanum
1620 3683 1732 3736 secum,
1757 3666 1894 3724 ascendit

187 3765 270 3822 miris
285 3763 447 3822 honoribus
463 3763 552 3830 slfiei,
567 3762 693 3835 perrexit
710 3761 925 3828 Alexandriam,
942 3761 1010 3818 inde
1064 3767 1199 3829 classem,
1217 3779 1282 3836 quas
1301 3760 1429 3818 Siciliam
1445 3757 1611 3831 navigabat,
1627 3761 1758 3831 cumque
1780 3772 1893 3813 venun.

185 3855 222 3912 sd
253 3853 421 3911 ulteriorem
443 3854 516 3924 [mes.
548 3851 726 3922 interiorem]
753 3841 851 3907 Oasim
877 3867 1009 3907 eremum
1063 3848 1593 3926 datollvangeliorumcedice,quem
1609 3844 1895 3903 manusuaadoles-

185 3943 417 4002 transiturusllt
427 3941 666 4014 quiaoumquam
681 3958 715 3998 ox
730 3957 787 4013 quo
800 3944 1010 4014 coeperatesset
1064 3963 1133 4002 cens
1147 3944 1315 4014 scripserat,
1331 3939 1401 3995 dare
1416 3935 1538 3993 naulum
1554 3936 1723 4008 disponeret
1745 3934 1775 3990 in
1791 3934 1893 3990 modio

183 4032 356 4099 monachus,
372 4032 401 4086 in
418 4029 540 4086 urbibus
556 4034 715 4102 manserat,
731 4029 846 4086 divertit
861 4030 896 4086 ad
920 4046 1008 4102 quos·
1065 4037 1154 4092 ferme
1177 4031 1282 4099 Adria,
1295 4027 1422 4085 nauoleri
1447 4025 1525 4082 filius
1553 4029 1687 4097 arreptus
1710 4041 1727 4080 a
1745 4025 1891 4090 demone,

182 4125 251 4182 dam
267 4123 371 4180 fraires
386 4120 442 4178 sibi
471 4125 555 4178 notos
578 4120 607 4176 in
629 4119 754 4176 Bruchio
767 4121 788 4188 ³,
804 4119 882 4175 haud
909 4118 1009 4192 procul
1064 4125 1190 4181 clamare
1209 4119 1307 4192 coepit,
1325 4122 1354 4174 et
1378 4116 1494 4173 dicere:
1510 4113 1639 4171 llilarioa
1662 4130 1743 4170 serve
1757 4111 1821 4181 Dei,
1836 4128 1896 4168 our

182 4215 219 4271 ab
231 4211 426 4279 Alexandria3
442 4210 493 4284 qui
508 4226 576 4265 cum
588 4210 662 4266 miro
683 4209 791 4282 gaudio
809 4209 1010 4279 suscepissent
1065 4211 1147 4269 nobis
1164 4225 1213 4283 per
1227 4212 1256 4264 te
1270 4211 1298 4263 st
1312 4206 1342 4262 in
1358 4205 1460 4277 pelago
1475 4208 1555 4260 tutos
1569 4219 1634 4260 esse
1656 4218 1714 4259 uon
1739 4199 1829 4258 lieet?
1844 4200 1896 4258 lta

182 4319 293 4372 senem,
310 4308 339 4359 ei
350 4304 412 4376 jam
432 4301 526 4357 Vicini
543 4317 599 4356 110²<
631 4303 719 4365 esset,
744 4301 862 4370 repente
885 4295 1009 4352 audiunt
1063 4300 1135 4357 mibi
1152 4298 1281 4372 spatium
1296 4296 1388 4351 donec
1399 4294 1435 4350 ad
1450 4296 1558 4350 terram
1568 4290 1695 4356 veniam,
1707 4306 1744 4346 ne
1754 4288 1802 4345 hic
1815 4289 1895 4360 ejec-

182 4391 342 4465 dietipuloe
357 4392 421 4463 tius
447 4389 563 4447 asinum
586 4393 726 4458 sternere,
742 4385 886 4458 illumque
907 4401 1009 4458 parare
1063 4395 1122 4459 tus,
1138 4386 1301 4462 praecipiter
1315 4385 1346 4440 in
1361 4384 1512 4455 abyssum.
1523 4380 1576 4438 Cui
1592 4377 1778 4437 ille:Sil)eus
1789 4391 1891 4444 meus,

182 4479 446 4554 proficisci.ltaque
462 4477 590 4534 advoluti
606 4476 891 4550 pedibus,rogabont
906 4491 942 4530 ne
953 4474 1007 4531 hoc
1063 4480 1112 4548 ait,
1130 4478 1182 4536 tibi
1196 4475 1327 4532 concedit
1342 4477 1374 4528 ut
1388 4486 1518 4540 maneas,
1535 4485 1639 4536 maoo;
1656 4468 1701 4524 sin
1724 4471 1822 4524 autem
1836 4465 1894 4522 ille

182 4570 309 4636 laceret;
325 4571 354 4624 et
378 4571 445 4624 ante
472 4566 562 4622 limen
592 4565 742 4638 prostrati,
759 4565 846 4622 citius
872 4581 903 4621 se
919 4566 1004 4633 mori,
1019 4579 1043 4644 1)
1058 4578 1087 4630 te
1102 4569 1191 4642 ejicit,
1208 4565 1279 4639 quid
1294 4562 1366 4620 mihi
1381 4561 1522 4617 invidiam
1534 4558 1615 4626 facis,
1630 4559 1680 4614 aa
1692 4555 1804 4612 homini
1821 4570 1894 4628 pm.

181 4675 270 4733 quem
286 4661 367 4715 tanto
379 4673 475 4714 carere
491 4655 605 4728 bospite
620 4655 812 4712 testabantur.
829 4655 941 4719 Quibus
956 4654 1005 4711 ille
1059 4662 1150 4721 ociori
1163 4661 1251 4732 atque
1264 4649 1484 4711 mendicoiHec
1495 4653 1592 4706 autem
1608 4646 1734 4717 dicebat,
1743 4660 1779 4702 ue
1788 4647 1892 4701 aaut&

214 4903 305 4960 ¹Vid·
318 4903 347 4960 S·
364 4900 558 4958 Athanasium
573 4900 603 4956 iu
620 4899 670 4956 Vii·
688 4899 715 4956 S·
733 4899 853 4955 Antonii·
870 4899 947 4958 Inita
962 4899 1003 4957 le·
1057 4914 1148 4981 iprae.
1169 4897 1372 4958 Alexandrinae
1399 4895 1482 4952 urbis
1509 4891 1588 4965 regio
1618 4892 1675 4948 ista
1702 4889 1766 4958 luit,
1798 4887 1893 4962 quasi

177 4973 257 5030 Vim
272 4975 405 5042 (lllaedaffi
423 4974 624 5030 emendamus·
1057 5003 1135 5053 πυρου
1156 4985 1190 5032 εῖν
1218 4971 1337 5038 dictas
1362 4985 1434 5048 quo·
1447 4966 1559 5049 detoria
1587 4981 1640 5020 vox
1669 4977 1801 5045 Βρρυχιον,
1818 4961 1892 5016 ideo

213 5046 351 5116 ’Mantit-
361 5043 637 5118 fabriaMarit'rfflffl
653 5049 698 5098 esi
715 5043 857 5115 templum
872 5044 1001 5100 dicatum
1058 5068 1109 5122 per
1124 5002 1339 5119 &phthongum
1355 5037 1552 5121 conuorprouda
1571 5039 1602 5119 ut
1616 5035 1752 5094 Petaurus
1765 5035 1893 5114 conten-

176 5113 207 5170 5¹²
222 5114 362 5170 h⁰¹¹0l011¹
379 5123 550 5188 militium.
566 5115 610 5172 vel
629 5116 840 5171 confessorum.
857 5116 999 5172 ΜΑΒΤΙΛΝ-
1056 5123 1100 5178 dit
1115 5121 1144 5176 in
1156 5113 1396 5192 annotationibus
1406 5127 1434 5164 ru
1448 5109 1643 5190 bprplramum
1654 5111 1691 5166 de
1701 5101 1893 5178 ponderibus

211 5185 392 5257 ³Perperanr
408 5192 436 5242 ot
448 5194 549 5244 contra
564 5205 636 5244 mss.
654 5187 741 5242 fidem
758 5187 911 5258 hucusque
926 5185 1001 5242 obti-
1057 5199 1085 5249 et
1100 5189 1258 5252 mensuris,
1270 5201 1356 5258 quem
1374 5199 1397 5238 sr
1413 5180 1494 5235 lubet
1507 5181 1581 5263 vide.

177 5256 242 5314 nuit
256 5257 303 5312 hic
313 5261 397 5327 atque
408 5259 485 5314 intra
497 5261 601 5315 Brutis.
612 5259 667 5314 Sed
679 5261 830 5316 Brachium
845 5257 1000 5330 legendum
1090 5265 1102 5298 ⁸
1117 5263 1199 5326 Mes,
1212 5261 1281 5316 ltluc
1296 5270 1399 5328 quoque
1413 5269 1476 5308 erem
1490 5253 1624 5333 suaseras
1641 5251 1843 5328 praeveneras

177 5329 291 5384 monuit
306 5331 392 5383 etium
408 5331 554 5384 Amulius.
570 5329 693 5384 blancell.
709 5330 760 5385 lilt.
778 5347 878 5396 xillae
909 5329 949 5385 l6.
968 5330 1001 5384 tlt
1090 5334 1177 5389 ‘Duo
1194 5347 1278 5396 mss„
1295 5327 1446 5383 reiiceretis
1470 5323 1684 5405 ornrarlrusquae,
1709 5315 1890 5399 sitq-altu!

175 5399 368 5473 Epiphanius,
399 5401 448 5471 qui
477 5408 690 5473 Βρούχιονκλίμα.
717 5403 744 5456 id
778 5407 823 5458 cst
851 5402 999 5473 regionem
1054 5423 1115 5462 eam
1130 5405 1284 5472 vasisque,
1301 5403 1355 5454 etc.
1368 5397 1481 5452 llonuit
1495 5395 1640 5476 Victorius
1654 5391 1807 5450 contraeatis
1818 5403 1892 5460 per·

175 5472 332 5528 Braitolaion
342 5472 447 5527 dictam
457 5471 754 5527 suostatedesertam
766 5474 998 5530 l'uissetestatur.
1054 5477 1121 5533 inde
1136 5491 1199 5532 esse
1214 5489 1247 5528 ac
1261 5467 1390 5527 collectis
1404 5468 1434 5524 in
1455 5481 1585 5524 sarcinas
1606 5465 1705 5532 rebus,
1720 5463 1754 5518 ut
1777 5473 1891 5532 aspor-

174 5547 283 5600 Auotor
310 5542 379 5598 vite
412 5541 550 5615 Hpollinii
579 5541 704 5612 Dyscoli‚
727 5553 848 5617 npctytcv
877 5551 1000 5602 vocatis
1053 5553 1163 5606 tantur.

174 5622 206 5688 τ’]
233 5623 344 5689 cpceytp
371 5622 427 5686 cept
453 5622 495 5670 τὸν
523 5621 612 5685 tptpcr
634 5621 680 5684 (sic
714 5625 790 5685 sorte,
814 5639 861 5683 mv
885 5624 998 5690 leesor),
1088 5619 1205 5678 ⁰iidem
1223 5631 1307 5684 mss,
1324 5613 1420 5673 Senem
1434 5613 1582 5670 Zenonem.

176 5694 202 5756 tv
241 5694 308 5768 step
343 5694 396 5746 tau
433 5692 489 5762 (cic)
528 5691 673 5762 καλουμένῳ
713 5693 769 5762 sapt
808 5695 854 5756 τὴν
886 5696 999 5762 Ἀλεξᾶν.
