4066 6162
159 303 217 391 aar
746 303 1281 400 courmaouuouue.ua
1801 301 1865 386 ct

162 447 240 524 scopi
253 443 353 524 babes
360 441 530 530 epistolam,
544 441 601 507 isle
616 447 719 509 eontra
733 449 763 504 te
777 446 904 506 scribere
929 463 988 526 noo
1001 449 1026 516 Α
1044 447 1116 507 tiam
1130 448 1228 510 nascio
1256 445 1324 522 quis
1351 441 1507 523 imperitus
1534 451 1635 524 posset
1660 437 1862 514 imitamini

159 537 296 616 patuerit.
312 541 419 596 Vereor
434 554 477 596 uo
499 537 552 596 tibi
582 538 689 596 iactam
718 536 858 616 injuriam
886 537 985 611 suspi-
1040 537 1095 596 soii
1110 537 1178 596 iicet
1191 538 1394 598 hereticorum
1415 538 1491 598 bed
1514 556 1626 601 venene
1646 541 1864 609 immiseram

160 625 363 690 occurissem
379 627 526 704 quomodo
541 632 645 706 acutus
660 631 690 684 et
712 626 841 700 prudens
865 627 901 684 ad
932 625 983 683 has
1039 628 1075 684 de
1090 627 1179 685 calice
1194 627 1362 702 Babylonis,
1379 629 1493 688 cunctis
1503 629 1862 704 gentibuspropinarsuu

159 715 284 792 ineptias
294 713 471 796 devolvaris,
489 719 521 772 ut
534 717 605 772 dum
626 715 733 772 stultos
748 714 870 772 lectores
885 718 982 787 putas,
1041 716 1156 774 Latinas
1171 717 1338 790 Scripturas
1352 718 1388 774 de
1404 717 1498 776 Grsco
1518 717 1691 778 emendabis
1707 737 1714 788 3
1729 723 1759 776 et
1780 717 1861 777 aliud

161 810 190 868 ie
204 803 327 865 stultum
342 820 408 862 esse
423 805 617 862 demonstres.
635 807 704 862 Post
724 802 873 877 egregiam
898 819 983 877 argu·
1038 804 1176 862 Ecclesiis
1191 806 1291 862 trades
1312 806 1481 880 legendum,
1507 821 1598 879 quam
1619 807 1697 882 quod
1720 807 1810 867 semel
1827 807 1864 884 eb

165 892 380 966 mutationem,
401 895 487 974 ponis
514 893 549 972 in
571 891 704 970 clausula
719 909 726 948 :
740 915 754 942 «
771 891 856 950 Absit
885 892 939 948 boo
965 907 983 946 a
1038 893 1178 966 apostolis
1194 899 1386 968 susceperunt
1403 914 1409 950 :
1425 895 1501 952 mihi
1516 912 1572 954 non
1588 895 1688 960 licebit
1701 899 1779 969 post.
1790 897 1864 969 Sep·

166 983 233 1058 cirts
250 981 359 1055 sanctis
377 980 384 1035 i
402 981 443 1038 De
469 985 565 1038 vestra
590 980 690 1038 schola
716 979 811 1040 solent
835 980 892 1037 ista
907 979 983 1037 lida
1037 982 1334 1055 tuagintaeditionem
1350 984 1863 1059 quamdiiigentiesimeemandatsm

165 1071 324 1152 precedere.
338 1071 398 1126 Vos
414 1070 499 1151 nobis
514 1086 613 1142 pecem
638 1069 891 1143 proficiscentibus
905 1069 984 1125 dedi·
1038 1077 1105 1130 ante
1119 1088 1213 1129 annos
1227 1071 1373 1145 plurimos
1388 1089 1459 1130 mese
1473 1073 1581 1148 lingna
1596 1073 1767 1139 bominibus
1782 1073 1860 1143 dedi,

160 1161 387 1234 stis,etstergo
412 1158 514 1230 jacula
541 1159 661 1216 venenis
688 1163 802 1216 armata
825 1158 982 1230 jecistis.»
1038 1161 1074 1217 ad
1099 1161 1294 1218 confutandos
1321 1161 1449 1228 ludaeos,
1478 1160 1567 1218 etiam
1596 1162 1660 1235 ipsa
1682 1161 1862 1236 exemplaria

158 1249 234 1330 Elin
262 1247 321 1306 bac
348 1248 453 1304 cadem
481 1247 648 1320 prudentia,
681 1247 741 1304 imo
770 1245 983 1304 declamatione
1038 1253 1225 1321 vertere,quae
1236 1248 1294 1322 ipsi
1304 1249 1653 1320 verissimsooniitsntur,
1664 1252 1733 1308 utsi
1744 1251 1863 1324 quando

156 1338 287 1412 disertus
302 1353 368 1412 osse
382 1335 509 1395 voluisti.
525 1335 628 1394 Pacem
644 1335 791 1402 dedimus,
813 1352 871 1392 non
895 1335 984 1392 hicce
1038 1338 1192 1396 adversum
1206 1355 1256 1396 eos
1278 1337 1453 1396 Christianis
1474 1339 1635 1412 disputatio
1663 1343 1788 1400 estnon
1811 1339 1862 1406 ba·

155 1426 209 1484 sim
242 1424 445 1502 suscepimus,
480 1423 635 1482 iunximus
662 1424 784 1482 desecas
810 1441 817 1480 ι
843 1424 984 1480 abeuntes
1038 1427 1126 1484 beant
1140 1427 1375 1500 subterfugiendi
1390 1426 1627 1494 diverticula,sed
1638 1432 1754 1494 suomet
1767 1427 1858 1501 potis·

155 1514 306 1592 prosecuti
322 1530 439 1592 sumus,
451 1517 484 1570 ut
495 1512 873 1581 vosessetiscatbolici,non
888 1516 921 1568 ut
931 1529 983 1570 nos
1038 1515 1147 1579 simum
1162 1531 1304 1573 mucrone
1318 1516 1461 1572 feriantur
1474 1517 1489 1572 ‘l
1504 1516 1622 1584 Plenius
1636 1533 1732 1591 ‚super
1754 1517 1810 1583 boo
1829 1520 1863 1585 ,et

154 1620 292 1664 essemus
307 1601 447 1682 beretici.
465 1601 535 1662 Volo
550 1603 649 1662 temen
665 1601 739 1659 scire
754 1619 817 1674 que
839 1601 899 1658 sint
927 1601 984 1656 ista
1037 1603 1186 1668 inmultis
1201 1604 1267 1661 aliis
1282 1603 1365 1676 locis,
1379 1608 1409 1662 et
1430 1605 1460 1662 in
1484 1605 1543 1662 tine
1566 1604 1687 1665 secundi
1711 1604 1790 1676 libri,
1811 1605 1863 1666 ubi

149 1692 252 1776 iacula
264 1697 420 1762 venenata,
436 1708 500 1766 qus
515 1695 582 1764 post
595 1695 711 1766 tergum
728 1694 859 1748 vestrum
874 1707 928 1748 nos
938 1691 983 1760 je·
1038 1693 1219 1750 accusationi
1234 1697 1291 1750 tus
1306 1691 1454 1766 respondi,
1471 1694 1626 1768 scripsisse
1643 1709 1691 1750 mc
1714 1693 1837 1760 memini
1855 1711 1862 1763 ;

152 1783 229 1842 cisse
244 1779 450 1854 conquereris.
462 1779 644 1850 Vincentius,
665 1779 867 1850 Paulinianus,
893 1781 984 1836 liuse-
1039 1788 1068 1842 et
1081 1781 1307 1856 popularitatem
1334 1786 1427 1852 luam,
1454 1798 1513 1856 qua
1530 1782 1605 1842 mibi
1620 1781 1761 1854 invidiam
1786 1783 1863 1856 apud

154 1863 233 1942 blus,
248 1870 378 1944 Rufinus
406 1869 426 1938 ¹,
455 1869 785 1942 presbyteri1quorum
813 1869 986 1926 Vincentius
1040 1871 1190 1944 simplices
1205 1871 1401 1944 etimperitoe
1416 1870 1519 1930 niteris
1536 1870 1693 1940 concitare,
1710 1869 1864 1946 perspicua

154 1957 251 2018 multo
266 1963 401 2032 tempore
409 1961 477 2014 ante
486 1975 537 2014 vos
552 1957 676 2016 Romam
687 1957 780 2028 venit;
795 1957 985 2014 Paulinianus
1040 1962 1153 2018 ratione
1164 1961 1342 2034 compescui,
1358 1959 1489 2033 illucque
1502 1960 1641 2020 lectorem
1661 1960 1863 2028 bansmitten·

155 2053 185 2106 et
196 2047 347 2120 Eusebius
363 2050 436 2120 ,post
460 2063 570 2106 anuum
584 2055 689 2103 vestre
703 2045 898 2119 navigationis
919 2062 986 2120 pro·
1041 2049 1112 2106 dum
1128 2053 1209 2122 puio.

160 2125 232 2194 iacti
246 2140 338 2204 suul;
355 2133 482 2192 Ruiinus
495 2133 623 2192 incausa
633 2133 744 2191 Claudii
757 2139 824 2208 poet
834 2134 986 2192 biennium
1075 2140 1120 2196 26.
1142 2141 1251 2211 liertyr
1277 2141 1303 2195 ιι
1330 2139 1467 2211 opostoiuc
1494 2142 1603 2196 vocatas
1631 2139 1746 2210 Rafiaas
1766 2141 1863 2208 esaia

162 2224 277 2284 missus
292 2241 300 2294 5
315 2239 428 2291 omnes,
444 2221 489 2281 vel
503 2240 557 2308 pre
581 2239 612 2282 re
623 2221 784 2303 'familiari
803 2221 847 2280 vel
869 2240 921 2296 pro
936 2239 986 2297 pe·
1040 2258 1074 2268 -
1089 2227 1148 2284 ilco
1162 2227 1306 2284 intactum
1327 2226 1469 2298 preteriri
1491 2243 1553 2296 nou¹
1572 2225 1678 2298 patiar,
1703 2243 1740 2284 ne
1758 2226 1862 2296 vdoleas

156 2311 254 2373 riculo
284 2312 390 2386 capitis
412 2310 513 2388 alieni.
538 2311 679 2386 Nunquid
703 2327 792 2370 nosse
820 2312 984 2386 potuimus,
1040 2314 1209 2372 falsatorem
1228 2303 1435 2372 schedularum
1446 2315 1565 2372 tuarum
1585 2313 1762 2386 contessoris
1779 2315 1864 2387 ,apud

155 2401 239 2476 quod
253 2399 442 2476 ingrediente
456 2403 483 2456 te
498 2401 633 2468 Romam,
650 2399 694 2456 vir
708 2399 815 2457 nobilis
826 2399 987 2459 somniaret
1040 2419 1089 2460 me
1103 2401 1227 2475 gloriam
1242 2402 1403 2475 possidere,
1427 2418 1495 2460 cum
1522 2406 1554 2458 ιιι
1577 2401 1711 2474 eiusdem
1732 2401 1864 2474 criminis

152 2481 256 2558 ¹nanim
271 2479 393 2564 plenam
412 2488 555 2545 mercium
584 2488 595 2522 ¹
624 2487 734 2546 infletis
761 2487 871 2546 intrare
884 2487 987 2546 velis?
1040 2495 1189 2563 reus,post
1199 2489 1430 2548 Alexandrinum
1441 2489 1611 2570 exsiliumet
1621 2485 1790 2568 tenebrosos
1800 2508 1864 2553 cer-

154 2575 822 2664 quodomnesndversuslatumqueetiouee³,
835 2576 987 2634 nonistua
1041 2595 1132 2650 ceres,
1149 2579 1295 2638 acunctis
1317 2579 1451 2652 origenis
1478 2579 1673 2636 sectatoribus
1702 2583 1813 2654 martyr
1834 2583 1864 2644 ct

154 2667 286 2728 solveret
299 2667 502 2739 interpretatio
516 2664 530 2722 l
546 2665 623 2740 quod
646 2665 757 2722 librum
787 2665 906 2748 eusebii
931 2682 984 2750 pro
1040 2668 1192 2743 apostolus
1208 2668 1378 2726 nomineris.
1394 2668 1490 2741 Super
1503 2668 1692 2726 excusatione
1711 2668 1863 2743 imperitia

154 2754 306 2832 Pamphili
315 2755 554 2826 vertereslquod
564 2758 650 2810 tuum
660 2755 746 2827 quasi
760 2751 930 2828 operculum
942 2771 987 2811 ve·
1041 2767 1096 2822 tue
1104 2758 1169 2830 jam
1193 2757 1246 2814 tibi
1267 2757 1418 2831 respondi.
1434 2756 1491 2814 Sed
1509 2756 1590 2831 ⁴quia
1615 2757 1717 2816 ιιιάιιιι
1746 2757 1865 2836 repetis,

151 2841 657 2920 penmepatellaimpoueres‘lquod
669 2842 985 2918 famosissimumopus
1041 2851 1070 2907 et
1084 2845 1169 2919 quasi
1185 2845 1349 2920 superioris
1363 2850 1419 2902 ture
1434 2835 1866 2920 defensionisoblitus,sursu'm

151 2947 207 3011 erpi
224 2945 322 3010 ἰρχῶν
338 2931 448 3006 eloquii
473 2931 517 2988 tui
534 2929 687 3003 majestate
714 2931 912 2990 transferres?
927 2931 986 2989 No·
1040 2935 1192 3004 admones,
1209 2938 1242 2991 ut
1256 2934 1387 2992 sciamus
1400 2938 1429 2989 te
1443 2949 1495 3006 per
1508 2933 1631 3008 triginta
1643 2951 1737 2992 anuos
1757 2935 1864 2994 Grecis

151 3042 226 3088 ¹vum
241 3021 402 3082 calumnie
426 3035 520 3094 genus
546 3024 613 3077 ante
637 3025 823 3077 accusatores
850 3020 986 3077 misimus
1039 3022 1241 3090 voluminibus
1256 3022 1412 3100 devoratis,
1439 3022 1543 3078 Latius
1565 3021 1700 3080 nescire:
1716 3021 1867 3097 paulisper

154 3130 247 3188 cmm
264 3117 297 3172 tu
313 3110 485 3184 accusanda
502 3107 710 3166 committeres.
737 3108 799 3166 Non
831 3107 897 3176 luit,
927 3126 985 3164 non
1040 3112 1415 3183 alteudc,meuonpauca
1434 3110 1509 3168 inte
1529 3111 1619 3168 verba
1642 3108 1865 3186 reprehendere.

154 3193 223 3273 fuit,
238 3203 380 3276 inquam,
396 3197 489 3256 nostri
504 3195 630 3267 consilii,
645 3194 696 3255 sed
711 3197 762 3254 Dei
785 3197 984 3271 providentie,
1001 3189 1023 3258 G
1042 3198 1173 3272 alioquin
1195 3198 1292 3256 omnis
1317 3197 1370 3256 tibi
1392 3199 1539 3272 scriptura
1561 3198 1685 3274 delenda
1708 3201 1753 3258 eet
1779 3218 1787 3270 ;
1812 3201 1864 3273 sed

155 3291 291 3352 nimiast
305 3289 344 3348 ad
359 3286 442 3346 aliud
461 3291 562 3344 contra
577 3290 746 3343 nascentem
775 3285 909 3343 heresim
941 3287 985 3342 di·
1039 3286 1168 3360 voluisse
1184 3288 1339 3346 ostendere
1368 3286 1523 3364 discipulis
1549 3287 1620 3358 tuis,
1650 3303 1726 3360 quos
1755 3304 1863 3364 magno

159 3377 328 3446 micarent}
348 3382 378 3434 et
400 3375 431 3432 in
453 3391 565 3433 morem
589 3374 710 3448 loseph,
732 3375 840 3432 samem
855 3375 986 3432 suturam
1040 3375 1139 3433 studio
1154 3373 1228 3431 nibil
1242 3375 1315 3434 scire
1331 3373 1470 3442 docuisti,
1493 3379 1526 3432 ut
1554 3375 1751 3452 intelligerent
1778 3368 1863 3449 celiis

159 3467 232 3526 fidei
247 3465 350 3524 ardore
365 3463 563 3522 sublevarent.
648 3459 650 3466 ’
1040 3463 1221 3522 verecundie
1237 3464 1286 3536 sit,
1301 3465 1497 3540 decerequod
1513 3464 1770 3535 nescias,seribere
1784 3466 1862 3540 quod

158 3557 248 3638 ,25
266 3559 303 3614 uc
317 3555 391 3626 salso
404 3556 485 3628 epist
514 3552 552 3610 od
573 3553 662 3626 Afros.
692 3553 735 3610 Ex
762 3551 864 3609 Grecis
888 3554 987 3612 Latino
1041 3552 1171 3628 ignores,
1187 3557 1215 3609 et
1230 3554 1365 3610 eamdem
1381 3553 1514 3628 magistri
1529 3553 1704 3628 sapientiam
1730 3553 1865 3612 etiamin

162 3644 289 3716 Audaces
303 3643 546 3710 semoveret·
570 3643 632 3708 Quo
657 3658 716 3698 non
737 3645 873 3714 erumpat
898 3641 988 3700 semel
1044 3641 1182 3699 sensibus
1198 3647 1371 3714 quererent.
1388 3642 1529 3713 Quodque
1542 3642 1637 3710 addis,
1652 3662 1667 3692 a
1682 3644 1802 3714 peccate
1815 3658 1868 3716 pu-

169 3732 310 3792 effrenata
323 3731 441 3789 audacia
454 3731 469 3786 ‘l
483 3730 618 3788 Alienum
634 3731 744 3788 crimen
757 3729 813 3788 sibi
829 3731 945 3802 objecit,
958 3735 990 3786 ut
1043 3735 1118 3800 tere,
1136 3746 1195 3787 non
1215 3730 1313 3796 verba,
1334 3729 1532 3797 mendacium,
1557 3727 1747 3796 calumniam,
1771 3727 1868 3788 detre-

162 3838 222 3883 uoe
231 3820 350 3880 finxisse
360 3821 522 3878 videamur.
534 3819 615 3886 Quod
626 3820 737 3894 absque
748 3819 867 3876 nomine
878 3819 989 3876 dictum
1045 3818 1185 3888 ctionem,
1201 3817 1312 3874 laisum
1324 3816 1539 3885 testimonium,
1553 3821 1583 3874 et
1596 3815 1871 3876 universaoonvicia
1905 3869 1906 3872 ,

151 3909 425 3982 ,ωιριιιιιιιιιιιιιι
444 3909 989 3982 ralert,etpurgansexternapeccata,
1046 3911 1075 3965 et
1091 3931 1104 3958 a
1123 3906 1161 3964 Os
1172 3904 1251 3980 quod
1277 3905 1421 3963 mentitur
1448 3905 1555 3962 occidit
1582 3904 1713 3964 enimam
1740 3905 1817 3980 (Sep.
1848 3921 1870 3984 r,

151 4003 278 4068 ,nulum
294 3999 331 4056 de
345 4015 400 4056 sue
415 4014 537 4056 securos
553 4000 598 4054 est
611 3996 787 4073 innocentia.
811 3997 826 4053 J
831 3999 898 4053 urat
912 3997 991 4052 enim
1049 3997 1104 4070 11).
1122 4017 1136 4046 »
1153 4010 1316 4068 monesque
1328 4015 1345 4048 a
1361 4010 1398 4050 ne
1412 3993 1461 4052 ille
1475 3994 1549 4052 letor
1562 4010 1647 4051 nares
1671 4009 1752 4051 meas
1784 4009 1873 4068 peue-

161 4103 195 4148 ιι
208 4087 368 4162 epistolem
384 4103 443 4144 uon
459 4085 613 4160 scripsisse
628 4087 663 4142 ad
679 4086 766 4144 Atros
791 4085 846 4142 sub
871 4085 992 4142 nominc
1043 4089 1114 4160 trel,
1133 4107 1143 4134 a
1163 4083 1314 4160 crederem
1335 4083 1453 4150 dicenti,
1479 4083 1537 4140 nisi
1561 4084 1637 4140 iacta
1655 4082 1801 4164 contraria
1823 4082 1873 4140 de·

151 4193 236 4251 meo,
253 4177 286 4234 in
302 4193 364 4250 que
376 4177 515 4234 confitear
529 4176 684 4232 inductum
700 4192 775 4232 mea
788 4173 899 4232 iudeis
914 4191 994 4230 men·
1050 4174 1273 4248 prehenderem,
1288 4171 1375 4246 quasi
1395 4173 1419 4230 si
1434 4171 1506 4230 lullo
1529 4177 1560 4229 et
1571 4172 1714 4230 coriarius
1734 4175 1876 4230 moneant

157 4268 245 4328 dacia
260 4265 455 4322 transtulisse
472 4282 479 4335 ;
495 4267 523 4322 et
538 4265 630 4322 mittit
654 4262 745 4320 libros
769 4264 871 4321 eadem
894 4263 994 4320 omnia
1049 4261 1290 4338 pigmentarium,
1304 4260 1471 4330 ut,naribus
1485 4259 1642 4327 obturatis,
1652 4259 1789 4318 tabernae
1805 4261 1876 4338 suas

159 4356 442 4427 continentesque
458 4352 588 4410 nescisse
603 4351 737 4424 sejurat.
752 4351 788 4409 ut
813 4352 904 4408 miror
918 4367 994 4425 quo·
1049 4354 1210 4426 pretereat.
1237 4349 1353 4406 Faciam
1375 4366 1444 4423 ergo
1470 4349 1548 4422 quod
1570 4348 1717 4424 proeoipis,
1738 4346 1874 4425 claudam

149 4446 249 4514 modo
268 4443 429 4520 prudentia
452 4443 517 4513 ejus
542 4459 610 4500 cum
633 4441 754 4500 alterius
778 4441 912 4514 nequitie
926 4458 996 4499 oon·
1051 4457 1138 4498 nores
1154 4456 1245 4508 meas,
1262 4455 1298 4496 ne
1313 4437 1445 4496 veritatis
1469 4443 1498 4496 et
1520 4435 1787 4496 benedictionum*
1809 4439 1875 4494 tua·

142 4533 274 4608 ,venerit
288 4534 323 4589 ut
337 4529 416 4604 quod
433 4529 510 4588 alius
536 4531 566 4588 in
585 4529 682 4586 Airica
705 4531 847 4587 mentitus
872 4533 925 4587 est.
948 4529 1034 4626 bien
1051 4546 1118 4586 rum
1134 4513 1310 4585 suavissimo
1326 4527 1414 4585 odore
1428 4527 1606 4586 crucientur.

156 4619 352 4690 concorditer
378 4636 480 4678 verum
502 4618 621 4689 diceret,
644 4617 770 4694 stylique
793 4619 856 4691 ejus
880 4617 996 4692 elegan-
1083 4621 1129 4673 27.
1145 4620 1177 4674 ln
1191 4633 1247 4673 arco
1261 4617 1372 4674 homine
1398 4617 1510 4674 dwerco
1538 4616 1684 4674 laudam
1711 4621 1738 4672 et
1762 4627 1875 4672 couno·

192 4725 354 4787 ¹llufiuus
369 4727 425 4786 iste
443 4726 570 4784 tloeiestii
592 4726 734 4800 magister
757 4725 882 4792 videtur,
905 4741 995 4798 quem
1051 4723 1193 4781 mercium
1213 4723 1340 4780 intrasse
1370 4727 1506 4791 Romam,
1534 4721 1653 4797 quando
1680 4737 1746 4779 eam
1771 4719 1874 4802 urbem

154 4816 233 4860 eum
248 4799 352 4858 Rome
369 4803 477 4874 egeret,
501 4797 644 4870 originale
666 4801 821 4872 peccatum
846 4812 903 4853 non
931 4814 996 4854 osse
1050 4795 1201 4868 ingressus
1217 4793 1396 4852 eetRuduue
1419 4811 1487 4852 cum
1508 4793 1705 4865 sociiscquod
1725 4805 1875 4848 sommum

157 4867 313 4931 decuerit.
1051 4883 1110 4924 non
1130 4868 1211 4922 latua
1226 4864 1351 4923 solveret
1365 4865 1608 4940 interpretatio,et
1619 4879 1722 4920 omnes
1734 4861 1875 4919 adversus

151 4963 156 4970 ·
195 4945 210 4980 ²
229 4938 379 4998 Macarius
389 4935 437 4994 cui
453 4939 577 4995 Rufinus
595 4937 766 5014 eporegiam
792 4935 935 5012 Pamphili
952 4941 995 4996 iu·
1050 4939 1143 4994 iatum
1156 4931 1877 5010 questionemquiasoilicstnavisillaplenaeret

154 5013 292 5087 scripsit
302 5015 334 5069 σι
347 5009 535 5068 difficultates
549 5011 585 5068 de
600 5012 669 5068 Fato
684 5009 839 5084 explicavit
854 5027 861 5066 :
878 5027 947 5076 non,
964 5015 998 5066 ut
1052 5007 1354 5081 blasphemiarum,ut
1364 5007 1433 5062 alibi
1443 5008 1528 5063 docet
1539 5024 1546 5074 ;
1558 5012 1586 5062 ιι
1596 5003 1684 5079 paulo
1696 5001 1876 5077 postlectcri

156 5081 998 5156 labentisqueincongruoMartianeusadnotat,Pam-
1052 5095 1158 5137 sumus
1190 5097 1196 5134 :
1222 5078 1293 5147 Ergo
1319 5080 1376 5134 uisi
1402 5077 1435 5132 de
1466 5078 1575 5134 θνιιιιιι
1597 5077 1725 5145 venisses,
1750 5071 1878 5132 auditis·

157 5155 308 5217 machine
322 5151 481 5210 indicatur.
499 5159 537 5210 ue
551 5151 602 5210 illo
624 5155 689 5210 vide
709 5149 906 5220 Gennadium,
931 5169 995 5225 cap.
1051 5153 1137 5208 simus
1160 5152 1204 5206 vir
1227 5148 1343 5206 hereret
1371 5148 1461 5204 adbuc
1488 5149 1564 5204 iuter
1590 5147 1797 5206 matbeoruticos
1812 5165 1825 5212 ,·
1851 5151 1878 5203 et

155 5232 209 5298 28,
227 5228 236 5284 i
261 5241 333 5284 sum
348 5221 456 5280 Hieron
478 5240 561 5281 mum
572 5225 650 5282 inira
664 5242 723 5281 non
738 5222 840 5280 semei.
1053 5224 1175 5280 hominm
1189 5219 1353 5283 Christiani,
1369 5219 1434 5291 quid
1458 5223 1555 5275 centra
1581 5222 1674 5291 fatum
1699 5221 1876 5288 deseruerat,

198 5301 213 5335 ⁸
322 5311 416 5353 munes
468 5311 571 5354 uersus.
587 5300 640 5353 etc.
660 5297 801 5352 Erasmus
822 5293 904 5367 legit,
921 5293 995 5362 Quod
1054 5295 1223 5366 ipoororeat.
1246 5291 1387 5347 Manrmu.
1404 5321 1438 5331 —
1467 5289 1621 5363 Perperam
1650 5291 1797 5349 Victorius
1825 5289 1877 5346 nd·

158 5383 263 5430 m
276 5367 500 5424 ιιιιιιιιιήιιιιιι
514 5369 689 5439 questiones,
704 5371 761 5434 eto,
775 5365 925 5424 illactenus
946 5381 999 5422 eu·
1053 5381 1145 5422 versas
1164 5365 1285 5446 [meam.
1307 5359 1431 5418 Rufinus
1457 5361 1521 5434 ipso
1548 5363 1676 5420 adversm
1701 5361 1805 5436 [uam.
1833 5361 1877 5418 oet

156 5449 240 5509 um,
255 5437 335 5509 Quod
349 5453 441 5494 ιιιιιιιι
468 5439 614 5508 adversam
638 5442 728 5511 fotum
750 5439 925 5512 erectiones,
942 5441 996 5495 eto.
1053 5436 1199 5503 ιιιαιιιιιι,
1215 5431 1609 5492 difficultatesblacariosse
1619 5435 1715 5508 jactat
1724 5433 1875 5492 enodatas.

159 5517 214 5573 lla
228 5525 349 5586 quoque
363 5525 420 5565 ms.
436 5510 527 5566 codex
541 5510 761 5578 cluniacensis;
778 5513 808 5566 at
818 5507 867 5566 alii
883 5525 997 5574 omnes,
1054 5501 1119 5564 Vid.
1139 5505 1223 5562 inira.

161 5585 321 5642 mnsam
335 5577 427 5655 sotum
440 5583 680 5654 eracliensem.
697 5581 772 5638 Dicit
784 5581 886 5653 itaquo
899 5580 1000 5638 Hiero·
1090 5579 1100 5611 ¹·
1115 5577 1189 5634 Nom
1204 5576 1240 5633 ad
1257 5573 1474 5634 benedictiones
1488 5575 1732 5652 patriarcharum,
1748 5575 1777 5631 in
1802 5583 1876 5644 quoe

160 5671 280 5732 aymus
293 5652 393 5714 virum
414 5651 543 5712 nobilem
567 5653 732 5712 somniasse
756 5651 853 5710 navim
882 5651 1000 5725 plenam
1054 5645 1179 5708 Rufinus
1194 5646 1313 5723 scripsit
1325 5645 1567 5720 Commentarios,
1583 5645 1717 5708 alludit?
1818 5657 1829 5731 ἰ
