4056 6170
270 307 349 370 arsa
889 309 921 370 s.
945 301 1101 370 nusnan
1122 306 1355 371 urnaouunr.
1855 304 1916 374 rinc
1982 321 1983 390 3

269 441 348 514 quad
364 457 415 512 per
431 437 637 512 negligentiam
653 439 819 513 principum
836 441 932 497 amnis
948 441 1011 510 ejus
1027 456 1089 496 cor·
1104 441 1132 508 Α
1146 440 1278 497 bentium
1293 440 1304 475 ⁸
1318 440 1419 495 vinnm
1434 442 1608 512 preparant.
1624 436 1722 495 Omnis
1735 436 1918 510 itaqueuiraan-
1981 391 1983 536 1

268 534 335 587 ruat
349 528 492 585 altitudo:
515 533 545 585 et
563 528 604 583 ibi
627 528 765 583 vitiorum
788 528 930 584 illecebrae
953 528 1024 594 sint,
1040 528 1090 582 ubi
1146 534 1210 585 ctus
1225 530 1286 602 qui,
1304 532 1336 584 ut
1349 527 1484 584 Christus
1500 527 1645 600 precepit,
1671 526 1798 600 magister
1814 528 1918 586 Ecclesia

270 625 384 691 tegmen
404 623 411 656 ¹
425 618 584 690 putabatur
598 633 662 672 esec
676 618 832 672 virtutum.
1146 623 1201 687 ost,
1216 617 1246 672 in
1263 618 1322 674 risu
1339 621 1368 672 et
1381 616 1482 673 letitia
1505 633 1610 688 panem
1635 616 1713 685 iacit,
1733 619 1760 671 et
1779 615 1829 670 uini
1842 617 1920 686 pocula
1981 639 1983 726 A

306 730 321 758 «
333 711 365 761 In
382 705 441 760 risu
459 706 570 761 iaciunt
588 719 694 777 panem
709 709 738 760 et
764 705 864 760 vinum
880 706 900 769 ¹,
926 709 958 760 ut
971 705 1090 777 epulen-
1146 706 1295 761 ministrat
1309 706 1338 761 in
1353 705 1470 778 gaudio.
1497 706 1659 778 Argentum
1684 719 1801 777 quoque,
1821 703 1860 759 cui
1872 705 1920 762 obs·

270 801 319 852 tur
333 796 472 850 viventes.
488 793 523 847 Et
551 799 669 864 argenta
703 793 844 848 obediunt
867 794 919 864 [Al.
942 792 1090 863 obediens]
1145 794 1231 849 diunt
1245 795 1296 864 [At.
1314 793 1465 862 obediens]
1479 791 1589 858 amnia,
1608 790 1795 864 quinqueilla
1810 793 1920 848 deEunn·

270 884 379 942 omnia.
397 907 410 932 a
435 882 575 938 Existimo
601 898 634 938 ex
655 881 857 954 superioribus
872 883 997 954 pendere
1012 880 1090 952 quad
1145 882 1231 954 galia,
1248 885 1277 938 ct
1288 883 1357 950 dun,
1373 886 1401 937 et
1417 898 1509 937 uuum
1525 879 1817 953 patrist'amiliassnnt
1830 881 1919 948 blena,

270 973 413 1045 sequitur.
430 973 460 1026 In
473 970 590 1043 pigritia
604 969 682 1026 enim
698 975 726 1025 et
741 970 770 1024 in
793 971 924 1026 socordia
939 969 1092 1040 magistro·
1145 975 1174 1026 ct
1188 969 1288 1026 decem
1304 985 1389 1037 mne,
1405 985 1470 1041 que
1486 968 1578 1024 servis
1594 968 1622 1023 in
1635 967 1820 1041 negotiatione
1828 967 1921 1024 credun·

270 1077 337 1119 rum
362 1059 512 1116 humiliari
539 1057 708 1128 Ecclesiam,
732 1063 762 1115 et
787 1057 902 1114 culmen
919 1058 983 1129 ejus
998 1057 1093 1112 conci·
1145 1063 1194 1114 tur
1207 1058 1377 1128 (lluttltxuv,
1393 1057 1492 1128 sepa).

269 1149 488 1219 dere,ettigna
511 1146 614 1219 perflui
630 1147 651 1213 ³,
676 1163 767 1218 snpra
792 1146 991 1218 exposuimus.
1008 1145 1090 1200 Nunc
1181 1170 1195 1197 n
1226 1149 1257 1202 ln
1288 1151 1385 1202 mente
1414 1151 1466 1202 tua
1495 1145 1555 1218 regi
1582 1162 1617 1202 ne
1647 1144 1832 1214 maledixeris,
1861 1148 1883 1200 et
1904 1144 1922 1198 in

268 1234 511 1309 ergndceisdem
527 1234 677 1308 magistris
702 1233 842 1307 loquitur.
868 1235 902 1288 Et
925 1227 1090 1304 quinniens
1145 1232 1377 1291 secretocubilis
1401 1233 1456 1298 tui,
1486 1250 1522 1289 ne
1551 1233 1747 1297 maledixeris,
1763 1233 1922 1298 diuiti3m

268 1328 363 1383 fuerat
377 1339 514 1381 accusare
542 1339 601 1393 eos,
630 1327 836 1389 conlucerent,
854 1327 882 1377 et
899 1337 955 1377 oon
971 1324 1090 1376 uteren-
1145 1323 1213 1395 qnia
1227 1322 1288 1378 avis
1307 1322 1371 1378 coeli
1394 1323 1505 1378 aulerct
1527 1339 1638 1392 vocem,
1663 1328 1693 1380 et
1714 1321 1820 1378 habena
1832 1337 1923 1392 pennu,

267 1411 706 1482 turoibciomagietrnrum,et
729 1411 859 1483 episcopi
885 1409 1090 1481 etpresbyteri
1145 1410 1333 1467 annuntiabit
1361 1412 1517 1467 vertunt
1535 1435 1549 1460 ι.
1579 1411 1613 1466 Et
1638 1409 1762 1482 simplex
1784 1415 1923 1482 preceptum

266 1500 297 1557 in
311 1500 440 1557 Ecclesia
463 1499 625 1565 constituti,
641 1515 697 1554 non
713 1499 878 1554 laborarent
903 1498 932 1553 iu
957 1513 1091 1553 sermone
1144 1500 1269 1555 editlcat
1284 1499 1455 1566 audiantas;
1479 1516 1514 1556 ne
1536 1499 1580 1554 ira
1603 1504 1633 1556 et
1657 1501 1753 1556 lurore
1775 1497 1924 1570 superstite

267 1594 296 1646 at
322 1588 463 1658 doctrina,
493 1589 571 1660 quod
601 1587 726 1642 anast
745 1586 829 1642 Titus
843 1590 1046 1641 commonetur
1059 1587 1092 1640 ut
1145 1589 1334 1644 maledictum
1348 1587 1413 1643 etin
1428 1588 1638 1644 detractionem
1651 1585 1924 1660 regumetprincipun

267 1677 356 1734 iaciat
370 1678 432 1748 (Tit.
451 1693 471 1743 1,
485 1677 524 1746 5),
541 1680 570 1730 ct
594 1675 746 1732 Timotheo
770 1673 948 1746 precipitur,
974 1689 1010 1728 ne
1023 1689 1090 1745 gra·
1145 1691 1390 1748 prorumpamne;
1408 1676 1477 1747 quia
1492 1681 1686 1748 contraspem
1698 1675 1838 1732 interdum
1849 1673 1925 1737 euenit,

266 1766 337 1822 tiam
356 1764 600 1837 negligat,quam
629 1781 680 1835 per
702 1762 918 1836 impositionem
948 1777 1091 1816 mannum
1146 1769 1179 1820 ut
1192 1763 1240 1820 bie
1254 1763 1362 1835 quibus
1378 1762 1595 1832 malediximus,
1612 1764 1774 1832 nuntietur,
1788 1769 1817 1820 et
1828 1762 1924 1817 incarn·

266 1859 433 1926 acceperat,
450 1853 501 1908 scd
518 1857 546 1906 et
561 1852 590 1906 in
606 1868 640 1906 eo
656 1869 687 1907 se
710 1850 889 1907 estimarent
903 1852 1088 1921 presbyteros
1143 1867 1209 1908 mue
1220 1850 1384 1924 periculum
1395 1852 1638 1908 immoderatione
1649 1851 1766 1925 lingue.
1776 1851 1849 1917 Quod
1858 1854 1924 1904 aubin

266 1947 295 2000 et
309 1942 471 2013 episcopos,
488 1943 521 1994 ut
534 1939 676 1996 salutaria
691 1939 855 2010 acciperent
871 1938 891 2004 ⁸,
916 1943 945 1993 ot
960 1937 1001 1992 uti
1019 1955 1087 2008 prae·
1142 1940 1203 1996 ait:
1232 1940 1328 1995 «Avis
1352 1941 1417 1995 coeli
1441 1942 1554 1996 auleret
1576 1957 1688 2008 uocem,
1715 1945 1745 1996 ct
1768 1941 1868 1996 babens
1880 1954 1925 2009 pen·

266 2035 396 2104 captores
412 2029 551 2085 bonorem
567 2028 712 2101 duplicem
739 2030 913 2100 quererent,
937 2027 987 2098 qui
1006 2025 1087 2081 labo·
1141 2045 1195 2086 nas
1210 2028 1400 2085 annuntiabit
1415 2030 1546 2098 uerbum,
1565 2051 1578 2078 a
1593 2028 1781 2102 hyperbolice
1795 2026 1924 2097 intelligen-

266 2119 400 2176 rautibus
414 2117 443 2172 in
472 2116 606 2172 doctrina
634 2121 663 2172 et
686 2131 820 2171 sermone
837 2116 959 2171 debetur
973 2115 998 2186 (l
1014 2115 1086 2168 Tira.
1141 2119 1223 2183 dum,
1239 2117 1385 2189 quomodo
1399 2116 1530 2174 solemus
1543 2118 1648 2188 dicere,
1664 2117 1755 2174 etiam
1775 2117 1850 2188 ipsos
1861 2114 1924 2186 pule

266 2225 305 2278 1v,
320 2205 385 2278 lt);
409 2221 487 2262 nunc
515 2205 660 2261 contraria
684 2208 804 2260 accusat
827 2221 877 2260 eus
895 2203 944 2275 qui
961 2203 1087 2274 loquun·
1141 2211 1196 2273 tas,
1212 2206 1320 2278 quibus
1335 2205 1460 2262 consciis
1474 2205 1634 2277 loquimur,
1659 2223 1725 2278 que
1746 2204 1877 2262 audierint
1887 2217 1924 2256 anu

264 2301 314 2353 tur
326 2295 445 2368 quidem
461 2294 490 2349 in
506 2292 643 2361 Ecclesia,
659 2297 688 2347 et
710 2293 816 2348 docent
836 2291 970 2365 papulae,
987 2290 1037 2346 sed
1054 2307 1088 2346 ea
1141 2295 1295 2351 celatums.
1320 2295 1374 2349 Sed
1400 2293 1504 2350 melius
1528 2301 1573 2350 est
1595 2294 1637 2350 sic
1656 2295 1761 2351 audire
1776 2295 1926 2366 preceptum,

266 2386 371 2442 docent
385 2399 448 2456 qum
464 2381 605 2455 populum
620 2382 722 2438 andire
744 2381 875 2452 delectet,
893 2380 970 2452 quod
987 2395 1088 2451 pecea-
1142 2388 1175 2439 ut
1189 2382 1318 2438 sciamus
1333 2381 1418 2438 nubis
1433 2399 1497 2438 esse
1513 2383 1697 2450 mandatum,
1715 2399 1774 2439 nan
1789 2379 1873 2438 solum
1884 2393 1927 2432 can·

266 2479 344 2530 tores
359 2471 457 2544 palpet
471 2471 500 2525 in
515 2470 595 2536 uitio,
612 2474 641 2526 et
663 2468 804 2542 strepitus
826 2469 952 2526 concitet
966 2467 1088 2524 audien·
1142 2476 1187 2528 tra
1196 2471 1346 2529 Christum
1357 2475 1466 2526 temera
1477 2469 1549 2526 nibil
1562 2470 1755 2542 loquendum,
1765 2467 1927 2526 verumetiam

265 2561 351 2617 tium.
380 2561 480 2615 Nonne
507 2559 625 2630 qnando
653 2559 682 2613 in
698 2558 827 2615 Ecclesia
841 2557 956 2614 lascivit
970 2556 1088 2612 aratio⁸
1141 2559 1172 2615 in
1187 2559 1302 2615 arcanis
1322 2557 1428 2624 cordia,
1450 2557 1585 2630 quamuis
1607 2559 1699 2616 variis
1724 2555 1928 2614 tribulationibus

266 2650 321 2720 [nt.
347 2649 466 2718 oratori,
491 2653 520 2703 ct
543 2647 766 2706 beatitudinem.
791 2652 819 2704 et
843 2663 933 2719 regna
948 2644 1087 2702 carlorum
1142 2653 1330 2716 coarctemur,
1347 2646 1419 2701 nihil
1434 2645 1655 2719 blasphemum,
1670 2647 1747 2703 nibil
1763 2646 1875 2720 impium
1887 2658 1928 2697 sen·

267 2735 449 2794 multitudini
467 2733 629 2808 pollicetur,
651 2734 766 2790 videtur
785 2734 836 2790 tibi
852 2734 881 2788 in
903 2733 964 2789 risu
982 2749 1087 2805 paoem
1141 2737 1284 2792 tiendum.
1301 2735 1336 2790 Et
1349 2735 1421 2806 quia
1435 2733 1621 2791 dilectionem
1637 2751 1730 2807 quam
1757 2735 1862 2791 Christo
1875 2729 1928 2787 eubi-

266 2827 371 2895 lauere,
386 2829 415 2880 et
430 2825 529 2880 vinum
546 2825 581 2880 ad
598 2822 729 2878 laetitiam
746 2823 867 2879 miscere
886 2821 1089 2878 viventiumti
1142 2825 1257 2892 bemus,
1282 2823 1425 2878 debemus
1448 2829 1478 2878 et
1499 2821 1649 2895 proximo:
1675 2825 1779 2896 Dilipcs
1800 2818 1928 2896 quippclln·

266 2913 421 2987 Sivequod
448 2913 506 2985 ipsi
534 2912 584 2984 qui
614 2912 728 2982 docent,
758 2911 886 2982 divitias,
910 2911 1043 2978 etcibos,
1060 2915 1089 2966 et
1141 2914 1249 2968 minuar
1263 2911 1819 2983 Deumtunm,scdetpraaimumtuurn
1833 2915 1929 2979 unqua

266 3019 336 3075 opes
349 3018 400 3075 per
428 2999 615 3056 delectabilia
644 3000 790 3070 promissa
817 2999 1010 3072 conquirant;
1028 2999 1088 3055 sive
1142 3003 1269 3072 teipsum,
1285 2999 1373 3056 etiam
1390 3015 1468 3056 nunc
1486 3000 1637 3071 Jubemur,
1662 3016 1702 3056 ne
1728 3003 1794 3072 post
1815 2994 1929 3070 regenda

266 3091 344 3164 quod
359 3089 494 3146 Ecclesia
511 3105 625 3160 panem,
642 3087 693 3158 qui
710 3089 793 3160 panis
808 3087 971 3161 lugentium
987 3093 1042 3152 est,
1060 3092 1101 3142 et·
1142 3089 1251 3146 sanctis
1268 3104 1386 3160 quoque
1414 3086 1498 3144 lacile
1525 3087 1740 3158 detrahamue;
1770 3093 1798 3145 et
1824 3097 1929 3155 eosquos

267 3195 325 3235 non
334 3178 491 3234 ridentium
504 3176 591 3248 (beati
604 3175 712 3249 quippe
721 3174 864 3248 lugentes,
879 3176 1017 3248 quoniam
1030 3175 1085 3247 ipsi
1101 3163 1123 3229 G
1141 3177 1300 3233 uiderimus
1311 3175 1464 3249 sapientia,
1474 3176 1604 3243 scientia,
1615 3176 1833 3247 vistutibusque
1842 3175 1929 3233 dium,

266 3265 415 3336 ridebunt)
431 3266 459 3320 in
477 3264 576 3319 laetitia
590 3264 756 3335 gaudioque
767 3263 932 3318 conficiant.
945 3263 1025 3328 Quod
1038 3280 1086 3320 au·
1140 3266 1247 3338 lingue
1264 3264 1453 3321 mordacitate
1469 3266 1627 3332 rodamus;
1644 3265 1718 3338 quia
1731 3264 1823 3338 angeli
1838 3262 1880 3335 qui
1890 3267 1930 3316 ter·

265 3359 324 3412 tem
340 3353 490 3425 sequitur:
509 3355 638 3409 Pecunia
651 3351 695 3408 vel
709 3356 821 3424 arpenta
835 3351 963 3408 obediunt
982 3354 1084 3421 amaria,
1140 3371 1203 3410 ram
1218 3354 1410 3420 circumeunt,
1443 3356 1472 3409 et
1485 3356 1556 3409 eunt
1570 3354 1815 3411 administratorii
1829 3349 1928 3423 spiritus.

266 3441 421 3513 dupliciter
446 3441 667 3512 accipiendum:
698 3440 839 3514 velipeos
862 3440 1087 3513 doctorespost-
1140 3443 1212 3500 etin
1239 3443 1376 3498 Zacharia
1405 3441 1589 3514 loquuntur:
1616 3442 1830 3500 circumivimus
1842 3446 1928 3499 aaut.

266 3547 354 3604 qnam
383 3530 549 3587 adulatione
574 3527 657 3584 ditati
682 3529 752 3593 sint,
774 3545 896 3601 regnum
918 3531 947 3584 in
964 3529 1087 3601 populos
1140 3537 1237 3588 eteccc
1255 3533 1345 3586 omnis
1368 3533 1443 3585 tarra
1467 3527 1929 3601 tutantur,etcilct(Zucb.1,lll:

265 3635 416 3678 exercere:
433 3617 580 3686 velcerte,
602 3618 671 3690 quia
695 3625 849 3690 argentum
877 3634 928 3690 pro
955 3634 1088 3673 sermone
1141 3621 1176 3676 ad
1193 3619 1526 3682 inataravium,noatra
1550 3620 1638 3676 verba
1667 3625 1699 3676 et
1722 3611 1931 3694 cogitationesatl

266 3707 711 3781 semperaccipictnrzbtapuiu
739 3706 816 3761 anim
845 3707 963 3772 Domini,
979 3707 1088 3776 cloquio
1142 3707 1426 3780 cmlumperlerant:
1452 3714 1481 3764 et
1509 3708 1586 3780 quod
1616 3708 1694 3766 olam
1726 3699 1932 3782 cogitamuallti

266 3802 351 3866 emta,
379 3800 526 3865 arpentum
555 3797 618 3866 ipnc
631 3795 779 3866 probatum
807 3804 888 3852 tcrrae
902 3795 922 3862 ⁷,
937 3799 1088 3866 parantum
1142 3797 1294 3854 scientiam
1310 3813 1368 3852 non
1385 3795 1484 3852 latere.

266 3885 520 3956 septuplumtl'snl.
542 3900 572 3948 ιι,
602 3884 649 3951 ll:
675 3884 730 3939 boc
752 3887 906 3954 asseverat,
939 3883 1089 3955 quodelo-
1177 3883 1334 3958 (Capiti.)
1368 3884 1480 3940 «Mitte
1508 3901 1615 3956 panem
1642 3889 1730 3942 tunm
1760 3881 1934 3960 superiacicn

267 3971 393 4043 quantia
422 3975 452 4026 et
480 3971 615 4038 orationi,
644 3987 709 4043 quas
736 3971 890 4027 uerborum
922 3971 960 4027 sit
988 3973 1088 4030 fronde
1143 3972 1934 4046 aqua:quiainmultitudinedicruminueniesillum.»

267 4058 438 4132 composita,
469 4059 552 4115 facilc
579 4059 685 4132 uulgus
713 4060 796 4116 cedat
824 4059 951 4133 ignobile
977 4061 1087 4118 Aliter:
1143 4063 1184 4118 nd
1207 4060 1423 4133 eleemosynam
1446 4061 1627 4129 cohortatur,
1656 4065 1737 4134 quod
1761 4063 1836 4120 omni
1855 4053 1934 4134 paltull

267 4149 321 4217 Qui
336 4147 446 4205 babent
460 4147 537 4220 apud
553 4165 585 4204 se
599 4165 752 4220 sponsum,
770 4153 798 4204 at
823 4153 975 4221 propteroa
990 4148 1089 4221 lugere
1143 4151 1183 4207 sit
1198 4150 1341 4216 dandum,
1365 4154 1394 4205 at
1416 4149 1573 4206 indiscrete
1598 4151 1770 4209 iaciendum
1794 4153 1868 4208 benc.
1882 4147 1935 4211 01¹⁰·

266 4237 440 4308 etjaJunarc
454 4235 657 4308 probibentur,
683 4237 713 4292 in
730 4237 792 4292 risu
809 4236 920 4291 iaciunt
935 4253 1051 4308 panem.
1067 4241 1089 4294 A
1145 4238 1232 4294 modo
1257 4238 1348 4306 anim,
1375 4237 1424 4310 qui
1442 4255 1530 4310 super
1551 4238 1663 4311 irrigua
1686 4241 1821 4308 seminat,
1839 4239 1935 4294 tractum

267 4324 401 4398 quonian
418 4333 445 4382 at
461 4323 541 4380 leaeo
556 4341 661 4380 nomen
678 4322 799 4394 accepit.
824 4329 852 4379 et
875 4324 904 4378 in
931 4323 1031 4380 laetitia
1046 4327 1089 4381 bi·
1144 4327 1287 4383 sementis
1314 4331 1481 4399 exspectat:
1509 4327 1551 4382 ita
1572 4328 1623 4399 qui
1664 4311 1935 4401 largitnr'egsntibn,

245 4509 247 4514 .
303 4465 311 4500 ¹
329 4466 420 4521 Palat.
437 4465 485 4521 ubi
500 4467 630 4536 regimen.
649 4463 742 4521 Vatic.
759 4466 891 4537 tepirnrn.
1179 4469 1234 4523 ⁵ln
1250 4467 1370 4522 Ecclesia
1387 4465 1497 4523 lasciuit
1515 4469 1613 4524 aratia.
1642 4469 1729 4536 Editi,
1756 4469 1875 4526 tassaria
1891 4475 1935 4518 arn·

302 4537 360 4592 ’la
377 4538 438 4592 risu
452 4537 562 4608 saciant
593 4551 674 4590 anem
686 4545 712 4590 ct
732 4538 833 4590 uinum.
852 4537 894 4592 lta
909 4535 1009 4609 legunt
1023 4555 1088 4595 om·
1103 4527 1126 4592 [l
1141 4543 1193 4605 tar,
1211 4540 1261 4595 sed
1278 4537 1392 4594 nullum
1417 4539 1475 4593 vidi
1500 4539 1628 4596 codicem
1652 4557 1708 4596 ms.
1728 4541 1779 4612 qui
1803 4555 1855 4594 nan
1870 4535 1933 4606 tegat

267 4623 407 4665 nasmse.
438 4609 542 4679 Sicqne
571 4553 727 4688 lingendum
756 4607 1090 4689 dacentnconscquentia
1145 4609 1532 4665 Lasciaitarntto.lllnar1nn.

266 4681 353 4737 verba
372 4679 401 4734 in
418 4678 632 4759 Commentario
648 4677 736 4746 hujus
751 4677 882 4758 capituli.
905 4681 1039 4750 quamvis
1055 4699 1089 4738 ex
1178 4681 1189 4715 ⁶
1206 4682 1246 4734 lta
1260 4681 1380 4751 quidem
1397 4680 1465 4736 editi
1492 4681 1601 4763 pariter
1625 4697 1658 4738 ac
1674 4697 1748 4739 msa.
1766 4681 1830 4736 libri
1844 4675 1934 4754 habeut

266 4751 386 4808 Hebrmo
413 4755 513 4822 postea
543 4749 736 4820 Hieronymus
764 4751 973 4821 interpretatus
995 4751 1044 4824 sit,
1059 4755 1088 4808 in
1143 4750 1337 4806 Nihilosecius
1351 4751 1451 4806 malim
1468 4752 1621 4808 tabentium
1642 4752 1709 4825 legi,
1725 4753 1802 4826 quod
1819 4747 1934 4825 paulom-

268 4825 356 4878 rirum
369 4825 477 4894 faciunt
489 4836 600 4892 panem,
616 4824 669 4874 etc.
683 4819 827 4874 Mnarina.
1144 4822 1233 4878 larius
1249 4837 1321 4876 mse.
1338 4837 1392 4894 ope
1412 4839 1522 4879 assero.

302 4894 460 4949 ³Martian.
488 4891 608 4974 perplui,
633 4889 705 4945 satis
729 4889 804 4945 mala
832 4893 1087 4965 nostrisqucmss.
1178 4892 1311 4948 'Victum
1329 4909 1396 4948 cum
1423 4893 1537 4966 Vulgat.
1565 4895 1629 4963 lpne
1646 4885 1934 4961 martaronensem·

268 4969 457 5038 atqueantea
474 4963 560 5019 editis
580 4960 663 5042 libris
692 4933 971 5020 contradicentibus.
991 4965 1089 5021 Ferme
1143 4967 1202 5019 tum
1218 4972 1309 5028 terrm,
1326 4969 1382 5020 etc.
1906 5025 1911 5036 Ι

268 5033 712 5108 elegantiuslcgeratalcuinus
744 5033 869 5103 calluerc.
1179 5035 1347 5090 'Emendat
1370 5033 1463 5092 Vatic.
1491 5036 1652 5100 bibentium,
1682 5035 1762 5107 quod
1787 5043 1813 5091 at
1839 5029 1933 5088 rnnn·
1979 5065 1980 5070 κ

304 5137 337 5150 -
350 5108 380 5190 Et
395 5109 473 5174 tiana
486 5107 605 5189 perplui.
623 5105 692 5159 lllss.
720 5104 913 5186 larbeiensea
929 5113 954 5161 et
967 5108 1089 5177 banaiau
1142 5107 1273 5190 secunda
1288 5123 1377 5162 manu
1399 5107 1521 5175 astruit;
1547 5112 1633 5163 antea
1656 5123 1785 5180 congruo
1799 5119 1878 5162 sensu
1890 5097 1933 5153 ent
1979 5077 1980 5158 l

266 5175 956 5328 pesplljalucmgrtalsrrtplgggppapecxluqrhglgpgrigffim
972 5264 1043 5302 mss.
1058 5252 1089 5303 at
1142 5186 1325 5304 vulessglb'lln
1357 5248 1440 5302 altar.
1471 5250 1541 5318 Quia
1563 5249 1684 5304 uolucres
1712 5246 1933 5318 austrannum:

269 5317 376 5372 salaria
391 5325 552 5442 acccpaeat.
569 5319 745 5374 sorbonicus
765 5318 864 5384 codex,
881 5323 911 5373 ut
926 5320 1088 5375 calculatoria
1142 5325 1254 5376 uetares
1268 5319 1349 5384 editi,
1368 5320 1492 5375 Valunren
1505 5321 1568 5374 roeli
1580 5321 1735 5391 portabunt,
1753 5327 1804 5372 etc.

269 5390 431 5459 acciperent.
463 5393 526 5442 nter
541 5388 594 5444 bas
609 5389 754 5444 uariantes
770 5389 920 5454 lectiones,
936 5391 1088 5464 antiquam
1178 5422 1212 5430 —
1228 5392 1299 5460 Quia
1313 5391 1372 5444 ania
1385 5393 1447 5448 coeli
1461 5393 1565 5461 auferat
1591 5407 1688 5447 uocem.
1710 5389 1865 5468 Genuinum
1877 5381 1933 5460 btttt

269 5457 411 5516 librorum
427 5457 569 5514 editorum
582 5458 770 5528 retinuimus,
782 5459 956 5519 sinulatiam
967 5478 1089 5534 aequan-
1142 5461 1296 5520 lectionem
1313 5461 1441 5517 retinent
1465 5460 1597 5518 nonnulli
1622 5460 1768 5517 manusori
1792 5458 1829 5514 ti:
1845 5470 1870 5510 m
1883 5449 1932 5506 alut

269 5537 340 5592 tem,
355 5533 382 5585 et
396 5531 437 5585 uti
450 5537 634 5600 preceptores,
652 5547 702 5604 pra
727 5547 784 5603 qaia
800 5531 861 5586 in3
884 5549 954 5590 mss.
973 5533 1087 5608 legitur,
1144 5549 1200 5590 aaa
1218 5533 1290 5589 bene
1314 5531 1429 5608 legitur,
1459 5534 1583 5592 Valurees
1609 5535 1671 5592 cati
1693 5476 1835 5606 portabant
1849 5534 1930 5582 unali·

269 5613 294 5674 a
305 5603 377 5662 narr·
390 5607 577 5676 preceptora,
595 5599 738 5660 nannn.
1142 5609 1285 5670 unauna,
