4068 6170
232 282 311 366 rna
980 277 1191 344 mauroix.
1834 285 1896 355 ine

228 417 384 494 egentibus
398 417 427 472 et
445 413 503 470 diis
521 428 637 472 earum.
656 435 670 466 a
687 415 723 471 iit
738 419 784 472 est
798 431 905 472 sensus
916 416 957 472 :A
981 415 1053 470 iocie
1070 419 1094 482 Α
1110 416 1280 487 speluncam
1309 413 1452 479 Odollam‚
1483 413 1534 470 ubi
1558 417 1702 472 venerunt
1715 415 1749 480 ad
1762 429 1821 473 snm
1833 425 1897 491 peter

228 504 329 578 populi
345 503 397 571 tui,
415 519 503 576 quem
519 503 669 560 redemisti
696 519 731 560 er
759 505 891 578 AEgypto,
909 504 945 560 de
968 520 1058 559 mann
1115 505 1179 576 rjus
1195 509 1223 560 et
1237 509 1332 560 meter
1349 509 1378 560 et
1392 503 1488 560 omnis
1503 504 1610 560 domus
1625 505 1700 575 ejus.
1720 504 1784 561 lnde
1796 507 1898 564 veritat

227 593 340 650 scilicet
358 591 570 666 AEgyptiorum‚
586 609 661 665 quos
675 593 706 649 in
722 593 796 650 mari
818 592 916 649 Rubro
934 591 1058 665 peremi·
1114 591 1210 660 Moab,
1226 597 1254 648 et
1269 592 1382 648 dimisit
1396 593 1473 664 apud
1490 607 1557 648 eum
1587 595 1698 663 patrem
1714 595 1741 648 at
1754 597 1900 663 munemel

226 681 276 750 sti,
297 687 326 738 et
341 681 398 738 diis
412 697 525 749 eorum,
543 681 571 737 in
588 681 817 754 quibusjudicia
832 679 937 738 iecisti.
1114 696 1230 736 omnem
1247 681 1369 736 domum
1400 697 1495 736 suam.
1520 681 1603 746 Quod
1617 697 1683 737 vcro
1696 681 1765 737 dixit
1777 679 1854 738 dehis
1864 699 1900 739 rer

263 770 358 844 (Vera.
374 771 432 844 27.)
448 794 462 822 α
479 770 552 838 Ouia
567 775 610 840 tu,
628 770 749 827 Domine
772 771 963 841 exercituum,
979 769 1057 827 Deus
1113 769 1205 824 Geth:
1221 771 1338 826 Hircine
1351 771 1521 842 inpredietar
1533 770 1646 826 domurn
1659 773 1767 825 meum?
1780 769 1843 826 lete
1855 772 1902 827 lale

229 858 485 926 Israel,revelasti
502 875 603 916 aurem
620 859 694 916 servi
714 858 768 927 tui,
785 859 903 916 dicens:
933 864 1058 916 Domum
1113 857 1199 913 Dauid
1227 866 1252 914 et
1278 861 1350 931 rupit
1380 861 1421 936 to⁸
1433 859 1594 932 speluncam
1619 858 1740 916 odollam
1752 860 1775 928 (l
1792 859 1846 928 liep.
1858 875 1902 925 111,

230 947 380 1005 aedificabo
397 947 461 1016 tibi,
477 947 666 1022 propterhoc
695 946 807 1005 invenit
822 952 1061 1004 servustuuscor
1114 947 1149 1002 15
1166 939 1245 1016 'xxm
1278 947 1313 1020 l).
1348 948 1428 1004 Abiit
1459 947 1536 1020 inde,
1564 945 1795 1004 subaudiendum
1817 947 1904 1018 eet,de

225 1053 325 1107 suum,
339 1040 372 1094 ut
385 1039 482 1093 oraret
495 1039 523 1092 te
537 1034 668 1092 oratione
682 1035 747 1093 bac.
765 1058 779 1085 n
796 1041 903 1092 Auram
917 1037 982 1107 ejus
998 1035 1051 1092 Do·
1112 1036 1199 1092 demo
1227 1035 1313 1107 Noas,
1342 1041 1370 1093 et
1397 1037 1467 1094 inde
1492 1037 1602 1111 fugisse
1629 1034 1713 1092 illum
1737 1035 1765 1092 in
1780 1035 1902 1109 speculan

226 1124 323 1182 minus
338 1142 389 1198 per
402 1124 575 1199 prophetam
590 1122 776 1194 revelaverat,
796 1141 828 1182 se
856 1122 899 1180 illi
929 1125 1051 1180 domum
1111 1123 1253 1182 Odollam.
1270 1125 1300 1184 Si
1319 1142 1385 1183 vero
1408 1127 1547 1199 queritur
1569 1142 1622 1182 cur
1643 1125 1901 1194 adeum,idestad
1987 1183 1988 1192 ,

226 1215 448 1272 aedificaturum.
467 1212 576 1270 ldcireo
592 1213 681 1270 David
696 1212 843 1271 invenisse
869 1231 900 1270 se
921 1212 992 1269 dicit
1006 1229 1057 1270 eor
1111 1213 1209 1282 Achis,
1235 1214 1324 1271 David
1350 1214 1477 1284 redierit,
1502 1217 1568 1271 ente
1587 1214 1673 1286 cujus
1688 1213 1787 1270 lactem
1803 1213 1902 1286 lugeret.

228 1318 329 1372 suum,
359 1303 387 1358 id
415 1306 469 1371 cst,
498 1302 609 1359 invenit
623 1301 777 1360 audaciam
798 1303 828 1360 in
844 1303 930 1360 corde
944 1318 1010 1371 sue,
1024 1305 1058 1358 ut
1111 1301 1321 1376 intelligendus
1335 1308 1379 1360 est
1394 1303 1449 1360 iste
1462 1303 1638 1360 Aebislilius
1653 1299 1901 1360 tuissailliesletu
1987 1371 1988 1392 Χ

226 1391 625 1448 orereteumoretionehao.
1110 1407 1127 1446 e
1159 1407 1217 1464 quo
1253 1392 1325 1466 iugil
1356 1391 1454 1448 David.
1489 1391 1569 1448 Unde
1595 1390 1902 1464 etinsubsequentibua

261 1481 342 1554 (Gap.
360 1479 579 1537 vill-Vera.
597 1482 666 1554 l.)«
685 1481 1055 1554 Faetumesteutempoet
1108 1479 1352 1553 nobiscumque
1369 1481 1455 1536 David
1477 1482 1506 1537 in
1523 1480 1771 1554 praliumeontra
1796 1478 1903 1535 Saulde·
1987 1527 1988 1532 ,

225 1569 287 1626 beo
302 1568 449 1642 percussit
462 1567 552 1625 David
569 1568 726 1625 Philistiim
741 1587 747 1625 :
764 1573 793 1625 et
808 1567 975 1624 humiliavit
985 1585 1053 1626 eos:
1109 1570 1276 1640 scandebat,
1297 1568 1376 1626 sslius
1391 1570 1499 1626 dicitur
1512 1569 1603 1626 luisse
1617 1567 1728 1625 Maoch.
1749 1567 1809 1624 Neu
1821 1567 1904 1623 enine

225 1661 255 1715 et
267 1657 333 1715 tulit
350 1657 438 1714 David
454 1659 568 1714 frenum
585 1657 686 1714 tributi
702 1659 738 1715 de
754 1674 845 1714 manu
861 1656 1052 1714 Philistiim.»
1108 1661 1190 1730 patre
1205 1658 1260 1715 boe
1276 1675 1382 1715 nomen
1400 1657 1699 1732 patronymicum,sed
1716 1673 1733 1712 a
1748 1661 1904 1712 matresua·

224 1747 351 1803 Frenum
374 1745 487 1815 tribuli,
513 1747 644 1818 quinque
667 1752 751 1804 erant
775 1745 1051 1803 civitatesPhilisti·
1110 1746 1177 1818 psit,
1208 1763 1272 1820 quae
1300 1747 1421 1804 blancha
1445 1747 1611 1803 vocabatur.
1643 1747 1677 1801 ut
1704 1745 1809 1802 idcirco
1831 1759 1905 1801 noua
1987 1745 1988 1754 ’

223 1851 342 1904 norum,
360 1851 425 1908 quae
439 1837 605 1908 trequenter
621 1835 708 1892 lsrael
726 1835 781 1892 sibi
798 1833 988 1890 tributarium
1005 1834 1051 1891 la·
1105 1839 1187 1909 patre
1203 1836 1259 1892 boe
1274 1836 1403 1909 sumpsit
1418 1853 1536 1906 nomen,
1552 1851 1584 1893 eo
1600 1836 1678 1908 quod
1697 1834 1812 1891 [tavida
1829 1851 1856 1889 se
1867 1833 1904 1888 ab·
1987 1889 1988 1892 ,

223 1923 350 1992 mebant,
365 1941 438 1996 quas
453 1924 489 1980 ab
505 1925 547 1980 eis
561 1923 630 1979 tulit
644 1923 747 1990 David,
764 1927 793 1979 et
806 1922 976 1979 humiliavit
987 1939 1047 1990 eos,
1101 1925 1219 1996 Jeoerit.

223 2012 349 2084 lecitque
365 2012 420 2068 sibi
437 2011 619 2068 tributarios.
636 2011 717 2067 Unde
728 2011 796 2068 etin
806 2010 1050 2084 Paralipomenon
1141 2014 1236 2086 (Vere.
1251 2011 1308 2086 lu.)
1321 2035 1335 2063 e
1350 2013 1504 2087 Reliquam
1520 2019 1618 2070 eutem
1634 2017 1748 2086 partem
1761 2010 1853 2086 pepuli
1864 2017 1905 2066 tra·

224 2100 348 2176 legitur:
377 2102 516 2156 Percussit
544 2100 630 2156 Dauid
657 2099 813 2156 Philistina
841 2105 867 2154 el
890 2101 1051 2156 humiliavit
1111 2101 1186 2158 didit
1201 2102 1298 2159 Abisai
1315 2102 1394 2158 lretri
1412 2119 1476 2158 suo.
1493 2125 1507 2154 a
1523 2101 1690 2158 Notandum
1719 2101 1795 2176 quod
1817 2101 1905 2158 selun-

222 2205 277 2258 eor,
302 2194 330 2247 et
356 2189 419 2246 tulit
447 2189 511 2246 Getta
533 2197 559 2246 et
583 2189 658 2260 filios
681 2189 740 2261 ejus
760 2189 798 2244 de
815 2205 903 2245 manu
917 2205 1010 2246 eoram
1026 2189 1051 2261 (l
1109 2191 1197 2246 modo
1212 2191 1242 2247 in
1259 2190 1312 2247 boc
1324 2189 1386 2247 loeo
1406 2191 1436 2246 in
1452 2191 1570 2248 Hebraeo
1589 2191 1703 2264 legatur
1722 2191 1812 2255 Abire,
1824 2189 1850 2244 in
1867 2205 1905 2243 re

222 2277 323 2334 Porol.
338 2295 418 2346 xv1n,
434 2279 475 2350 l.)
1104 2279 1175 2335 teris
1189 2294 1256 2334 vero
1271 2277 1344 2335 locis
1358 2279 1460 2335 ibisci.
1477 2281 1566 2337 Abisa
1592 2279 1691 2352 itaque
1721 2279 1904 2352 interpretatur

257 2366 350 2439 (Vere.
369 2369 425 2438 13.)
438 2389 453 2418 e
488 2365 626 2439 Fecitque
652 2365 742 2423 David
769 2366 825 2422 sibi
854 2382 961 2422 nomen
982 2383 1049 2422 cum
1104 2371 1182 2438 poter
1208 2369 1358 2439 asrrrrfieii:
1380 2368 1541 2436 arabissi,
1564 2368 1902 2442 potcrmeuesocrificiam.
1987 2367 1988 2370 ’

222 2459 424 2522 reverteretur,
453 2459 540 2529 capta
565 2454 659 2528 Syria.
691 2478 701 2505 ι
733 2453 846 2512 Fecisse
870 2455 925 2510 sibi
943 2471 1050 2512 nomen
1105 2455 1669 2514 ldeoeutamexnomineilliusunam
1695 2455 1820 2513 litteram
1839 2454 1902 2509 den·

222 2545 340 2612 dicitur,
370 2544 439 2618 quia
467 2543 497 2600 in
523 2543 597 2600 valle
612 2543 786 2612 Salinarum,
807 2543 890 2601 casis
905 2543 1005 2600 decem
1019 2547 1049 2601 et
1105 2548 1185 2616 ptam
1200 2545 1312 2601 Hebraei
1330 2545 1478 2613 dicuntae
1493 2546 1570 2619 qnod
1587 2546 1666 2603 necis
1680 2546 1781 2601 Abner
1794 2544 1903 2601 conscius

223 2638 288 2690 octo
317 2633 460 2702 millibus,
476 2633 568 2690 erexit
597 2632 652 2690 sibi
670 2633 809 2690 fornicem
826 2631 1048 2706 tripmpbalem.
1105 2633 1204 2690 luerit·

225 2721 305 2780 Fecit
323 2721 411 2780 eliam
427 2722 482 2779 sibi
499 2738 616 2792 nomen,
628 2722 698 2794 quia
712 2723 787 2780 vieta
805 2721 889 2795 Syria
904 2721 1048 2786 Damasei,
1140 2721 1221 2794 (Gap.
1238 2722 1282 2778 xl.
1301 2753 1333 2764 —-
1348 2725 1430 2780 Vera.
1449 2723 1488 2794 l.)
1504 2745 1515 2772 ι
1533 2723 1652 2779 Factum
1668 2727 1715 2780 est
1735 2739 1811 2796 ergo,
1832 2735 1905 2778 rever

224 2815 254 2868 et
268 2811 351 2885 Syrie
365 2812 452 2880 Soba,
469 2810 595 2868 erexisse
610 2810 665 2868 sibi
693 2810 801 2867 dicitur
819 2799 941 2866 alteram
958 2809 1049 2866 iorni·
1103 2811 1201 2866 tante¹
1213 2827 1301 2876 anne,
1318 2827 1351 2866 ee
1367 2816 1570 2884 temporeque
1586 2811 1682 2868 solent
1697 2827 1780 2884 reges
1802 2811 1835 2866 ad
1847 2807 1906 2864 bella
1987 2865 1988 2880 χ

224 2915 287 2956 cem
304 2900 526 2974 triumphalem.
544 2901 578 2956 itt
592 2901 617 2957 si
633 2915 720 2974 quem
742 2905 839 2956 movet
851 2900 927 2971 quod
944 2899 974 2954 in
990 2897 1049 2972 ple·
1104 2899 1375 2972 procedere:misit
1403 2899 1490 2956 David
1510 2899 1585 2956 Joeb
1610 2905 1639 2956 et
1662 2911 1905 2957 sorvossuoseum
1987 2897 1988 2916 ²

227 2989 327 3062 risque
356 2989 527 3046 Latinorum
556 2989 705 3046 codicibus
720 2989 868 3046 invenitur
887 2988 976 3044 David
992 3003 1050 3044 non
1105 2988 1906 3062 co,›leicesteralnliebraaoitalegitur:‹ellotempure
1987 3029 1988 3042 2

223 3077 315 3135 ἀεοεηι
329 3085 356 3135 et
370 3082 428 3134 ocio
441 3079 534 3136 millia
547 3079 577 3133 in
593 3078 667 3135 valle
681 3077 860 3148 Salinarum,
876 3077 927 3133 sed
953 3075 1051 3132 duode-
1106 3094 1163 3150 quo
1176 3093 1259 3150 reges
1274 3078 1309 3133 ad
1326 3077 1401 3134 bella
1415 3078 1717 3152 processerantmisit
1731 3077 1814 3134 David
1823 3075 1905 3138 loebe

227 3167 301 3222 mmo
313 3167 403 3222 millio
427 3165 585 3222 cecidisse:
603 3166 715 3222 noverit
730 3166 785 3221 hoe
799 3165 837 3238 (a)
851 3165 920 3221 vitio
933 3165 940 3200 ¹
957 3164 1050 3238 aerip-
1066 3152 1087 3219 C
1108 3171 1136 3223 et
1151 3171 1261 3224 caetera.
1278 3171 1336 3222 Hos
1351 3181 1434 3240 reges
1450 3165 1519 3223 dicit
1538 3169 1588 3240 qui
1602 3171 1808 3240 processerunt
1824 3167 1906 3220 contra

226 3257 324 3309 torum
337 3253 367 3308 in
378 3253 489 3309 eisdem
505 3251 656 3310 codicibus
670 3253 797 3309 inditum
810 3267 885 3310 csse.
902 3251 1050 3309 Veraeiter
1105 3256 1192 3312 David
1212 3255 1242 3311 iu
1259 3271 1399 3328 pugnam,
1416 3255 1527 3312 scilieet
1542 3272 1640 3329 regem
1656 3257 1737 3313 lioob
1751 3260 1779 3311 et
1792 3253 1872 3318 istob,
1886 3253 1907 3304 et

225 3346 324 3397 tamen
346 3339 434 3398 David
461 3341 490 3397 in
511 3341 612 3398 cadem
626 3341 701 3398 velle
726 3341 891 3398 Salinarum
907 3343 1006 3399 decem
1022 3346 1050 3397 et
1104 3345 1180 3401 Soba
1199 3344 1360 3416 etblaadia,
1372 3345 1422 3417 qui
1438 3344 1539 3418 ulique
1552 3360 1635 3417 reges
1650 3345 1741 3418 Syrie
1757 3344 1873 3406 luerunt,
1884 3343 1909 3392 ct

226 3431 290 3485 octo
320 3427 402 3485 milia
431 3428 546 3499 cecidit,
575 3429 649 3486 Joab
676 3446 744 3486 vero
770 3430 923 3487 duodecim
946 3430 1048 3497 millia,
1104 3432 1550 3506 pugnerevoluerunteonduoti
1574 3434 1710 3490 mercede
1731 3446 1827 3506 araga
1839 3426 1906 3486 Moab

226 3517 304 3575 siout
317 3518 347 3574 in
368 3517 453 3576 tilulo
465 3518 703 3592 quinquagesimi
718 3520 810 3576 octavi
827 3519 934 3593 psalmi
945 3519 1049 3576 scribi·
1104 3525 1206 3578 contra
1221 3521 1320 3589 David,
1336 3538 1353 3578 a
1368 3538 1426 3596 quo
1441 3521 1612 3594 triumphali
1628 3537 1694 3578 esse
1709 3521 1850 3594 leguntur.

226 3606 316 3664 bitur.
1140 3611 1233 3682 (Vera.
1249 3609 1288 3682 3.)
1304 3631 1318 3661 a
1336 3609 1369 3666 ut
1383 3609 1458 3666 dixit
1471 3610 1560 3666 David
1575 3627 1581 3665 :
1598 3595 1703 3666 Nonne
1716 3609 1775 3666 ista
1788 3603 1906 3665 estlletb·

260 3696 341 3770 (Cap.
359 3696 404 3754 IX.
421 3727 454 3738 -
469 3695 613 3769 Versll.)
625 3719 639 3749 «
656 3696 792 3770 Dixitque
808 3698 878 3754 Sibe
892 3699 928 3754 ad
940 3713 1049 3771 regem:
1104 3699 1190 3756 sabee
1200 3697 1260 3754 filia
1274 3696 1380 3768 liliam,
1397 3715 1468 3755 uror
1480 3697 1554 3754 Uriae
1569 3699 1668 3755 AEthei
1686 3701 1728 3754 l»
1744 3698 1832 3754 illlam
1845 3694 1907 3749 iliu·

226 3785 448 3858 Sicutjussisti,
472 3785 590 3842 dominc
621 3786 661 3842 mi
686 3803 746 3854 rex,
772 3802 854 3845 servo
871 3791 930 3854 tuo,
948 3788 990 3842 sic
1005 3786 1050 3842 la·
1105 3787 1159 3844 luit
1173 3786 1357 3859 achitophel,

225 3875 283 3932 ciet
309 3891 411 3932 servus
445 3877 526 3942 tuus,
555 3879 583 3931 et
605 3874 1051 3948 Miphibosctbcomedetsuper
1140 3877 1229 3948 (llere.
1247 3876 1305 3946 13.)
1319 3898 1334 3926 «ι
1351 3877 1385 3932 Et
1399 3875 1511 3933 vocavit
1524 3875 1622 3932 Uriam
1643 3877 1746 3948 David,
1772 3880 1803 3932 ut
1828 3886 1906 3929 come·

226 3977 361 4020 mensam
376 3965 468 4020 tuam.
486 3985 500 4013 e
515 3963 684 4021 Notandum
699 3966 777 4038 quod
792 3965 822 4020 in
836 3964 954 4021 Hebraeo
969 3981 1051 4037 super
1105 3965 1185 4021 deret
1212 3980 1310 4020 coram
1340 3981 1381 4033 se,
1411 3969 1440 4020 et
1461 3963 1582 4033 biberet,
1598 3968 1628 4021 et
1641 3965 1799 4021 inebriavit
1816 3975 1904 4018 eum.»

170 4096 174 4100 .
223 4067 348 4108 aeneum
369 4067 460 4108 mom
486 4050 617 4126 legatur:
646 4053 716 4125 quia
729 4053 759 4108 iu
773 4053 827 4109 boc
843 4051 905 4110 loco
920 4053 1051 4110 delectus
1105 4053 1214 4110 Idcirco
1230 4052 1390 4110 inebriasse
1401 4069 1468 4110 eum
1483 4053 1600 4122 dicitur,
1616 4058 1650 4109 ut
1663 4052 1770 4110 saltem
1784 4046 1905 4109 ebriuein

224 4143 279 4210 est,
295 4144 324 4196 ct
338 4140 504 4198 neeessaria
529 4140 708 4198 subauditio.
726 4142 846 4208 Quando
871 4141 949 4198 enim
978 4139 1049 4198 dixit
1104 4145 1225 4201 demum
1241 4160 1326 4200 suam
1340 4143 1538 4201 descenderet.

224 4229 303 4298 siba,
317 4251 331 4280 α
357 4229 440 4286 Sient
461 4229 590 4301 jussisti,
615 4230 739 4288 Domine
755 4230 794 4286 mi
811 4247 871 4300 rex,
892 4235 1048 4298 semotae,
1139 4233 1220 4306 (Cap.
1236 4232 1296 4289 Xll.
1310 4263 1346 4274 -
1360 4235 1441 4289 Vera.
1458 4234 1515 4302 ll.)
1532 4254 1546 4284 a
1561 4237 1773 4290 Verumtamen
1788 4228 1905 4305 quoniam

224 4317 266 4374 sic
282 4317 367 4376 faciet
379 4333 481 4376 servus
496 4322 579 4388 tuus,
596 4341 610 4368 a
626 4318 866 4376 subaudiendum
887 4324 933 4376 est
962 4318 1049 4376 David
1104 4321 1308 4395 blasphemare
1324 4322 1417 4378 iecisti
1431 4321 1568 4380 inimioos
1589 4322 1717 4390 Domini,
1734 4325 1907 4396 propterrer

225 4405 344 4476 dixisse,
358 4430 373 4460 n
393 4408 428 4463 itt
442 4406 646 4480 Miphiboseph
663 4408 794 4464 comedet
814 4424 903 4480 super
917 4424 1048 4466 mensam
1103 4412 1174 4468 bum
1191 4408 1339 4475 humilius
1352 4409 1403 4484 qui
1417 4414 1503 4468 natus
1519 4415 1564 4468 est
1577 4410 1742 4481 tibi,morta
1758 4408 1908 4468 morietur.»

225 4511 333 4564 meam,
347 4518 358 4547 ι
374 4496 459 4568 quasi
477 4513 556 4552 unus
572 4495 686 4554 deliliis
706 4497 792 4571 regis.
1066 4504 1137 4588 Dlo
1168 4499 1286 4556 Hebraeo
1314 4499 1356 4556 ita
1385 4499 1510 4574 legitur:
1528 4523 1542 4553 «
1559 4505 1772 4557 Verumtamen
1789 4495 1906 4572 quoniam

260 4587 328 4658 Cap.
345 4583 526 4642 X.—-Vers.
542 4585 581 4658 2.)
599 4607 613 4636 «
634 4585 768 4658 Dixitque
796 4585 904 4644 David:
933 4586 1048 4644 nactam
1104 4588 1335 4662 blasphemando
1349 4588 1561 4662 blasphemasti
1577 4588 1714 4645 inimicos
1732 4586 1907 4657 Dominipre

225 4671 458 4732 misericordiam
492 4691 559 4730 cum
589 4680 673 4730 anon
698 4674 758 4731 filio
785 4675 1051 4747 Naes,sieutlecit
1103 4683 1168 4751 pter
1185 4677 1305 4734 verbum
1324 4677 1377 4733 boa
1392 4677 1481 4734 ctiam
1495 4677 1614 4734 attilius
1632 4677 1683 4750 qui
1700 4681 1789 4734 natus
1803 4679 1844 4731 est
1867 4668 1907 4725 tibi

225 4767 310 4836 peter
324 4761 389 4835 ejus
404 4779 520 4818 mecum
540 4761 782 4818 misericordiam.
799 4785 813 4813 a
839 4763 1051 4837 Quondolugit
1105 4770 1197 4823 morte
1224 4766 1374 4822 morietur.
1407 4789 1417 4815 ι
1441 4765 1522 4831 Quod
1540 4783 1592 4838 per
1605 4765 1802 4840 antiphrasim
1816 4763 1908 4820 dietum

224 4850 313 4910 David
330 4868 347 4908 a
362 4849 434 4908 lacie
459 4850 547 4907 Achis
573 4850 651 4924 regis
666 4850 751 4931 Getb,
770 4851 849 4906 venit
863 4852 898 4907 ad
915 4851 990 4910 Neaa
1006 4869 1050 4909 re·
1105 4859 1167 4911 est:
1183 4857 1267 4912 otest
1281 4869 1406 4912 sensus:
1424 4854 1618 4912 Salvationem
1642 4853 1773 4912 tribuisti
1800 4847 1907 4908 inimicis

226 4955 292 5012 gem
325 4942 460 5012 Ammon,
490 4941 541 5014 qui
570 4940 638 4996 lecit
661 4956 727 4996 cum
757 4940 1050 5013 eomisericordiam,
1106 4943 1231 5013 bomini,
1248 4943 1356 5016 quibus
1371 4943 1594 5016 insurgentibus
1605 4947 1704 5000 contra
1719 4939 1906 5017 populumne

226 5029 319 5085 multa
334 5029 507 5102 impertiens
522 5028 548 5085 ei
565 5028 650 5086 bonu.
669 5033 706 5084 Dc
721 5028 798 5086 Noas
813 5028 911 5102 itaque
926 5030 1006 5087 venit
1021 5030 1050 5086 in
1105 5031 1190 5100 mini,
1209 5035 1328 5105 peccato
1343 5031 1397 5089 boo
1412 5036 1462 5088 tuo
1478 5031 1683 5104 prepediente,
1695 5047 1755 5088 non
1766 5027 1863 5102 poterit
1875 5022 1912 5078 eis

243 5187 270 5269 ,¹
286 5186 326 5245 De
340 5190 468 5248 variante
484 5191 654 5264 hujusmodi
671 5188 795 5248 lectione
811 5191 941 5248 diximus
955 5191 984 5249 in
999 5209 1051 5250 no·
1141 5195 1216 5250 ’tls
1235 5193 1368 5259 imbros,
1385 5197 1522 5250 vertente:
1540 5197 1570 5250 st
1584 5193 1671 5268 paulo
1685 5198 1753 5265 post
1773 5190 1830 5248 sive
1842 5187 1904 5268 serto

226 5259 544 5402 Ιιὲεωεὲἱῖθᾶξὶίἰῖὲἰὲἰῗξῖι
558 5263 1052 5337 DivinamS.Hicronymi.Consulat
1106 5265 1208 5393 §attilae
1222 5281 1306 5322 versu
1322 5265 1391 5322 lstol
1406 5269 1436 5321 et
1463 5265 1575 5322 nancta
1598 5264 1794 5339 pretermisso
1807 5268 1905 5316 namin·

262 5451 302 5536 (o)
313 5453 491 5538 eujusmodi
518 5457 586 5514 vitio
601 5459 680 5532 quod
704 5457 908 5515 remotissima
923 5459 1052 5532 antiqni-
1108 5461 1174 5519 licet
1188 5477 1222 5518 ex
1238 5461 1356 5519 Rabano
1371 5477 1503 5536 arguere,
1519 5461 1569 5535 qni
1585 5462 1724 5520 mendose
1734 5459 1820 5518 habet
1838 5450 1903 5510 meli·

226 5527 296 5583 tetis
311 5523 453 5584 mdiorum
474 5534 529 5592 eet,
545 5531 635 5587 codex
651 5547 769 5663 quoque
793 5529 970 5588 Veronensis
986 5547 1050 5606 pse·
1107 5542 1174 5592 ram.

226 5601 287 5668 eet.
321 5595 410 5658 Porro
439 5614 491 5678 pro
520 5601 640 5670 tuditem
675 5617 745 5682 agae
773 5601 911 5684 laetitiam,
928 5601 958 5662 id
974 5603 1052 5686 quod
