4064 6158
123 342 177 418 tet
658 317 867 418 aurursus
888 315 1132 416 tovlrrlnnu
1155 311 1227 416 ιιι.
1250 351 1276 415 ι.
1759 293 1823 426 esa

125 488 199 552 tiam,
215 473 282 560 quai
299 495 415 543 omnem
437 487 568 557 amputet
590 482 826 542 cavillationem:
851 486 943 540 Pretio
957 487 984 554 Α
1000 483 1154 557 exigimur,
1167 484 1217 540 sed
1234 484 1381 541 docemur.
1398 486 1472 551 Quia
1486 485 1535 542 ubi
1550 489 1705 548 consitium
1721 492 1818 563 datur,

123 577 291 650 mptr‘catis,
317 575 402 630 notite
425 574 487 645 fieri
510 575 583 630 servi
610 574 763 630 homiuum.
790 571 945 646 Redempti
1000 573 1147 629 offerentis
1168 573 1323 630 arbitrium
1345 578 1407 631 est:
1425 575 1474 630 ubi
1499 583 1687 652 preceptum.
1719 598 1820 640 neces·

123 681 222 724 snmus
237 663 454 738 pretiosissimo
473 661 615 736 sauguine
630 662 757 720 Christi:
774 661 944 718 immolatus
1000 661 1071 716 sites
1087 667 1132 716 cst
1147 661 1299 719 servientis
1323 663 1343 716 ⁵.
1369 668 1554 736 Praeceptum,
1579 667 1686 740 inquit,
1709 671 1821 728 Domini

122 759 163 813 est
176 771 231 828 pro
252 753 336 810 nobis
358 768 465 824 agnus,
489 757 517 808 et
538 752 649 826 aspersi
671 751 852 808 calidissimo
881 766 945 806 rore
999 767 1055 804 non
1072 749 1177 815 itatem
1191 752 1338 807 consitium
1354 760 1449 808 autem
1461 753 1505 822 rto,
1519 763 1649 827 tanquam
1664 759 1819 815 memmer-

123 843 252 916 byssopi,
267 858 385 898 omnem
402 840 541 914 pituitam
565 842 657 897 noxie
685 839 843 912 voluptatis
864 854 946 896 exeo·
998 837 1073 894 dium
1088 844 1246 894 consecutur
1261 857 1279 895 o
1295 841 1406 897 Domino
1422 842 1447 914 (l
1469 842 1529 898 Cor.
1553 859 1603 910 vn,
1622 845 1679 917 25).
1706 845 1736 901 Si
1761 863 1820 902 non

121 933 226 989 ximus.
243 930 356 997 Quibus
371 931 402 986 in
428 929 607 1002 baptismate
630 933 765 985 mortuus
787 933 841 999 est,
868 928 944 983 Pha·
999 927 1091 984 habes
1106 934 1284 1002 praeceptum
1300 929 1427 999 Domini,
1445 948 1535 1003 quare
1551 933 1643 990 audes
1658 934 1727 992 darc
1748 951 1820 992 con·

121 1039 167 1078 rae
181 1022 201 1093 ¹,
217 1024 247 1076 et
261 1021 420 1075 universus
435 1020 500 1090 ejus
528 1019 688 1076 suffocatus
717 1023 761 1075 cst
789 1017 943 1088 exercituo,
999 1015 1111 1084 silium,
1127 1017 1162 1072 de
1177 1033 1234 1088 quo
1249 1033 1307 1072 non
1319 1017 1409 1073 habes
1417 1020 1580 1089 jussionem
1594 1023 1608 1078 ‘t
1623 1023 1821 1096 Respondebit

120 1129 168 1166 cur
181 1126 304 1166 rursum
321 1109 479 1183 AEgyptum
495 1109 665 1181 querimus,
682 1113 711 1165 et
733 1113 800 1181 post
824 1124 943 1172 manna,
1000 1104 1071 1160 mihi
1086 1105 1261 1178 Apostolus:
1275 1107 1309 1161 itt
1323 1106 1367 1162 vis
1388 1111 1422 1163 ut
1440 1124 1492 1180 ego
1509 1109 1640 1178 jubeam,
1662 1113 1741 1184 quod
1766 1113 1820 1170 Do·

119 1199 288 1273 angelorum
304 1198 416 1264 cibum,
431 1196 501 1254 allia
516 1202 544 1254 et
559 1214 628 1270 cepe
643 1201 672 1253 et
686 1213 824 1272 pepones,
841 1201 870 1254 et
884 1213 948 1253 car·.
999 1194 1098 1249 rninue
1113 1192 1218 1250 obtulit
1229 1194 1337 1265 potius,
1354 1212 1441 1268 quem
1453 1198 1592 1271 precepit
1609 1202 1620 1254 t
1635 1198 1686 1255 Ille
1708 1206 1821 1258 creator

121 1305 171 1346 nes
184 1287 308 1344 Pharias
323 1286 510 1358 suspiramus
527 1286 565 1341 ’t
999 1286 1027 1338 et
1039 1281 1147 1354 figulus
1163 1283 1258 1338 sciens
1271 1283 1459 1356 tragilitatem
1478 1285 1600 1353 vasculi,
1618 1289 1694 1360 quod
1720 1304 1820 1362 opera·

157 1379 200 1432 12.
217 1377 306 1446 Quare
318 1376 388 1432 Deus
403 1377 594 1445 cirpinitctcm
617 1391 671 1431 nou
690 1377 831 1447 pracepit.
856 1375 944 1431 Derim
999 1375 1047 1427 tus
1061 1374 1115 1438 cst,
1130 1371 1327 1444 virginitatem
1343 1372 1818 1446 inaudientiepotestatedimisit,

121 1467 279 1538 nuptiarum
313 1467 402 1536 qum?
416 1466 507 1534 Quare
529 1465 592 1537 ptus
619 1466 694 1520 amat
721 1466 841 1535 viminea
866 1463 943 1519 Cbri·
999 1464 1027 1514 et
1041 1475 1094 1532 ego
1110 1461 1211 1515 doctor
1224 1461 1367 1532 gentium,
1385 1462 1435 1534 qui
1451 1463 1590 1519 omnibus
1605 1465 1704 1520 omnia
1724 1465 1820 1522 suetus

120 1563 183 1611 atae.
209 1553 406 1625 Sipniticantic
429 1553 577 1628 veroum,
596 1552 801 1609 comideranda.
826 1583 859 1592 -
884 1551 944 1606 Ma·
999 1564 1066 1603 sum
1079 1551 1102 1616 (l
1120 1545 1179 1604 Cer.
1196 1567 1234 1618 rx,
1250 1551 1307 1622 22),
1328 1555 1361 1605 ut
1385 1567 1487 1608 omnes
1509 1552 1724 1621 lucrifacerem,
1745 1571 1820 1611 onus

120 1643 242 1698 ritorum
258 1645 288 1698 et
315 1641 528 1699 continentium
554 1641 752 1714 disputatione
781 1639 943 1713 premissa,
1000 1641 1146 1711 perpetua
1162 1638 1305 1695 castitatis
1316 1639 1415 1695 statim
1431 1639 1461 1694 in
1473 1641 1617 1713 principio
1638 1642 1820 1698 credentium

119 1733 236 1788 tandem
263 1731 301 1787 ed
326 1731 453 1803 virgines
486 1731 575 1798 venit,
598 1735 627 1787 et
650 1731 709 1787 eit:
729 1735 769 1786 Dc
791 1731 945 1800 cirpinitma
999 1726 1149 1797 imponam
1176 1727 1338 1784 cervicibus
1362 1728 1547 1786 intirmorum
1568 1730 1715 1787 tDiscant
1739 1731 1821 1804 prius

117 1830 204 1877 eutem
213 1824 386 1894 preceptum
402 1821 512 1875 Domini
533 1836 589 1875 non
615 1819 878 1881 tateo,·concitium
897 1835 946 1874 cu·
1000 1814 1086 1870 terius
1102 1814 1282 1887 nuptiarum,
1299 1821 1401 1874 vacent
1425 1819 1460 1874 ed
1489 1822 1606 1892 tempus
1630 1820 1766 1889 orationi,
1790 1824 1823 1877 ut

116 1915 164 1965 tem
183 1910 232 1975 do,
258 1913 394 1981 tunquam
422 1907 642 1964 misericordiam
669 1915 824 1964 comccutus
852 1925 869 1963 o
893 1909 944 1964 Do·
999 1907 1118 1976 accepto
1131 1908 1220 1977 gristu
1235 1906 1393 1978 pudicitiae,
1410 1906 1440 1962 id
1455 1924 1572 1982 semper
1585 1908 1692 1966 bebere
1711 1909 1823 1966 deside-
1875 1903 1879 1910 ’

117 2000 207 2066 mino,
222 2006 257 2054 ut
270 2000 324 2054 sim
339 1998 443 2069 fidelis.
460 1999 595 2054 Existimo
611 2013 673 2069 erpo
691 1997 740 2053 tac
766 1998 946 2054 bonumeam
999 1997 1073 2064 rent,
1091 2009 1148 2063 quo
1166 1994 1199 2049 ac
1232 1995 1381 2050 modicum
1410 1995 1544 2053 delectati
1570 2002 1649 2055 saint.
1679 1998 1822 2056 Dominus

116 2097 232 2160 propter
247 2089 393 2142 instantem
416 2088 613 2152 necessitatem,
638 2087 767 2158 quoniam
792 2086 945 2142 bonumeat
999 2084 1129 2138 tentatus
1157 2098 1174 2138 a
1204 2083 1368 2154 Plrarisaeis,
1403 2089 1503 2141 utrum
1533 2087 1695 2144 secundum
1726 2086 1822 2160 legem

118 2177 233 2231 bomini
246 2177 287 2231 sic
303 2191 358 2231 ease
371 2176 383 2210 ³
397 2177 422 2242 (l
447 2174 506 2230 Cor.
518 2192 568 2240 vn,
591 2175 637 2243 25,
665 2175 720 2246 26).
739 2174 791 2229 Hic
810 2175 945 2230 adversa·
999 2170 1092 2244 Moysi
1108 2187 1213 2228 uxores
1227 2168 1328 2229 liceret
1342 2173 1500 2242 dimittere,
1525 2176 1646 2232 omnino
1670 2175 1734 2234 fleri
1756 2193 1821 2246 pro·

116 2264 176 2321 rius
193 2267 256 2320 tota
273 2263 467 2320 exsultatione
482 2263 659 2332 bacchatur;
675 2261 729 2319 hoc
748 2261 828 2319 velut
848 2262 944 2319 sortis·
999 2258 1105 2314 hibuit.
1120 2259 1201 2323 Quod
1218 2259 1355 2332 discipuli
1368 2261 1599 2332 considerantes,
1622 2264 1759 2322 dixerunt
1772 2265 1821 2321 ei:

116 2355 190 2410 simo
208 2352 314 2418 ariete,
329 2351 508 2426 virginitatis
522 2367 641 2408 murum
659 2350 813 2423 quatiens:
831 2374 846 2402 a
861 2351 944 2418 Dece,
998 2349 1031 2404 Si
1046 2349 1112 2403 tatis
1126 2353 1165 2404 est
1188 2365 1269 2404 causa
1293 2349 1413 2406 taminia
1432 2366 1493 2406 cum
1516 2367 1612 2418 uxore,
1637 2368 1693 2409 non
1714 2353 1822 2425 expedit

118 2443 232 2516 inquit,
246 2440 407 2516 Apostolus
422 2441 575 2513 profitetur
590 2442 625 2498 de
643 2439 807 2514 virginibus
830 2440 945 2496 Domini
999 2438 1111 2492 nutare.
1138 2437 1240 2505 Quibus
1261 2439 1309 2494 itte
1335 2438 1491 2510 respondit:
1508 2440 1567 2496 Non
1590 2456 1683 2497 munes
1709 2443 1822 2513 capiunt

117 2549 147 2588 se
162 2548 227 2612 non
240 2531 350 2588 habere
363 2533 558 2603 preceptum:
575 2533 603 2586 et
620 2529 672 2602 qui
691 2547 758 2586 cum
775 2529 947 2586 auctoritate
1000 2525 1178 2592 certumnest
1194 2525 1292 2597 quibus
1316 2525 1409 2582 datum
1428 2532 1478 2584 est.
1500 2528 1568 2584 Sunt
1590 2532 1665 2586 enim
1692 2532 1822 2600 eunuchi,

118 2621 155 2677 de
169 2619 689 2690 meritisetuxoribusjusserat,non
703 2619 946 2692 audetimperara
999 2615 1091 2688 quide
1104 2617 1182 2670 utera
1196 2617 1294 2670 matris
1309 2616 1350 2671 ita
1372 2618 1433 2671 uati
1455 2624 1531 2686 aunt,
1559 2627 1585 2674 et
1607 2623 1671 2676 sunt
1693 2619 1822 2689 eunuchi,

115 2709 194 2782 qnod
214 2709 359 2765 Dominus
375 2723 433 2764 non
449 2708 596 2779 precepit.
614 2707 647 2763 Et
662 2711 746 2763 recte.-
763 2708 844 2773 Quod
867 2709 945 2763 enim
1001 2705 1050 2775 qui
1063 2704 1097 2760 ct
1110 2704 1267 2760 bominibus
1278 2703 1455 2762 eunuchizati
1468 2710 1556 2768 sunt:
1570 2712 1595 2764 et
1609 2718 1673 2766 sunt
1693 2710 1822 2779 macuati,

113 2795 296 2871 precipitur,
322 2797 487 2868 imperatur
509 2813 516 2864 ;
542 2796 618 2867 quod
642 2795 812 2868 imperatur,
829 2811 947 2852 necesse
1000 2793 1050 2864 qui
1061 2809 1090 2848 se
1104 2801 1294 2849 castraverunt
1309 2802 1422 2866 propter
1444 2795 1517 2851 uta
1544 2811 1660 2868 reanum
1682 2799 1822 2856 cetorum.

114 2886 260 2955 esiliam,
279 2884 358 2959 quod
375 2889 552 2941 necesseest
571 2883 644 2952 Dori,
669 2884 726 2941 nisi
745 2883 805 2954 liat,
832 2902 946 2958 poenam
1002 2884 1154 2954 Quipotcst
1186 2898 1292 2954 capere,
1321 2885 1411 2955 capiat
1435 2884 1540 2956 (narrt.
1571 2901 1628 2951 xix,
1660 2887 1696 2940 tu
1724 2887 1822 2959 sequ).

115 2977 218 3032 babet.
236 2975 358 3030 Frustra
373 2973 452 3030 enim
465 2974 596 3045 jubetur,
613 2963 689 3044 quod
706 2973 740 3028 in
751 2973 872 3030 arbitrio
883 2975 947 3046 ejus
1002 2971 1033 3024 ln
1049 2966 1203 3041 propatulo
1219 2973 1263 3024 est
1278 2985 1330 3024 cur
1344 2969 1500 3042 Apostolus
1514 2969 1629 3038 dixerit,
1645 2973 1682 3028 De
1704 2975 1821 3045 eirami-

116 3065 250 3128 nonitur,
267 3063 316 3118 cui
332 3065 453 3133 jussum
476 3065 531 3118 est.
559 3085 572 3111 a
596 3059 725 3134 misi
749 3061 945 3134 virginitatem
1002 3059 1050 3114 buc
1065 3066 1156 3114 autem
1179 3061 1346 3130 preceptum
1367 3059 1476 3114 Domini
1498 3075 1554 3114 non
1578 3060 1823 3134 tuteo;protecto

115 3149 945 3223 ¹lominusimperasset‚vidcbaturnuptiascoudemnare,
1002 3148 1053 3220 qui
1082 3145 1263 3220 premiserat
1291 3147 1432 3203 Dominus
1458 3162 1465 3204 :
1492 3148 1552 3203 Non
1584 3165 1676 3206 munes
1710 3153 1824 3223 capiunt

112 3241 317 3298 ethomiuum
343 3239 459 3295 auterre
488 3237 692 3309 seminarium,
721 3238 799 3295 unde
826 3245 854 3296 et
883 3221 982 3312 ipsaC
1002 3235 1188 3303 eertumscd
1211 3235 1308 3306 quitus
1331 3235 1496 3293 detumeat.
1521 3238 1566 3305 nt,
1591 3239 1646 3308 Qui
1663 3248 1750 3312 potest
1774 3258 1823 3298 ca·

111 3329 274 3403 virginitas
291 3329 433 3384 nuscitur.
449 3327 479 3382 Si
504 3325 686 3400 praecidisset
709 3326 849 3395 radicem,
876 3344 948 3400 quo·
1002 3341 1078 3398 perc,
1095 3328 1185 3396 caput.
1215 3324 1356 3396 Proponit
1379 3334 1532 3396 ἀγωνοθέτης
1560 3328 1726 3400 premium,
1754 3330 1826 3386 invi·

116 3417 209 3474 modo
224 3417 325 3490 fruges
340 3419 483 3487 quereret
495 3415 510 3470 t
523 3415 586 3472 Nisi
606 3416 674 3471 ante
698 3415 891 3472 fundamenta
907 3417 950 3488 je·
1004 3419 1046 3470 tat
1062 3413 1097 3470 ed
1114 3430 1246 3478 cursum,
1262 3417 1340 3470 tenet
1355 3414 1385 3470 in
1401 3431 1490 3471 manu
1502 3415 1679 3490 virginitatis
1693 3419 1826 3476 bravium

115 3507 225 3572 nisset,
249 3522 309 3578 qua
331 3505 444 3561 ratione
458 3503 614 3560 edificium
637 3507 809 3570 exstrueret,
825 3509 854 3560 et
867 3521 950 3578 oper·
1006 3503 1135 3559 ostendit
1148 3502 1340 3575 purissimum
1351 3503 1471 3571 iontem,
1483 3509 1511 3559 et
1525 3505 1675 3562 clamitat:
1694 3507 1748 3576 Qui
1756 3508 1828 3576 sitit,

122 3599 231 3648 turum
247 3597 351 3647 cuncta
366 3593 494 3666 desuper
518 3592 635 3649 culmen
658 3591 951 3664 imponerettltlulto
1006 3593 1107 3658 veniat,
1131 3597 1158 3647 et
1188 3593 1272 3648 bibat.
1301 3592 1355 3661 Qui
1380 3596 1466 3664 potest
1488 3609 1593 3666 cupere,
1619 3598 1711 3667 capiat
1737 3597 1827 3668 (ioan.

123 3679 232 3736 labore
247 3663 385 3736 iussorum
401 3681 615 3738 subvertuntur
630 3685 764 3748 montcs;
782 3685 926 3738 terrarum
942 3685 953 3716 ⁸
1006 3699 1057 3749 vn,
1070 3681 1125 3753 37).
1143 3681 1205 3736 Non
1221 3680 1302 3746 dicit,
1317 3679 1412 3737 velitis
1431 3681 1540 3752 nolitis,
1561 3683 1720 3739 bibendum
1747 3685 1829 3742 robis

122 3783 203 3842 pene
224 3767 337 3824 interna
359 3773 561 3841 penetrantur,
586 3775 619 3826 ut
645 3770 812 3827 inveniatur
835 3787 951 3826 aurum.
1008 3773 1062 3836 est,
1079 3773 1167 3840 atque
1179 3769 1356 3824 currendum
1370 3786 1377 3836 ;
1392 3768 1443 3824 sed
1466 3769 1516 3841 qui
1540 3768 1672 3839 voluerit,
1703 3772 1754 3844 qui
1781 3789 1831 3845 po-

120 3859 261 3930 Cumque
275 3857 311 3913 de
325 3858 425 3930 granis
449 3858 660 3916 minutissimis
675 3859 758 3931 prius
780 3859 954 3915 conflatione
1007 3857 1097 3914 tuerit
1111 3872 1238 3921 currere,
1255 3862 1343 3929 atque
1357 3860 1469 3930 potere,
1484 3855 1534 3916 ille
1554 3858 1660 3929 vincet,
1677 3859 1725 3917 ille
1738 3861 1831 3918 setia-

121 3947 264 4016 fornacis,
281 3945 387 4003 deinde
402 3945 509 4004 callida
525 3947 646 4004 artificis
662 3963 752 4003 manu
778 3947 866 4003 luerit
891 3965 954 4004 mo·
1009 3945 1096 4002 bitur.
1115 3945 1150 4000 lit
1164 3945 1229 4001 idco
1244 3943 1312 4016 plus
1336 3950 1416 4001 amat
1439 3945 1567 4020 virgines
1591 3947 1736 4019 Christus,
1764 3951 1833 4022 spuis

119 4035 658 4108 nilecompactum,nonillebeatns
679 4039 809 4104 vocatur,
840 4035 890 4108 qui
920 4036 955 4091 de
1010 4032 1272 4106 spontetribunnt,
1289 4033 1366 4104 quod
1382 4034 1512 4091 sibinen
1529 4035 1623 4094 iuerat
1644 4038 1832 4112 imperatum.

117 4123 532 4194 lutoexcrevitaumm,sed
550 4125 601 4198 qui
621 4123 685 4181 euri
710 4123 802 4179 utitur
824 4123 955 4196 pulchri·
1010 4120 1364 4194 MaJ'orisquegratiaeest
1390 4123 1493 4179 offerre
1522 4124 1599 4196 quod
1629 4142 1688 4182 non
1713 4125 1831 4196 debeas,

118 4211 239 4269 tudine.
255 4210 322 4268 Noli
341 4210 434 4285 igitur
455 4211 604 4283 admirari,
627 4213 652 4268 si
677 4211 754 4268 inter
774 4211 956 4270 titillationes
1011 4227 1100 4284 quam
1116 4209 1236 4266 reddere
1245 4209 1322 4280 quod
1336 4209 1472 4282 exigaris.
1486 4212 1614 4284 Apostoli
1630 4213 1729 4270 uxoris
1743 4229 1833 4272 onera

117 4300 234 4372 emis,
249 4304 279 4357 et
294 4301 445 4357 incentivu
456 4300 882 4375 vitiorum,angelorumvitam
898 4319 956 4359 non
1012 4297 1218 4372 contemplati:
1236 4298 1266 4354 si
1280 4289 1344 4354 tatic'
1363 4303 1412 4366 est,
1428 4299 1576 4372 inquiunt,
1600 4316 1685 4358 catam
1711 4303 1833 4360 hominis

163 4424 275 4481 ¹Haud
290 4424 418 4481 dubium
435 4425 506 4498 quin
522 4429 751 4498 peccatum,aut
765 4425 894 4494 Demnn,
909 4442 958 4483 cu·
1012 4425 1261 4482 Dtcarneauarias
1281 4426 1461 4496 suspiramus.
1489 4425 1533 4481 Ita
1560 4425 1630 4500 legit
1659 4428 1749 4485 codex
1776 4443 1833 4486 ms.

114 4501 172 4570 jus
189 4496 305 4552 Pharao
321 4500 425 4570 typum
440 4497 525 4570 gerit.
541 4496 685 4554 Solemnis
701 4497 761 4554 hec
782 4499 860 4572 apud
880 4501 957 4555 vete·
1015 4496 1288 4570 Sangermanensis,
1304 4503 1333 4552 ct
1347 4494 1421 4552 alter
1433 4499 1507 4554 barn
1514 4498 1634 4554 utensis.
1652 4499 1836 4560 corbeiensis

117 4587 170 4626 res
182 4567 340 4640 allegoria.
974 4585 997 4651 D
1013 4571 1110 4625 autem
1127 4568 1222 4641 prima
1237 4584 1338 4634 mauu,
1353 4569 1386 4624 Dt
1399 4585 1495 4625 cornea
1522 4571 1618 4627 Fortes
1643 4587 1835 4644 suspiramus:

149 4639 350 4710 'Hucusque
365 4637 497 4694 obtinuit
519 4655 615 4696 camus
636 4639 738 4706 eamus,
768 4640 885 4697 tametsi
906 4641 957 4696 Fc-
1014 4641 1064 4696 sed
1080 4641 1176 4695 Furias
1191 4639 1315 4694 mutavit
1330 4639 1472 4697 recentior
1486 4656 1593 4698 manus
1606 4642 1636 4698 in
1656 4645 1759 4712 uarius,
1786 4643 1836 4698 nd-

113 4712 231 4770 riuis
255 4727 331 4767 mss.
356 4709 507 4783 plerisque
528 4709 651 4767 inveniri
680 4710 743 4782 ipse
772 4711 958 4768 biartianeus
1014 4709 1290 4782 deneinmargine,
1307 4710 1335 4766 id
1361 4715 1401 4767 est
1423 4714 1598 4769 Foruoniccs.
1611 4713 1693 4771 Unus
1717 4715 1756 4770 Re
1778 4713 1837 4780 ius,

114 4785 265 4840 [emetur.
285 4783 329 4838 lta
340 4780 479 4853 equidem
496 4782 554 4838 duo
570 4782 663 4838 nostri
682 4782 927 4853 prestantissimi,
944 4799 961 4840 a
1014 4780 1341 4849 etalterColbertinus,
1357 4781 1571 4855 legumento,
1587 4787 1621 4842 Di
1643 4801 1739 4840 carues
1758 4729 1835 4838 {tta-

112 4869 254 4928 ‘puerum
274 4851 406 4908 fidenon
423 4853 961 4927 estrecedendum.'l¹antumaspirare
1015 4853 1177 4909 raoniticus.
1194 4851 1276 4908 Unus
1292 4854 1462 4910 monasterii
1481 4857 1573 4911 nostri
1601 4857 1628 4912 S.
1661 4856 1738 4911 Petri
1768 4855 1836 4910 Car-

112 4923 219 4984 melui
235 4923 391 4992 Picarias:
412 4924 514 4996 sicque
528 4918 640 4996 exp'lieo
663 4921 826 4996 appellatas
849 4943 883 4981 ex
899 4925 961 4981 loeo
1016 4923 1162 4989 nutcnsis,
1177 4925 1201 4978 ct
1215 4939 1310 4979 carnes
1325 4927 1439 4996 seriem.
1463 4924 1595 4998 Denique
1623 4927 1713 4982 codex
1740 4925 1839 4982 Sancti

115 4997 173 5054 ubi
193 5011 300 5052 menes
317 4993 459 5051 Hebreus
493 4994 600 5067 opulus
616 4995 782 5066 concupivit
799 5013 805 5051 :
823 4996 851 5051 id
867 5003 911 5052 est
931 4999 963 5052 tn
1015 4992 1170 5066 Ebrulphi,
1190 4994 1222 5048 Et
1245 4995 1524 5060 corresuscitatos
1553 5005 1590 5052 cst
1618 4995 1837 5055 Ptcramiticua.

112 5067 280 5126 miitudine
302 5066 431 5134 Pharan,
490 5067 669 5193 idestidieur
691 5067 827 5123 ceresam
849 5082 960 5139 penem,
1017 5067 1096 5124 Hanc
1109 5065 1243 5122 codicum
1260 5081 1331 5120 mss.
1348 5066 1561 5123 dissonantiam
1577 5068 1631 5124 boc
1648 5067 1711 5126 loco
1736 5070 1839 5126 docere

111 5141 325 5212 AEpyptiorum
339 5153 440 5192 carnes
455 5137 514 5194 des'
532 5155 658 5195 erana...
674 5139 777 5210 accepit
799 5139 961 5206 coturnices,
1016 5138 1165 5196 voluimus
1180 5135 1317 5193 lectorem
1334 5137 1495 5203 curiosum,
1512 5142 1544 5193 ut
1558 5154 1593 5194 ex
1608 5143 1690 5196 tanta
1700 5141 1840 5198 varietate

113 5221 142 5270 ea
175 5223 272 5281 mque
300 5207 335 5264 ad
363 5224 496 5264 nauseam
522 5214 551 5266 et
582 5213 715 5266 vomitum
742 5209 863 5275 eiecerat,
895 5214 962 5279 etc,
1017 5208 1154 5281 conjiciat
1168 5213 1278 5280 quanta
1292 5207 1331 5264 sit
1344 5207 1375 5263 in
1390 5206 1456 5263 aliis
1471 5210 1625 5267 sententiis
1638 5212 1761 5269 minoris
1777 5229 1840 5270 mo·

113 5279 386 5366 quemadmodum
403 5279 440 5336 ab
455 5279 519 5363 ipso
535 5281 701 5351 Hieronym.
718 5279 896 5352 explicatum
920 5287 965 5336 est
1019 5281 1110 5337 menti
1129 5278 1210 5352 sylva
1230 5278 1376 5334 variarum
1398 5278 1569 5352 lectionum,
1594 5300 1719 5356 quarum
1741 5290 1841 5343 tamen

114 5372 149 5410 ιιι
173 5348 312 5426 Epistola
327 5351 365 5406 de
381 5351 597 5418 mansionibus,
615 5369 709 5408 mans.
720 5351 861 5408 xrrr.Vide
875 5352 962 5408 Num.
1019 5369 1076 5409 non
1092 5351 1293 5407 meminimus.
1309 5351 1452 5407 Μιιιτιιιι.

112 5442 187 5490 xvi,
205 5437 294 5480 versu
315 5421 391 5477 l3et
405 5438 468 5496 seq.
484 5423 624 5480 Ceterum
649 5423 709 5478 scio
735 5423 853 5479 Pharias
877 5423 964 5506 vulgo
1053 5421 1443 5494 ³Heecpericopa‚quereiam
1472 5424 1574 5480 barrum
1600 5431 1639 5483 eat
1666 5429 1773 5486 trorrrini
1802 5431 1843 5485 sio

113 5513 182 5572 pro
227 5493 396 5550 turconicus
424 5495 514 5568 accipi
539 5496 626 5567 juata
656 5493 727 5550 illud
758 5495 908 5551 Prudentii
933 5513 963 5550 ιιι
1020 5513 1087 5559 case,
1103 5495 1130 5548 in
1145 5493 1252 5548 nostris
1268 5495 1417 5550 codicibus
1433 5513 1489 5552 non
1506 5498 1662 5555 invenitur.

114 5512 312 5644 Apotfleoai:
1055 5565 1367 5622 ‘Suffecirnusvocem
1383 5571 1520 5623 terrorum
1541 5586 1576 5625 ex
1604 5585 1748 5628 consensu
1768 5585 1841 5626 mss.

1020 5641 1049 5696 et
1061 5634 1151 5695 veteri
1167 5635 1305 5695 editione.

180 5718 247 5774 uae
263 5713 439 5786 manituti
453 5715 786 5790 eguamreratsrssomt.
1056 5707 1144 5768 *nuo
1159 5707 1377 5788 prestantiores
1396 5713 1623 5772 mssmcccuttns
1640 5719 1678 5774 cat
1691 5711 1841 5772 cominu.
