4056 6170
268 345 345 414 tlte
878 353 908 413 S.
934 351 1088 416 sustuli
1110 351 1347 418 fltneontttt.
1850 351 1909 417 lltil

266 487 331 554 tuo,
344 487 374 540 et
387 483 470 540 auter
484 483 654 540 militiame
677 500 764 542 carne
786 488 837 541 tua
863 502 869 541 :
895 485 965 558 quis
987 484 1127 554 adole-A
1177 509 1191 538 u
1208 487 1239 544 ln
1256 487 1302 544 die
1317 504 1375 560 quo
1400 487 1471 543 moti
1500 485 1608 544 luerint
1630 483 1757 543 custodes
1778 485 1873 556 donus,
1891 491 1912 544 st
1968 471 1969 480 ¹

267 572 389 642 scentia,
414 578 443 630 et
466 573 593 630 stultitia
613 573 728 630 venitm
751 578 805 630 est.
832 595 846 624 ιι
869 573 900 630 Ιιι
916 573 970 642 ira,
986 587 1089 630 omnes
1144 576 1284 648 perierint
1297 576 1349 633 viri
1366 576 1555 647 tortitudinis,
1573 560 1588 626 n
1611 577 1746 634 Custodes
1766 576 1863 647 donus,
1879 581 1915 632 aut

266 661 499 733 perturbationes
515 661 605 720 animi
621 661 851 735 comprehendit.
869 662 900 716 ln
917 661 1014 718 carnis
1029 677 1089 718 ma·
1143 665 1186 721 sol
1202 664 1376 739 intelligitur
1387 671 1417 722 et
1429 666 1510 738 luno,
1526 669 1554 722 et
1569 665 1699 739 reliquus
1720 669 1848 722 astrorum
1866 665 1916 720 cho-

265 751 338 820 litia,
356 751 508 808 universa
524 751 671 824 significat
699 750 829 824 corporis
852 749 1026 823 voluptates.
1042 749 1089 806 Sic
1144 753 1381 826 rus‚autangeli
1411 755 1460 828 qui
1484 754 1553 811 huic
1575 755 1685 812 mundo
1708 753 1855 827 president.
1873 751 1916 807 l'iri
1969 781 1970 800 ι

263 855 343 914 ergo,
356 839 462 912 inquit,
477 839 564 896 bonis
579 837 680 896 saculi
696 838 788 911 hujus
798 839 904 910 fruere,
921 855 957 896 ne
972 843 1023 896 aut
1036 839 1089 896 de·
1142 859 1209 898 vero
1221 827 1414 910 tortitudinis,
1428 844 1488 899 sivo
1502 847 1587 916 sortes
1602 845 1622 910 ⁸,
1641 851 1673 899 ut
1687 843 1872 916 interpretetus
1886 847 1915 896 cst
1969 805 1970 866 i

263 927 382 1000 siderio,
398 933 547 986 autcarne
562 926 728 1001 delinques.
744 927 886 1000 Relinque
902 927 1023 1000 antiqua
1045 927 1087 982 vi·
1143 931 1338 1004 Symmachus
1354 932 1404 1004 qui
1429 933 1575 1005 peribunt,
1604 932 1682 989 1¹88
1710 931 1767 987 sive
1791 934 1820 985 nt
1843 929 1917 1002 Aquila

264 1017 431 1090 tie,quibus
447 1017 475 1073 in
491 1015 689 1074 adolescentia
701 1020 754 1072 tna
762 1016 886 1074 vanitati
899 1015 1088 1088 stultitiaque
1142 1020 1204 1087 (Ad.
1219 1020 1280 1093 qui)
1294 1019 1445 1077 transtulit
1459 1021 1601 1087 errabunt,
1618 1021 1762 1076 daemnues
1777 1019 1916 1080 sentiuntur,

265 1106 380 1164 servisti
403 1121 410 1161 :
436 1105 506 1179 quia
527 1106 668 1178 juventus
692 1104 1014 1178 insipientiaecopulata
1032 1108 1086 1162 est.
1142 1107 1239 1164 etorti
1255 1107 1370 1165 diabolo
1388 1108 1475 1164 etium
1501 1108 1557 1181 ipsi
1578 1108 1697 1164 tortium
1720 1107 1809 1165 sortiti
1826 1106 1917 1162 vocabo

264 1217 278 1245 «ι
295 1195 328 1250 Et
340 1198 486 1250 memento
512 1193 658 1250 Creatoris
678 1194 721 1250 tui
747 1194 776 1249 in
804 1194 909 1250 diebus
923 1194 1087 1267 juventutis
1141 1196 1214 1252 luen.
1242 1199 1333 1264 Quem
1360 1213 1503 1269 superans
1525 1196 1679 1267 Dominus,
1705 1199 1734 1252 et
1754 1195 1918 1268 lignusjurts

261 1285 328 1352 tna,
344 1287 503 1354 antequam
518 1283 636 1340 veniant
657 1283 720 1340 dies
734 1282 862 1355 malitia,
883 1289 912 1340 et
926 1283 1086 1357 appropin—
1141 1285 1287 1358 Evangelii
1302 1284 1471 1358 perabolem
1487 1287 1497 1320 ⁷
1512 1286 1568 1357 (dt.
1589 1285 1784 1351 sententiam),
1798 1283 1919 1339 vastatdo·

261 1373 354 1443 quent
364 1371 445 1440 anni,
470 1370 500 1428 in
517 1371 624 1443 quibus
638 1371 718 1428 dices
734 1388 741 1428 :
757 1372 820 1429 Non
836 1376 882 1430 est
896 1372 968 1429 mibi
982 1371 1086 1430 volun·
1141 1391 1223 1430 mum
1239 1375 1303 1445 eJ'us
1319 1375 1393 1446 (Luc.
1412 1378 1462 1445 ιιι).
1478 1374 1568 1431 Aliter
1584 1374 1749 1431 :Custodes
1771 1374 1873 1439 domus,
1889 1371 1920 1444 qui

260 1459 349 1516 tasin
364 1459 416 1516 eis.
429 1483 442 1510 n
460 1460 582 1534 Semper
596 1465 742 1518 memento
757 1461 924 1518 conditoris
935 1463 988 1533 tui,
1001 1466 1029 1517 et
1044 1461 1087 1518 sic
1141 1464 1176 1520 ad
1189 1480 1296 1536 corpus
1319 1464 1448 1520 bominis
1470 1463 1600 1520 referunt
1627 1467 1734 1520 cuncta
1760 1479 1819 1535 qua
1845 1460 1921 1532 scripte

259 1549 460 1606 adolescentia
480 1553 537 1606 tue
563 1549 640 1606 viem
668 1551 800 1625 gradere,
831 1559 862 1607 ut
885 1551 959 1608 ast
983 1551 1086 1607 mortis
1140 1552 1503 1626 sunt,costassignificeri
1519 1553 1726 1626 putantquod
1747 1549 1922 1624 ebipeisinte·

260 1637 370 1694 ultima
386 1637 546 1694 recorderis
557 1655 564 1692 :
577 1642 735 1711 antequem
746 1639 799 1696 tibi
813 1639 1084 1714 tempusadveniat,
1139 1642 1218 1699 stine
1231 1641 1387 1711 vallentur,
1404 1645 1433 1698 et
1446 1645 1508 1698 tota
1521 1641 1630 1699 ventris
1645 1638 1799 1698 mollitudo
1818 1641 1922 1695 servatur.
1971 1705 1972 1710 η

259 1743 318 1800 quo
333 1727 430 1784 tristia
444 1743 568 1800 quaque
582 1728 752 1785 succedant.
1140 1731 1223 1789 Viros
1238 1746 1304 1787 vero
1324 1731 1424 1798 lortes,
1445 1747 1531 1786 crura
1551 1731 1701 1787 estiment
1717 1749 1724 1800 ;
1744 1729 1840 1795 solem,
1858 1731 1880 1783 et
1895 1724 1924 1780 lu·

1140 1837 1219 1888 nam,
1236 1823 1265 1876 ct
1279 1819 1389 1888 stelles,
1405 1821 1441 1876 ad
1457 1819 1567 1890 oculos,
1583 1835 1681 1890 sures,
1704 1835 1799 1884 nares,
1821 1821 1846 1872 et
1863 1815 1924 1870 totius

298 1925 310 1954 ι
326 1907 493 1979 Antequam
508 1906 729 1964 obtenebrescet
743 1905 798 1973 sol,
814 1909 843 1963 et
864 1905 978 1978 lumen,
993 1911 1022 1962 et
1037 1906 1084 1962 lu·
1141 1908 1247 1981 capitis
1262 1925 1369 1966 sensus
1384 1912 1531 1982 coaptant.
1549 1908 1607 1966 lloc
1624 1911 1722 1965 autem
1744 1907 1817 1972 ideo,
1831 1901 1923 1978 quisin-

261 2011 300 2052 na
314 1997 333 2066 ¹,
350 1998 380 2051 et
392 1993 532 2066 stellas,et
547 1998 730 2052 revertantur
744 1995 838 2052 nubes
849 1999 915 2068 post
929 1995 1084 2068 pluviam.»
1142 1998 1232 2055 terius
1247 1997 1420 2055 necessitate
1435 2002 1590 2072 coguntur,
1608 2014 1667 2053 non
1684 1998 1721 2054 de
1737 1995 1842 2070 angelis
1854 1999 1877 2048 et
1889 1993 1924 2046 de

260 2085 291 2142 Si
306 2085 342 2140 de
357 2082 486 2158 generali
509 2085 763 2142 consummatione
777 2083 881 2141 mundi
910 2085 1081 2158 accipimus,
1142 2087 1289 2156 monibus,
1307 2085 1678 2158 sole,etluna‚etstellis,
1695 2087 1746 2143 sed
1776 2085 1810 2142 de
1833 2080 1925 2140 bominis

258 2172 356 2230 verbis
371 2172 485 2230 Domini
507 2171 562 2228 boc
581 2170 743 2246 capitulum
762 2173 907 2247 congruit,
933 2173 1087 2246 inquibus
1142 2176 1281 2234 membris
1297 2175 1459 2248 intelligere
1475 2193 1538 2249 qus
1551 2177 1730 2248 sequuntur.

260 2261 324 2319 ait:
341 2263 403 2318 crte
417 2260 561 2318 tribulatio
573 2265 599 2318 et
612 2263 741 2334 capessite
763 2263 775 2298 ²
794 2263 886 2334 quotis
911 2278 966 2320 aon
988 2264 1043 2334 suit
1065 2280 1086 2337 ᾳ
1175 2289 1190 2318 «
1207 2267 1242 2322 llt
1270 2265 1429 2322 cessabunt
1457 2265 1617 2334 molentes;
1634 2265 1778 2338 quoniam
1801 2261 1925 2319 imminute

258 2351 397 2425 principio
410 2357 555 2419 mactare,
569 2349 615 2407 ud
636 2366 722 2424 neque
734 2350 790 2422 fiet.
815 2349 861 2406 Sol
874 2352 1085 2408 enimtcuedre·
1140 2360 1209 2413 sunt
1225 2372 1231 2410 :
1248 2358 1277 2410 et
1290 2355 1548 2410 contenebrescent
1562 2371 1626 2426 qua
1650 2353 1753 2410 videm
1768 2355 1799 2409 in
1815 2347 1927 2408 loranini·

258 2444 322 2509 acet,
338 2443 364 2496 ct
390 2440 457 2496 tuae
469 2456 526 2497 nors
539 2439 618 2496 dudit
632 2440 725 2497 lanua
740 2443 868 2508 suomet
887 2440 973 2497 stellae
987 2441 1088 2498 coderet
1140 2446 1205 2501 bne.
1223 2467 1237 2495 a
1254 2443 1286 2500 ln
1306 2443 1561 2500 consummatione
1581 2443 1685 2498 mundi
1712 2457 1780 2498 cum
1802 2435 1928 2510 refriguerit

258 2529 381 2598 decreto,
397 2533 424 2585 et
439 2528 698 2586 virtutescoetorum
718 2528 959 2586 cornmovebcntur
977 2529 1083 2602 (ltottt.
1140 2534 1303 2591 multorum
1328 2532 1465 2603 ebaritas,
1489 2535 1518 2588 et
1540 2531 1705 2588 imminuta
1729 2530 1836 2588 luerint
1855 2527 1928 2585 enine

259 2619 347 2690 xxtv),
372 2633 436 2690 ques
451 2621 521 2674 eunt
540 2619 677 2674 custodes
700 2618 806 2676 domus
822 2635 829 2674 :
845 2617 888 2674 ita
903 2620 936 2674 ut
954 2617 1085 2675 dornos⁸
1140 2623 1358 2696 magistrorum,
1375 2637 1438 2694 qua
1456 2625 1579 2694 possunt
1593 2620 1742 2677 celestem
1769 2619 1861 2676 eibum
1878 2629 1928 2687 pre

257 2705 441 2780 intelligetur
463 2705 511 2762 bic
537 2707 678 2778 mundus,
706 2705 760 2762 viri
774 2722 841 2763 vero
866 2705 964 2777 sortes,
988 2722 1085 2763 errore
1138 2712 1206 2769 hers
1221 2711 1416 2778 credentibus,
1432 2709 1641 2782 translateque
1668 2709 1700 2765 in
1726 2707 1929 2766 coelestie:tuue

258 2795 381 2869 decepti,
397 2798 427 2852 st
440 2794 617 2869 dissipanda
627 2794 776 2852 contraries
793 2795 989 2852 touitndinos.
1003 2798 1084 2862 Quod
1138 2801 1278 2874 incipient
1293 2799 1322 2855 bi
1338 2798 1388 2872 qui
1403 2815 1438 2855 ex
1453 2799 1577 2872 partein
1593 2797 1648 2854 boo
1670 2799 1784 2854 munde
1808 2793 1929 2852 intueban-

260 2883 286 2942 si
304 2883 440 2958 specialis
464 2883 699 2958 uniuscujusque
713 2885 937 2956 consummatio,
954 2885 991 2941 ed
1019 2886 1083 2942 vite
1138 2895 1188 2947 tur
1201 2889 1301 2946 lumen
1315 2886 1758 2956 scientiae,involuttenebris.Si
1773 2886 1848 2944 enim
1865 2876 1929 2951 ldopi

259 2974 350 3047 hujus
364 2973 452 3030 linem
468 2973 613 3044 retertur,
629 2978 658 3030 et
676 2973 731 3045 sol,
747 2979 776 3030 et
802 2972 883 3045 lune,
899 2977 928 3030 et
940 2973 1039 3046 stellas,
1055 2979 1084 3032 et
1137 2979 1265 3036 dicitur:
1282 2983 1388 3034 Panem
1403 2980 1428 3032 te
1442 2979 1471 3033 in
1485 2977 1625 3048 toramine
1636 2980 1727 3048 petroe
1741 2993 1751 3031 :
1767 2985 1793 3032 et
1814 2976 1850 3030 sic
1866 2976 1929 3043 pote

259 3064 364 3136 nubes,
389 3066 418 3120 et
442 3061 544 3136 pluvias
570 3063 596 3119 ei
620 3078 685 3120 esse
699 3061 867 3134 cessabunt,
882 3062 933 3135 qui
949 3067 1082 3120 mortuus
1136 3069 1214 3124 rioro
1227 3084 1289 3124 mea
1309 3067 1412 3124 videda's
1436 3066 1531 3138 (duod.
1556 3083 1654 3136 ιιιιιιι,
1681 3066 1729 3137 22)
1747 3083 1754 3122 :
1771 3066 1872 3138 quanto
1890 3071 1930 3114 nt·

258 3154 356 3211 luerit.
371 3153 463 3210 Aliter
484 3169 491 3209 ι
513 3155 630 3224 batere,
652 3151 864 3220 adolescens,o
884 3151 990 3224 popule
1005 3151 1082 3209 ceu·
1136 3157 1182 3230 gis
1209 3172 1393 3228 unaquaque
1415 3154 1515 3211 anima
1543 3171 1594 3227 per
1618 3155 1764 3222 toramen,
1777 3157 1806 3210 et
1819 3148 1930 3224 quasdem

261 3242 365 3311 stione,
381 3247 411 3298 et
437 3241 533 3298 fruere
561 3241 646 3298 bonis
666 3257 732 3316 qun
756 3241 851 3298 alteo
874 3241 928 3296 tibi
944 3257 1082 3299 concessa
1097 3227 1119 3293 G
1137 3246 1307 3303 tenebrosae
1327 3259 1451 3300 cavense
1490 3243 1595 3317 aspicit
1631 3243 1788 3300 veritatem
1814 3241 1820 3296 l
1845 3237 1930 3294 Aliter:

262 3337 343 3400 aunt,
355 3335 385 3389 et
399 3331 430 3388 in
444 3330 490 3388 bis
505 3329 644 3387 omnibus
658 3329 767 3387 scitote
782 3347 798 3387 a
811 3329 935 3386 Domino
946 3330 1083 3402 judican-
1139 3335 1207 3391 Dua
1222 3333 1364 3391 molentes
1384 3339 1464 3400 sunt,
1480 3349 1513 3390 ex
1528 3333 1637 3405 quibus
1653 3348 1748 3388 unam
1764 3329 1858 3402 recipi,
1873 3321 1931 3381 stu·

263 3423 344 3482 dum.
361 3421 418 3478 Nec
433 3423 529 3494 putes,
544 3419 614 3493 quia
628 3417 740 3492 priores
766 3417 840 3476 rami
863 3418 1084 3491 fractisunt‚et
1138 3429 1230 3482 teram
1247 3423 1373 3494 relinqui
1397 3424 1419 3492 ⁸,
1445 3421 1635 3495 Evangelium
1665 3437 1727 3478 oon
1756 3423 1831 3478 tacet
1854 3409 1930 3488 (dotti-

262 3513 481 3572 tuinsortuses
502 3507 676 3566 inradicem
699 3507 782 3564 bonas
811 3506 901 3580 oliva,
923 3507 1031 3565 idcirco
1055 3515 1084 3566 te
1138 3513 1368 3584 xxrv‚lt).0ua
1395 3527 1462 3566 cnm
1492 3509 1625 3566 immutas
1650 3509 1772 3580 luerint,
1792 3512 1872 3580 atque
1890 3514 1931 3557 cet·

261 3617 326 3660 esse
341 3614 478 3658 securum
492 3615 499 3668 ;
515 3597 566 3654 sed
591 3595 674 3654 auter
696 3595 771 3653 iram
796 3613 813 3653 a
836 3597 923 3654 corde
947 3601 1008 3666 tuo,
1023 3602 1084 3655 eta
1138 3602 1397 3669 severint,necesse
1409 3605 1454 3656 cet
1464 3603 1496 3656 ut
1507 3614 1624 3656 ommne
1639 3597 1743 3654 lumen
1759 3593 1878 3654 scientie
1886 3587 1932 3646 nula

259 3707 380 3764 corpore
393 3688 569 3762 voluptates,
585 3689 614 3742 et
633 3685 745 3744 ceteris
759 3685 838 3742 vitiis
857 3683 1004 3744 derelictis
1018 3703 1082 3744 me·
1137 3695 1219 3750 ratur
1245 3707 1280 3746 en
1308 3688 1412 3746 oeulis.
1440 3687 1552 3744 Aliter:
1577 3691 1697 3743 (lesem
1722 3683 1861 3743 molentes
1886 3675 1933 3751 quis

259 3785 358 3838 mento
371 3776 578 3848 creatoristui,
590 3779 746 3848 antequam
759 3774 812 3831 tibi
828 3774 890 3833 dies
903 3775 1021 3834 malitie
1031 3778 1083 3835 ad·
1136 3779 1299 3837 imminute
1312 3778 1382 3847 sint,
1397 3777 1432 3834 de
1448 3776 1585 3833 dentibus
1600 3776 1715 3832 dictum
1742 3777 1851 3848 putant.
1873 3763 1931 3834 0⁰⁰⁶

258 3869 364 3937 veniat,
377 3872 406 3926 et
420 3865 595 3924 insanabilis
609 3865 630 3934 ⁶,
651 3865 681 3920 in
706 3881 765 3938 qua
788 3865 976 3937 peccantibus
991 3881 1082 3939 poena
1137 3885 1203 3926 cum
1221 3873 1349 3924 extreme
1366 3869 1500 3922 senectus
1525 3864 1686 3932 advenerit,
1713 3864 1816 3921 dentes
1844 3867 1932 3933 quoque

259 3957 303 4014 sol
314 3956 438 4030 justitias
456 3955 588 4025 meridie,
604 3957 633 4011 et
647 3953 775 4012 scientia
790 3953 889 4011 lumen
905 3954 1038 4024 intereat,
1053 3959 1083 4011 et
1137 3962 1188 4014 eut
1206 3959 1382 4026 atteruntur,
1408 3958 1459 4010 eut
1481 3953 1621 4010 decidunt
1646 3969 1653 4009 z
1680 3953 1793 4025 quibus
1815 3940 1932 4024 permoliti

147 4101 153 4108 .
258 4045 396 4119 splendor
418 4044 506 4116 lunae,
531 4043 562 4100 id
584 4047 638 4116 est,
666 4040 798 4101 Ecclesiae
824 4041 1024 4115 subtrabatur,
1054 4048 1083 4100 et
1136 4046 1192 4104 cibi
1209 4046 1239 4101 in
1254 4043 1350 4101 alvum
1370 4037 1931 4099 transmittuntur.Tenebrescereeutem

259 4133 508 4202 sullaocoiuant,
522 4133 680 4206 dequibus
695 4132 838 4206 scriptum
853 4135 899 4190 cst
915 4150 921 4190 :
937 4133 969 4188 ln
984 4133 1082 4206 quibus
1135 4136 1267 4192 videntes
1281 4133 1310 4189 in
1328 4131 1531 4199 toraminibue,
1548 4129 1650 4188 oculos
1662 4131 1845 4188 arbitrantur
1859 4117 1932 4196 :qood

257 4226 354 4284 lucetis
366 4225 446 4298 quasi
459 4222 615 4280 luminario
629 4224 660 4279 ia
681 4221 785 4278 munde
799 4223 935 4278 rationem
948 4223 1012 4278 vitoe
1026 4221 1081 4294 [at.
1136 4227 1219 4280 atate
1232 4220 1372 4279 conlectis
1387 4219 1492 4292 caliget
1516 4218 1606 4288 acies,
1625 4222 1654 4276 et
1671 4217 1800 4275 intuitus
1823 4217 1932 4274 obscure·

259 4316 324 4388 otto]
349 4315 478 4372 babentes
502 4312 637 4386 (Philipp.
661 4327 692 4380 rr,
719 4311 774 4383 15).
791 4309 909 4366 Etelibi
927 4326 934 4366 ι
951 4310 1037 4367 Stella
1064 4327 1082 4366 a
1136 4319 1196 4370 tur.

257 4407 336 4463 stello
354 4404 447 4478 differt
462 4404 495 4460 to
507 4403 598 4474 ptorao
621 4401 632 4436 ⁸
656 4399 714 4472 [al.
735 4397 875 4470 ctoritate]
902 4398 1009 4470 tlldor.
1033 4416 1079 4471 xv,
1172 4425 1186 4452 «
1202 4402 1237 4457 tet
1252 4398 1388 4455 claudent
1402 4397 1478 4453 ostie
1501 4397 1531 4453 in
1555 4395 1650 4470 platee
1671 4397 1702 4452 in
1728 4393 1932 4453 humilitatett·

257 4495 313 4567 tt).
330 4496 481 4566 Antequam
495 4489 761 4549 revertanturnubss
782 4495 842 4560 post
852 4489 978 4560 pluviam
1006 4503 1014 4542 ι
1045 4504 1080 4546 ne
1135 4491 1178 4548 cis
1189 4487 1326 4546 molentis
1341 4505 1350 4542 :
1366 4490 1394 4543 et
1409 4488 1566 4558 consurget
1579 4486 1616 4542 sd
1640 4501 1740 4541 vocem
1765 4481 1884 4542 volucris
1898 4481 1933 4546 ;tt

258 4585 406 4656 prophete
422 4579 471 4655 qui
484 4581 572 4637 corde
586 4577 769 4636 credentium
784 4593 839 4633 suo
854 4593 989 4633 sermone
1003 4574 1065 4633 suis
1094 4599 1118 4664 Β
1133 4579 1337 4636 obmutescent
1350 4591 1452 4631 omnes
1468 4573 1533 4630 tlliae
1549 4574 1699 4644 carminis,
1718 4595 1732 4624 >t
1746 4577 1817 4630 Cum
1829 4587 1877 4628 roa
1889 4579 1932 4622 mc

256 4669 435 4745 quepluviis
452 4669 584 4743 irrigent,
611 4665 1079 4742 postquemteimbresuoindi·
1134 4667 1220 4724 lentis
1244 4663 1331 4720 luerit
1354 4663 1511 4731 infirmata,
1542 4667 1571 4718 et
1594 4663 1804 4734 magistrorum
1825 4654 1933 4716 doctrin

255 4777 346 4836 gnum
370 4775 435 4818 esse
460 4754 669 4832 perspexerint,
706 4757 887 4812 revertuntur
916 4755 952 4812 ad
979 4755 1077 4812 sedem
1133 4753 1299 4825 cessaverit,
1324 4753 1402 4808 480
1418 4754 1631 4824 consequenter
1651 4750 1811 4808 cessabunt
1825 4745 1930 4804 omnis:

255 4866 339 4907 suam
356 4866 363 4906 :
381 4849 415 4906 ed
431 4864 499 4904 eum
514 4845 636 4916 scilicet,
652 4861 742 4917 aquo
759 4843 842 4902 missi
858 4849 937 4901 eunt.
1133 4848 1210 4901 inter
1224 4859 1298 4916 qua,
1316 4840 1432 4898 otoetia
1445 4838 1621 4896 claudentur
1646 4839 1675 4896 in
1692 4837 1801 4912 platea,
1825 4841 1855 4896 ut
1867 4832 1932 4907 juxlt

290 4977 298 5011 ¹
314 4975 406 5034 Voces
420 4977 445 5032 et
460 4974 528 5031 luno
543 4989 561 5030 s
575 4969 706 5028 Palatino
728 4974 758 5026 et
772 4969 911 5026 Vaticano
936 4985 1008 5026 mss.
1024 4971 1078 5026 ab·
1133 4967 1321 5026 mss.rodices
1331 4967 1416 5038 juxte
1425 4965 1577 5036 antiquam
1592 4963 1748 5037 vulgatam
1767 4964 1796 5019 in
1811 4969 1931 5036 quesere·

255 5051 335 5104 aunt.
1133 5046 1215 5114 ptum
1230 5043 1293 5096 orat
1308 5055 1314 5094 :
1332 5039 1394 5093 Atio
1407 5041 1447 5093 est
1460 5037 1550 5106 oters'o
1573 5037 1649 5104 solis,
1668 5037 1727 5092 otia
1754 5035 1842 5106 qtorio
1863 5031 1930 5088 tane.

290 5117 420 5185 ¹Vatia,
436 5119 579 5175 tribulatio
592 5131 707 5186 empna,
721 5121 746 5170 et
759 5113 891 5183 aequetis
905 5113 961 5166 etc.
1133 5117 1200 5181 ete„
1216 5116 1249 5166 ut
1264 5110 1351 5165 fldem
1371 5109 1455 5164 nobis
1483 5108 1552 5163 lucit
1579 5108 1728 5180 exemplar
1758 5123 1815 5162 ms.
1843 5101 1931 5158 Greco-

290 5188 502 5246 'Melevocem
531 5189 637 5252 domm
662 5187 717 5242 boc
742 5184 832 5242 altero
855 5184 917 5239 loco
939 5183 1080 5239 omiserat
1134 5185 1270 5240 Latinum
1285 5179 1481 5252 Epistularum
1497 5179 1525 5235 S.
1545 5179 1626 5234 Pauli
1642 5179 1671 5234 in
1688 5181 1787 5234 nostra
1809 5169 1930 5231 son-eu

257 5257 451 5330 Martianaeus,
468 5277 557 5334 quam
587 5277 622 5316 ex
650 5275 722 5314 mse.
750 5256 873 5328 altisque
893 5254 980 5311 editis
995 5253 1079 5310 libris
1134 5252 1267 5312 manenei
1284 5250 1461 5308 bibliotheca
1475 5266 1553 5305 nunc
1564 5254 1756 5320 asservatum,
1769 5251 1895 5324 Μιιιτιιιι.

256 5327 436 5387 sullecimus.
1168 5327 1292 5397 ὅΕιιῐιιιιι
1317 5323 1339 5378 it
1352 5321 1475 5378 Palatia.
1492 5337 1602 5377 vocem.
1626 5325 1719 5392 portes,
1739 5316 1929 5380 substituitque

239 5413 240 5417 ’
290 5397 397 5455 ‘Unus
426 5400 585 5458 Palatinus.
611 5403 669 5459 dics
694 5401 810 5456 matuta
838 5397 967 5454 oducuiot
991 5395 1079 5452 indie
1132 5401 1267 5454 virtutes:
1286 5341 1572 5476 ailensioeoirtutis,
1590 5391 1669 5464 legit.
1872 5453 1877 5466 Ι

251 5471 404 5544 juventutis
429 5477 482 5528 ture
510 5474 685 5530 insanabilis.
714 5471 808 5527 Facile
832 5485 899 5524 vero
927 5469 1078 5541 presterum
1168 5471 1281 5526 1,Ιιιιιιιι
1294 5465 1435 5536 Ειιαιιρείιι
1450 5464 1619 5533 parobolam.
1637 5463 1791 5535 Erasm,et
1814 5457 1926 5515 blectent

258 5541 349 5601 Vatic.
367 5547 455 5616 atque
470 5543 590 5600 alterius
606 5542 727 5601 Palatini
743 5542 909 5608 lectionem,
938 5541 1000 5598 cites
1018 5555 1077 5597 eno·
1128 5541 1210 5614 ,tacto
1227 5537 1374 5608 soonpetit
1384 5539 1560 5592 seutentiam.
1582 5534 1724 5592 Moerus.
1759 5605 1763 5616 Ι

255 5615 335 5680 lilla.
351 5613 410 5671 dies
425 5615 517 5671 ventat
532 5613 704 5671 insanabilia.
1169 5613 1179 5649 ⁵
1195 5611 1267 5671 Mes.
1283 5625 1369 5668 eoem
1384 5609 1455 5683 rapi,
1470 5611 1497 5666 et
1512 5607 1629 5666 atteram
1644 5607 1771 5680 relinque.

290 5689 301 5724 l
316 5687 403 5746 setta
418 5704 434 5741 o
448 5686 527 5742 stello
543 5685 637 5754 diflert
652 5686 681 5738 to
696 5685 793 5754 storto.
810 5685 852 5740 lto
866 5683 966 5754 legunt
976 5699 1077 5742 onines
