4056 6170
128 263 215 338 v'tatto

243 405 436 478 interpretatio
451 406 560 463 totino.

136 551 254 619 Kinsos,
270 546 436 620 descriptio.

135 620 263 688 Kidaris,
281 623 436 676 conterens
452 623 631 676 contextum.

135 691 319 764 iiis,durus,
341 689 455 764 galeam
485 691 581 748 ferens
610 691 670 747 sive

171 767 302 838 gestans.

134 834 250 900 Kiticis,
266 833 363 906 plaga,
379 831 422 888 vel
445 830 561 900 insulas,
575 832 619 888 vel
634 833 670 890 dn

170 904 363 962 translatione
378 903 545 978 Citupoleos
558 903 653 976 Cypri.

136 1047 263 1118 Klemes,
281 1044 476 1103 concionator.

134 1189 235 1262 Kylaa,
250 1203 341 1245 mara.

131 1259 296 1334 Kolyhcs,s
322 1257 397 1341 ecies
411 1257 668 1327 numismatismn·

172 1333 207 1388 de
221 1335 250 1388 et
263 1277 421 1458 cofphrstae.

132 1404 262 1471 Korhan,
276 1402 313 1459 oh
326 1400 394 1470 atio,
410 1401 530 1457 donum.

133 1473 309 1541 Kerinthua,
326 1471 437 1546 politia.

135 1614 303 1690 Koaymhcl,
318 1628 437 1671 sursum
452 1612 667 1680 retinentea‚vel

172 1691 390 1770 componentes,
410 1685 667 1812 οοοιιοίηίιρμιιίοε,

170 1757 215 1818 vel
231 1761 376 1824 inaurata,
393 1759 470 1812 elcut
484 1772 564 1813 mom
577 1773 601 1812 e.

133 1898 250 1966 tiriaus,
266 1897 388 1954 scientia
403 1901 517 1970 potens.

131 1971 260 2043 Kyprns,
275 1969 379 2025 tetrica
392 1968 491 2026 vuitus
501 1969 623 2042 species.

132 2043 297 2114 Kyrinteus,
312 2040 405 2096 haeres
422 2041 476 2096 vir.

132 2113 215 2184 Kale,
230 2129 285 2168 vox
299 2127 411 2168 eorum.

132 2185 230 2252 Krete,
247 2182 419 2252 vocationis,
433 2180 479 2238 vei
500 2181 665 2253 creationis,

171 2254 368 2329 perfectionis.

131 2326 286 2401 Kypsaiin,
300 2342 351 2382 aas
365 2322 518 2451 pllicatum.

132 2469 246 2536 Laban,
261 2466 416 2524 dealbatio.

132 2543 272 2608 Lazarus,
289 2538 419 2610 adjutus.

132 2612 286 2678 Lehhaeua,
303 2619 360 2666 ccr'.

131 2683 313 2749 Levintham,
330 2681 393 2753 ipse
408 2695 494 2751 aqua.

130 2755 192 2824 Lia,
209 2752 365 2820 laboriosa,
378 2750 422 2806 vel
439 2753 582 2806 recusata.

131 2825 281 2895 Laodicia,
298 2823 393 2879 trihus
409 2822 503 2879 amica
518 2821 606 2878 sactu.

746 274 912 338 uaxlcott
934 272 1222 338 ORIGENIANUM.

852 405 943 464 t'otiee
958 407 1112 463 iottcooas.

724 547 731 580 ¹
749 545 846 607 Κίνσος
861 545 910 671 So),
928 546 1085 636 ἀπογρρμρή.

724 614 846 692 Κίδσρις,
876 636 1002 693 κτρυχων
1020 635 1139 688 occepta.

725 688 783 750 Κίς.
800 686 930 762 σκληρὸς,
956 671 1140 764 περικέραλήν
1154 687 1194 757 (it)
1209 704 1257 762 φο-

760 758 905 836 ροῦμενος.

724 835 835 899 Κιτιεῖς,
864 827 973 906 πληγὴ,
1002 826 1020 899 ἥ
1045 825 1172 898 saccari
1203 827 1255 882 ἀπὸ

762 907 914 980 μεταφορᾶς
962 897 1153 961 Κιτουπόλεως
1205 904 1256 968 τῆς

760 973 880 1048 Κύπρου.

723 1040 853 1118 Κλήμης,
875 1041 1085 1114 ἐκκλησιαστής.

723 1183 824 1256 hatte,
840 1182 970 1242 ittoiaen.

723 1251 858 1328 Κόλυὸος,
875 1253 946 1318 εἶδος
972 1255 1154 1330 νομίσματος,
1172 1252 1229 1309 ὅθεν
1246 1257 1257 1290 ¹

758 1329 803 1382 καί
822 1322 992 1384 κολυὸισταί.

723 1393 839 1475 Κορὸἀν,
855 1399 1009 1477 προσφορὰ,
1025 1395 1124 1473 δῶρον.

656 1527 660 1534 ,
722 1469 861 1546 Κορίνθνς,
878 1468 1013 1525 πολιτεία.

722 1607 862 1739 Κίὲυμὸοι
886 1614 907 1680 ³,
930 1604 1073 1704 ἀνὰλαὸρι,
1097 1603 1115 1678 ἤ
1136 1611 1255 1723 ἀνακομ-

757 1681 1050 1827 κκίῖινίιι
1065 1700 1256 1815 attice

757 1823 829 1902 ἔχων
849 1821 1014 1902 ἀμφίκυρτα.

722 1897 831 1972 Κρίσος,
846 1901 948 1971 γνῶσις
964 1892 1075 1965 δυνατή.

721 1968 840 2042 Κύπρος,
861 1966 1029 2042 σκυθρωπίσ.

721 2043 875 2115 Κυριναῖος,
890 2036 1065 2130 κληρονόμος
1081 2038 1159 2114 ἀνήρ.

720 2107 814 2180 Κῶλσ,
829 2110 906 2188 φωνὴ
923 2111 1021 2164 antica.

720 2181 818 2306 Κρρτη,
847 2178 986 2252 κλήσεως,
1014 2178 1032 2250 ἤ
1061 2177 1187 2250 κτίσεως,
1214 2199 1256 2234 τε-

776 2271 904 2314 ειωσεως.

719 2320 841 2397 Κύψαλιν
858 2324 906 2398 (d),
924 2323 1032 2448 ἀγγρῖον
1048 2289 1182 2390 cinnatu.

719 2459 821 2534 Λσὸᾶν,
838 2462 1003 2538 λευκασμός.

720 2537 855 2660 Λάὲαρος,
875 2533 1142 2612 προσοοηθούμονος.

719 2614 756 2662 Aa
777 2601 867 2674 δαῖος,
883 2604 1005 2683 καρδία.-

719 2679 860 2751 tenentia
875 2682 920 2752 (e),
936 2674 1059 2753 αὐτόδωρ
1075 2680 1097 2736 ⁴.

720 2749 782 2820 Λία,
798 2747 963 2818 sociandi
980 2749 1173 2821 ἀνσνευομὲνη.

720 2817 877 2891 Λαοδικείσ,
893 2819 965 2899 φυλὴ
978 2822 1013 2894 (s)
1023 2817 1254 2899 apocptitcriieicot.

1756 261 1836 324 tatto

1475 397 1666 470 hieronymus,

1181 529 1191 540 '
1304 541 1426 597 Census.

1304 611 1425 668 Cidarie.

1304 683 1361 752 cie,
1378 698 1499 739 vomens
1515 681 1570 751 vir,
1586 685 1637 736 aut
1650 681 1752 736 durus.

1303 823 1413 891 Gittim,
1431 827 1574 891 amentes,
1603 821 1647 880 vel
1672 821 1836 894 stupentes.

1339 893 1489 966 contracti,
1506 899 1561 952 etc.

1304 1035 1447 1108 clemens,
1473 1035 1666 1104 ecclesiastes,
1691 1033 1751 1092 sive
1769 1049 1836 1097 con·

1339 1107 1482 1165 cinnatnr.

1303 1177 1397 1251 Gylaa.

1305 1249 1437 1324 Goiybos,
1451 1249 1574 1308 Graetom
1589 1257 1637 1306 est.

1304 1408 1428 1477 Cochen,
1443 1408 1562 1466 oblatio.

1303 1480 1473 1548 Corinthus,
1504 1478 1710 1538 conversatio:
1738 1477 1838 1538 Grata

1338 1548 1477 1617 recitatio,
1492 1556 1547 1608 etc.

1302 1621 1450 1696 Gcsymhi,
1468 1621 1594 1680 Graecom
1608 1625 1656 1678 est.

1301 1903 1432 1976 crispus,
1456 1903 1563 1971 scians,
1579 1901 1624 1958 vei
1644 1918 1835 1975 cognescens,

1303 1975 1437 2048 Cyprius,
1455 1975 1559 2043 tristia,
1577 1979 1629 2031 eut
1643 1991 1759 2032 moeror.

1305 2046 1458 2118 cyrenius,
1474 2045 1578 2112 hares.
1593 2048 1649 2102 etc.

1303 2117 1414 2188 eclam,
1429 2134 1485 2174 vox
1499 2132 1612 2174 corum.

1302 2190 1394 2258 Crete,
1410 2187 1583 2254 vocationis,
1593 2189 1646 2243 aut
1658 2187 1834 2257 vocatiaeta.

1303 2328 1451 2404 Cypsoiin.
1469 2327 1595 2388 Graeoam
1608 2335 1659 2388 ott.

1304 2471 1414 2542 haban,
1428 2469 1583 2530 candidae.

1305 2543 1440 2610 Lazarus,
1456 2542 1585 2614 adjutus.

1304 2613 1455 2680 Lenaeus.
1472 2613 1633 2670 corculum.
1649 2616 1705 2670 etc.

1304 2684 1709 2750 leviathamntiditamentum
1723 2697 1837 2744 acrama

1305 2755 1366 2822 Lia,
1381 2755 1537 2814 laboriosa.

1305 2826 1453 2894 Laodicia,
1466 2826 1560 2884 trihus
1579 2830 1677 2887 amata
1698 2824 1837 2884 Domini:

1340 2897 1837 2970 acemanecestriaeexspectato·

171 3044 316 3101 ¹Nuilum
332 3052 374 3101 eat
391 3058 497 3099 nomen
514 3041 612 3099 Cineae
640 3043 669 3099 in
693 3043 853 3116 Scriptura,
868 3042 957 3099 inter·
1011 3041 1096 3100 chius
1124 3060 1131 3099 τ
1161 3039 1321 3117 incripta,
1341 3046 1386 3102 καὶ
1414 3041 1570 3121 κίσσυμΰος
1588 3040 1761 3122 ὶγκόμὸωμσι
1791 3045 1838 3101 καί

153 3205 188 3246 ro
203 3193 257 3258 Κορ

132 3209 362 3332 {ascriptionem
377 3257 503 3330 primam
520 3257 626 3312 iactam

134 3333 185 3388 riae
215 3330 348 3404 preside,
379 3327 491 3402 putavit
522 3329 595 3385 torte
623 3328 812 3385 amanuensis
842 3329 960 3385 Graecus
1017 3325 1267 3404 Aliivotunttpxt

134 3401 282 3530 ἀπογρορή
300 3400 603 3527 interpretatumejus
619 3415 735 3456 nomen.
750 3399 846 3456 Nolim
861 3404 959 3454 tamen
1015 3398 1126 3454 nodum
1149 3402 1311 3470 constricti,
1326 3419 1384 3476 quo
1414 3405 1490 3460 servi
1518 3405 1685 3462 utebantur.
1705 3405 1742 3461 At
1769 3401 1839 3459 haio
1905 3453 1912 3466 ,

138 3479 245 3532 conten
269 3489 316 3529 ere
331 3473 360 3528 in
397 3471 474 3527 uhiis
490 3470 662 3528 annocentia.

132 3117 317 3257 pretatiopue
328 3115 422 3188 ipsius
438 3114 510 3170 satis
525 3115 623 3170 innuit
637 3112 732 3176 Κίνσος
748 3114 876 3199 pesitum
893 3130 958 3172 esso
1011 3111 1156 3189 περίζωμα
1184 3114 1347 3190 Αίγύπτιον,
1367 3118 1413 3173 καί
1437 3113 1635 3193 ὶγκομόοῖνοαι.
1652 3121 1741 3177 nocet
1765 3133 1838 3191 ergo

280 3204 356 3256 νιος;
372 3202 440 3242 nam
455 3202 522 3241 cum
538 3185 621 3241 Lucre
643 3187 727 3268 ¹¹2.2=
744 3193 887 3270 scriptam
907 3185 957 3253 sit,
1014 3185 1176 3258 Hesychius
1194 3187 1345 3260 Cosymtoo
1359 3190 1567 3272 intumentum
1582 3206 1647 3248 essa
1671 3189 1837 3316 Epyptinm

650 3257 740 3313 fuisse
755 3275 772 3314 n
786 3259 890 3331 Cyrmo
904 3258 958 3329 Sy·
1015 3261 1044 3312 et
1056 3262 1262 3315 ornamentum
1308 3262 1372 3318 nasi
1396 3263 1572 3320 innodatum
1599 3266 1629 3318 et
1655 3261 1699 3318 coi
1714 3264 1837 3334 rgatum.

1287 3276 1309 3386 ί

1271 3351 1291 3401 μ
1311 3351 1375 3405 ape
1393 3333 1484 3390 tuisse
1499 3350 1592 3408 genua
1614 3331 1782 3393 vestimenti
1806 3331 1838 3388 iu

1016 3469 1184 3550 opinionirc
1207 3477 1429 3547 ugnanteaquae
1442 3474 1573 3532 uenenis
1584 3475 1744 3546 subjuncta
1753 3477 1839 3542 σοιτίς

175 3543 362 3617 ¹Hesychius
387 3542 522 3600 meminit
541 3541 631 3612 hujus
659 3541 806 3608 diationis,
830 3539 960 3596 sedeam
1017 3556 1157 3596 nimirum
1193 3543 1417 3614 otymioeetiam
1441 3544 1534 3601 dictos
1557 3545 1688 3600 inaurato
1705 3544 1839 3616 quadam

137 3617 350 3687 interpretetur
363 3615 605 3670 commorationem
624 3611 684 3669 sive
698 3603 961 3676 vitiomstittaioc,
1017 3617 1198 3682 ornamenta,
1215 3613 1291 3670 sicut
1307 3613 1449 3686 μηνίσκος,
1466 3615 1516 3688 qui
1538 3618 1745 3672 ornamentum
1771 3613 1841 3670 dici·

139 3683 266 3748 επαολις.
282 3686 345 3742 Non
362 3685 612 3759 igiturscriptorie
627 3685 716 3740 Greci
729 3683 859 3755 veatigiis
874 3681 962 3736 inhae-
1016 3685 1066 3739 tur
1080 3681 1198 3750 collare,
1213 3685 1273 3741 sive
1287 3686 1389 3742 monile
1417 3691 1445 3741 et
1467 3693 1585 3758 torques.
1614 3687 1723 3744 Cetera
1741 3686 1839 3752 verba,

139 3775 270 3826 reamus,
287 3762 320 3812 ut
347 3773 416 3813 cum
446 3757 510 3830 ipso
538 3755 671 3828 legamus
696 3747 804 3815 attat<
837 3749 962 3810 etxoic-

138 3824 249 3898 trecea
267 3829 318 3884 sed
334 3844 400 3883 eum
416 3826 558 3900 Hesychia
571 3819 715 3886 Κίλλυὸος
730 3829 759 3882 et
772 3817 962 3878 κολλυδισταί.

139 3903 192 3958 Eat
205 3903 304 3958 autem
318 3891 459 3959 scitote<
466 3899 552 3971 juxta
561 3897 698 3954 eumdem
708 3897 883 3970 Hesychium
893 3889 963 3951 cito<

138 3969 322 4044 νομίσματος,
334 3968 380 4024 καί
405 3965 466 4024 tto
489 3972 529 4040 τῷ
552 3965 651 4043 χσλκὶμ
665 3967 870 4043 κεχαραγμένος
888 3963 963 4040 βοῦς,

140 4046 196 4100 hoc
210 4047 268 4112 est,
283 4043 385 4115 specitt
400 4042 586 4107 camaenas,
601 4041 627 4096 et
641 4041 671 4094 io
690 4055 742 4110 ooo
756 4038 880 4095 numulc
891 4053 966 4096 oeroo

139 4118 275 4197 impresso
291 4115 349 4169 emt
368 4113 459 4184 tmopo
488 4111 571 4168 tocie.
602 4103 787 4164 Κολλυίισταὶ
835 4125 910 4180 crrc,
930 4109 967 4165 de

139 4187 251 4260 quihus
268 4185 407 4257 frequens
423 4182 533 4240 mentio
547 4182 576 4238 in
601 4187 785 4239 sacrosancto
823 4179 966 4254 vangelio,

139 4258 287 4330 tropeaitae
301 4256 421 4314 inerunt
435 4259 464 4310 et
473 4253 668 4318 nummularii,
685 4254 734 4326 qui
747 4259 901 4326 argenteos
915 4269 967 4308 aa·

141 4345 242 4386 censae
258 4343 398 4384 nummos
413 4327 619 4398 permutabant
633 4324 766 4392 minatis,
778 4325 879 4397 quales
890 4323 967 4380 oholi

140 4405 224 4466 sunt,
242 4402 298 4456 ete.

178 4472 190 4506 ³
206 4469 334 4542 capati
348 4485 400 4540 pro
415 4467 495 4526 cottis
509 4467 694 4538 accipiuntur
707 4467 798 4523 Exodi
811 4465 967 4532 xxvru,uhi

140 4541 210 4600 rodi
222 4543 382 4598 tacituram
397 4555 432 4595 ec
457 4539 544 4611 ipseo,
571 4543 599 4594 et
614 4540 707 4594 matce
719 4537 798 4595 nodis
811 4539 968 4594 satereia.

140 4614 220 4670 Huic
234 4611 334 4669 sensui
350 4611 528 4667 conveniunt
541 4610 628 4666 verbu
653 4610 862 4682 consequentia
876 4609 906 4664 in
922 4623 969 4664 oo·

140 4685 339 4751 dioeGrae003
356 4682 447 4738 ncdoa
476 4681 554 4737 enim
581 4679 749 4753 significant
771 4685 848 4736 arcte
876 4685 971 4736 vestes

140 4756 356 4830 astringentes.
372 4757 412 4810 Dc
428 4752 559 4826 Cotymto
582 4759 680 4809 eutem
704 4750 765 4808 haec
779 4752 867 4808 hahet
880 4751 970 4821 Hesy-

184 4931 223 5002 (o)
239 4929 408 4987 Latinavox
430 4935 475 4986 est
499 4929 609 4998 Ceratas,
639 4947 726 5004 quam
756 4929 844 4986 Gracci
865 4929 970 4999 Κήνσον

144 5003 293 5070 scribunt,
310 5001 412 5057 Metth.
429 5019 487 5058 xvrr
502 5005 548 5071 25,
564 5008 592 5056 et
608 5020 676 5070 xxti,
704 5003 746 5071 17,
773 5002 816 5064 19,
834 5001 909 5074 quod
925 5018 971 5056 ve-

146 5073 268 5131 rissima
285 5077 417 5129 notatum
434 5078 479 5129 est
493 5073 612 5130 Clericc.

185 5145 223 5215 (ti
235 5144 345 5200 vitiose
360 5143 386 5200 ie
408 5149 472 5200 erat
486 5143 620 5200 Martiae.
642 5139 805 5220 περιμαλλίν
832 5159 883 5216 pro
898 5161 973 5216 περι·

146 5213 283 5291 κεφαλήν,
300 5215 378 5286 qttod
419 5216 487 5272 atie.
500 5217 636 5272 restituit.

187 5289 223 5355 (t)
240 5285 371 5355 Videtur,
388 5285 485 5359 inquit
499 5287 636 5354 Clericus,
658 5286 813 5359 legendum
829 5285 878 5347 ’ὡς
893 5285 972 5358 μηνί-

149 5377 227 5429 σκος,
257 5355 302 5412 tet
336 5375 425 5428 ωμοις
454 5359 573 5434 occipias
603 5358 767 5435 tparanete,
798 5365 828 5414 ttt
864 5358 972 5424 inattitt,

143 5443 209 5504 qaae
224 5429 254 5484 io
271 5427 394 5484 inumeris
407 5431 529 5486 continet
545 5430 620 5502 iipao
635 5433 763 5502 atriaque
777 5431 901 5498 incuruo,
913 5429 975 5500 qui-

145 5505 203 5558 bua
219 5513 307 5556 cnoro
323 5500 465 5556 nonnulla
479 5503 623 5558 teruntur,
639 5501 701 5565 Qun
724 5501 760 5556 ‹te
784 5517 814 5557 re
830 5501 894 5557 vide
908 5499 973 5557 Sui·

146 5574 217 5629 dam
242 5570 351 5626 AEmiiii
368 5571 457 5627 Porti.

186 5643 225 5714 (ti)
239 5643 373 5699 Martiae.
386 5659 421 5698 cx
435 5643 541 5701 vitiosa
558 5643 587 5700 in
604 5641 693 5716 Regio
704 5641 974 5698 codicelittcrarum

149 5713 306 5772 metathesi
322 5711 434 5787 legeret
449 5711 593 5788 Κίλυψινε
610 5714 827 5788 nunciavitque,
841 5713 976 5770 ttehraice

147 5801 269 5884 quidem
292 5785 339 5868 ²5:
370 5802 443 5878 toti,
460 5803 518 5864 dici
544 5819 593 5866 ott
620 5809 650 5866 et
676 5805 910 5878 instrumentum
926 5801 977 5864 aad

311 5929 445 5998 Panaca.
524 5931 565 5998 lit

1017 3751 1219 3836 quiacmninc
1248 3761 1385 3828 corrupta
1410 3757 1624 3829 depravataque
1652 3755 1792 3828 leguntur
1810 3754 1842 3810 in

1018 3824 1116 3880 codice
1150 3826 1352 3898 manuscripto
1385 3825 1494 3895 Gracc,
1524 3844 1583 3884 non
1604 3827 1841 3901 interpretamur.

1019 3895 1135 3952 Putavit
1148 3911 1226 3953 unus
1241 3913 1257 3954 e
1272 3896 1380 3956 nostris
1396 3896 1504 3987 lingua
1526 3896 1631 3954 Grecae
1659 3899 1773 3973 peritus
1786 3895 1845 3972 legi

1020 3963 1205 4040 posteritas
1222 3962 1320 4029 ὅσσους
1350 3964 1421 4044 ἔχων
1439 3968 1610 4048 αμφίκυρταε
1627 3973 1661 4026 ut
1681 3969 1720 4026 stt
1739 3983 1847 4028 sensus

1020 4037 1108 4095 aliam
1123 4053 1188 4096 esse
1215 4039 1487 4114 interpretationem
1513 4057 1573 4114 qua
1599 4038 1666 4095 κίσυ
1691 4033 1740 4102 6ος
1765 4041 1847 4098 acatia

1020 4110 1136 4166 dicatur
1148 4111 1249 4166 tatem
1264 4112 1398 4179 ocutos,id
1419 4117 1464 4169 est
1486 4113 1623 4179 oscitatio:
1639 4061 1787 4176 veietiom
1803 4107 1847 4165 κό-

1022 4173 1123 4254 captet
1152 4187 1239 4238 erunt
1267 4183 1349 4256 ligna
1369 4184 1405 4239 ad
1434 4200 1523 4240 onera
1552 4183 1776 4257 portandahcc
1801 4187 1848 4242 est

1022 4251 1190 4380 ρ’]μρίκυρτα.
1216 4253 1278 4309 Non
1307 4255 1472 4338 omittimus
1505 4255 1637 4340 tunicam
1665 4247 1845 4338 κοσυμὸωτὸν

1045 4324 1113 4381 xcdr
1128 4341 1225 4394 rxvru,
1242 4325 1267 4396 t,
1284 4340 1349 4382 ease
1368 4330 1497 4382 tumeam
1522 4342 1586 4382 cam
1599 4341 1696 4394 οιννισ,
1709 4342 1759 4400 qur
1774 4324 1849 4384 hena

1023 4395 1156 4469 dispositi
1172 4405 1342 4454 ornamento
1358 4397 1707 4454 auntveatibcs.consuie
1718 4399 1847 4470 August.
1963 4462 1969 4474 ,

1024 4469 1143 4536 Queat,
1160 4469 1209 4522 tta
1226 4467 1255 4522 in
1276 4467 1364 4524 Eroti.

1058 4539 1070 4573 ί
1083 4538 1138 4594 Pro
1154 4536 1227 4592 αὐτῶ
1252 4534 1350 4614 δῶρον,
1367 4538 1396 4595 id
1412 4541 1456 4595 est
1470 4539 1526 4612 ipsi
1538 4539 1650 4608 tionum,
1666 4539 1765 4611 posuit
1777 4539 1851 4596 i'orte

1025 4609 1150 4681 scriptor
1165 4610 1282 4666 Gracus
1298 4611 1420 4667 vernum
1437 4607 1561 4686 αίτίδωρ
1578 4609 1651 4667 nihii
1666 4610 1847 4684 significans.

1024 4680 1084 4736 Nisi
1098 4680 1248 4806 putaverit
1261 4683 1377 4739 octodor
1400 4681 1511 4739 dictum
1527 4681 1695 4752 Leviathan,
1711 4680 1796 4754 quasi
1811 4681 1851 4740 ait

1026 4768 1076 4809 rex
1090 4749 1105 4806 t
1125 4770 1164 4827 ωρ
1179 4767 1271 4824 oqaae.

1029 4931 1107 5016 unda
1122 4931 1225 5056 areop
1243 4933 1371 5056 συωοορ,
1388 4930 1509 5013 verbum
1538 4925 1670 5002 Κάλυψιν,
1686 4943 1718 4986 aa
1732 4943 1855 5052 properas

1028 5019 1271 5130 ttttttmtt
1285 5001 1854 5144 ttettttttdttttitttte

1029 5145 1111 5202 vocis
1126 5143 1269 5217 originem
1280 5159 1345 5200 csse
1356 5143 1555 5216 repetendam.
1588 5142 1667 5199 cilux
1679 5141 1730 5198 lih.
1746 5159 1775 5210 x,
1789 5157 1853 5216 cup.

1027 5234 1107 5278 xxtrt.
1125 5218 1265 5290 aegmtit.
1280 5215 1314 5268 τοί
1327 5214 1374 5286 μὲν
1397 5213 1450 5268 τῶν
1476 5209 1640 5286 ἡδυσμάτων
1670 5213 1768 5288 ἀγγεῖα
1783 5213 1854 5289 ἕρεις

1030 5285 1165 5360 Rhatiai.
1199 5286 1447 5352 continuatorem,
1475 5285 1517 5340 vet
1559 5287 1724 5350 aromatum.
1757 5301 1854 5342 coemt-

1029 5354 1292 5430 ίαιίίεοδΚνψίλσς,
1320 5355 1466 5413 Scatetioc.
1483 5356 1538 5412 Sed
1565 5362 1594 5412 et
1623 5353 1745 5425 πληκτὸν
1776 5356 1853 5414 idem

1030 5431 1165 5486 Martian.
1182 5427 1292 5502 legerat
1306 5445 1340 5485 ex
1365 5429 1434 5501 ch.
1465 5443 1522 5483 ma.
1539 5428 1615 5499 quod
1645 5428 1730 5484 vertit
1743 5443 1855 5501 pertat-

1030 5518 1093 5558 ενοι
1107 5517 1159 5585 pro
1173 5497 1301 5569 πλεκτόν,
1315 5500 1393 5572 quod
1408 5502 1453 5556 cst
1464 5499 1608 5573 plicatam.
1617 5499 1688 5557 Vide
1703 5499 1854 5556 laudatum

1032 5570 1356 5719 Ροίίίίίίείίιίιίιίῃροίοί
1378 5639 1531 5697 eonssctam
1551 5656 1652 5699 vocam
1667 5657 1703 5697 ex
1717 5639 1765 5697 his
1779 5639 1853 5693 dua·

1032 5734 1088 5793 bus
1102 5743 1147 5796 int
1166 5717 1207 5800 tt,
1223 5731 1249 5790 to
1263 5732 1361 5798 iitieo,
1377 5730 1433 5787 hcc
1460 5733 1505 5786 est
1529 5727 1602 5786 αὑτῶ
1625 5725 1718 5793 then,
1730 5722 1853 5784 centa.

1068 5805 1104 5884 (s)
1119 5805 1150 5868 in
1164 5803 1258 5868 Vatia.
1271 5797 1532 5894 προσριλικωίιίσσ,
1552 5817 1611 5862 ncn
1626 5799 1740 5860 diverso
1753 5806 1854 5858 senam

1656 5924 1692 5986 tt
