4096 6164
152 333 218 413 Ἢ
759 332 1123 412 ὒθΝῗΜἮῦΠΝΰΜ
1141 336 1215 408 tls.
1230 327 1263 410 i.
1801 341 1865 412 ΙΙΙ

154 473 517 548 neemia-auctoritatem,
531 479 564 536 ut
592 477 630 538 da
649 477 784 536 heretico
811 481 980 552 martyrem,
996 476 1224 544 Aretermmus.
1239 475 1534 552 Deniquadiximue:
1553 493 1565 530 a
1581 475 1666 549 bned
1685 481 1784 542 eatam
1802 479 1865 545 ela·

154 565 335 640 delirigenis
342 566 425 624 libris
433 567 635 626 hereticorum
654 567 800 626 adulteria
818 567 981 625 mentieris:
1037 571 1100 624 ctos
1114 584 1178 636 nes,
1194 571 1227 625 ut
1241 585 1374 626 essemus
1389 569 1483 628 sancti
1495 573 1524 626 et
1548 569 1730 628 immaculati
1760 587 1860 636 eoram

154 655 228 716 mibi
244 672 304 714 uun
318 655 418 714 licebit
446 657 596 730 disputare
610 658 646 714 de
670 657 777 722 verbis,
794 660 823 713 et
837 656 867 713 in
896 656 981 713 Com·
1037 656 1113 729 ipso,
1128 657 1184 714 hec
1198 660 1252 726 ost,
1268 658 1337 727 Deo,
1354 662 1421 716 ants
1436 658 1576 716 fabricam
1593 660 1707 726 mundi,
1735 664 1861 726 testatus

154 745 369 802 menteriernm
386 761 473 818 apere
488 745 607 802 Latinos
623 747 738 815 dooere,
754 747 832 819 quod
862 746 897 802 ab
926 745 981 802 He·
1036 746 1139 814 estad
1151 745 1366 818 prescientiam
1381 746 1862 820 Dsipertinet,euiomnialuture

154 833 245 890 breis
259 831 370 890 didici?
386 833 449 890 Nisi
462 833 542 891 enim
562 838 592 892 et
615 834 761 907 prolixum
785 839 873 902 asset,
889 838 918 892 et
937 851 981 892 re-
1031 835 1096 907 jam
1111 835 1187 892 iacta
1201 839 1280 904 suni,
1297 839 1326 892 ei
1338 840 1496 910 antequam
1527 837 1599 896 liant
1626 837 1763 896 universa
1788 844 1861 902 saul

157 921 272 978 deleret
282 919 516 995 gloriolam‚jam
533 939 611 980 nune
623 923 676 980 tibi
696 925 892 994 ostenderem,
910 924 981 997 quid
1036 927 1115 981 neta.
1132 925 1215 980 Siout
1226 929 1255 982 et
1269 925 1378 982 Paulus
1393 926 1456 999 ipss
1479 925 1706 998 predestinatur
1722 926 1752 986 in
1773 931 1855 990 utero

159 1009 752 1084 utibuushsbeatmagistrorum‚limina
766 1017 869 1083 terere,
890 1017 919 1070 et
937 1030 981 1070 ar·
1036 1013 1140 1072 matris
1154 1030 1231 1082 suae3
1249 1017 1278 1072 et
1304 1014 1447 1072 ieremias
1474 1014 1505 1072 in
1534 1014 1620 1074 vulsa
1649 1015 1861 1086 matilleetur,

158 1102 214 1156 lem
229 1098 592 1158 ebertidoibusdiscere:
610 1101 892 1176 atvidsresquanta
907 1102 981 1160 silve
1035 1102 1162 1176 eligitur,
1178 1103 1343 1171 roboratur,
1365 1107 1395 1160 et
1423 1103 1453 1158 in
1483 1105 1550 1177 type
1580 1102 1689 1160 Christi
1717 1102 1861 1178 prophete

155 1188 194 1244 sit
212 1188 293 1260 apud
318 1187 455 1245 Hebraeos
478 1189 686 1263 ambiguorum
710 1192 863 1248 neminum
892 1197 980 1264 etque
1034 1189 1172 1262 gentibus
1187 1189 1323 1246 mittitur.
1341 1211 1355 1240 »
1372 1193 1453 1248 Certe
1467 1190 1497 1248 in
1512 1188 1691 1263 expositione
1706 1190 1764 1248 isla
1791 1191 1858 1250 nul·

150 1276 320 1334 verberum.
332 1279 400 1344 Qua
422 1293 469 1334 res
493 1278 612 1336 diversa
628 1280 861 1354 interpretationi
886 1286 980 1338 mete·
1034 1276 1096 1336 lum
1111 1279 1222 1336 crimen
1236 1284 1296 1336 ost:
1313 1284 1343 1336 et
1358 1279 1480 1353 Origene
1494 1279 1608 1338 dicente
1632 1280 1790 1348 contrarie,
1806 1297 1861 1340 nos

150 1365 226 1422 riam
235 1366 379 1440 praebuit:
394 1366 465 1424 dum
482 1368 687 1442 unusquisque
701 1369 778 1426 inter
788 1369 888 1437 dubia,
900 1371 978 1443 quod
1033 1367 1267 1426 ecclesiasticum
1281 1385 1403 1425 sensum
1418 1369 1511 1426 secuti
1527 1385 1641 1426 sumus.
1659 1369 1859 1442 utquiacoae

149 1455 517 1528 sibieensequenliusldl.
538 1457 770 1530 convenientius]
788 1457 912 1526 videtur,
924 1458 979 1516 boe
1035 1458 1209 1514 mentitoris
1222 1463 1268 1515 est
1281 1457 1423 1530 cilicium,
1438 1457 1598 1516 multorum
1613 1458 1773 1516 sententias
1807 1474 1859 1531 pe·

147 1543 303 1602 :mrem
315 1544 391 1610 Quid
415 1545 452 1602 ad
481 1545 637 1620 peregrina
664 1551 693 1603 te
719 1547 829 1605 mitto?
856 1548 979 1605 Revolve
1033 1562 1112 1615 nare,
1128 1550 1158 1604 et
1171 1545 1225 1604 boc
1241 1563 1288 1604 me
1303 1547 1451 1606 iacturum
1466 1547 1496 1602 in
1519 1546 1692 1612 Prsiatione
1712 1545 1860 1620 premise-

147 1632 350 1704 aristotelem,
372 1637 401 1690 ei
421 1633 620 1693 Alexandrum
636 1637 803 1694 aristotelis
827 1637 978 1695 volumina
1033 1651 1108 1704 rem,
1123 1635 1210 1692 etiam
1226 1635 1372 1710 Origenia,
1389 1636 1501 1709 absque
1514 1635 1626 1692 invidia
1637 1635 1766 1694 neminie
1781 1636 1858 1708 ejus,

148 1721 369 1790 disserentem:
392 1727 422 1780 et
443 1729 554 1796 quanta
578 1725 785 1800 ambiguorum
815 1727 854 1783 sit
881 1727 975 1799 copia,
1032 1722 1265 1797 explanationem
1282 1725 1380 1796 posui,
1396 1725 1519 1782 dicans:
1534 1725 1643 1784 Αἵδε
1666 1723 1751 1782 dhus
1778 1740 1859 1795 vere,

146 1827 253 1868 comm
275 1810 401 1869 lectione
440 1828 620 1886 cognosces:
644 1819 678 1871 ut
713 1815 833 1873 tandem
857 1815 976 1874 desinas
992 1847 1017 1914 B
1033 1813 1084 1886 qui
1100 1813 1193 1870 Deum
1203 1816 1323 1886 justum
1339 1819 1463 1874 conatur
1477 1813 1641 1883 ostendere,
1656 1815 1734 1888 qued
1750 1829 1809 1874 nea
1823 1830 1859 1872 ex

148 1899 282 1958 amicum
297 1905 383 1958 tuum
399 1899 430 1980 in
451 1917 486 1958 eo
509 1902 731 1975 reprehendere,
756 1905 834 1978 qued
864 1919 900 1961 ns
924 1920 977 1977 per
1034 1901 1203 1975 prejudicio
1219 1903 1348 1960 scientia
1363 1920 1434 1974 sua,
1449 1904 1501 1962 sed
1515 1919 1550 1960 ex
1565 1903 1670 1962 merita
1697 1902 1859 1963 electorum

148 1989 304 2048 somnium
318 1989 439 2063 quidem
455 1989 614 2064 aliquando
629 1991 767 2050 didicisti.
1035 2007 1278 2064 unumquemque
1287 1991 1466 2067 eligat,dicit
1475 1996 1542 2050 ante
1555 1991 1687 2050 visibiles
1697 1995 1857 2062 creaturas,

187 2077 431 2146 2t.Cmmasatar,
447 2079 636 2153 coaptarem.
655 2082 766 2138 ¹-Sed
791 2082 861 2155 quia
883 2083 979 2139 Pauli·
1033 2079 1282 2150 coelum,tsrram,
1299 2079 1401 2151 maria,
1417 2081 1685 2155 stemniaquaein
1705 2081 1748 2138 eis
1777 2085 1857 2149 sunt,

153 2166 272 2222 nianus
283 2165 366 2223 hatur
379 2183 466 2226 meua
489 2168 525 2226 ds
539 2167 766 2228 Commentariis
784 2172 819 2228 ed
837 2171 978 2244 Ephesios
1033 2169 1212 2234 inissealiae
1227 2169 1389 2228 invisibiles
1403 2175 1564 2238 creaturas,
1577 2171 1607 2228 in
1623 2171 1732 2244 quibus
1750 2174 1780 2228 et
1794 2171 1858 2230 eui·

152 2254 290 2328 quadam
305 2255 339 2312 eb
363 2271 396 2313 eo
422 2257 601 2329 reprehensa
616 2260 753 2328 narravit,
774 2263 804 2316 et
824 2277 918 2333 peuce
944 2275 979 2316 ax
1032 2275 1107 2326 mas,
1124 2275 1188 2332 qua
1203 2261 1240 2317 ob
1255 2260 1399 2333 quasdam
1416 2276 1523 2317 causes
1540 2260 1667 2318 soliDee
1693 2263 1779 2318 natm
1806 2261 1857 2318 de-

147 2344 200 2403 his
214 2343 363 2402 memoriae
376 2345 508 2414 tradidit,
532 2347 665 2420 mihique
686 2348 751 2421 ipse
766 2348 979 2410 demonstravit
1026 2348 1112 2419 J'actae
1127 2348 1187 2404 sint
1202 2349 1351 2417 deorsum,
1365 2347 1395 2405 in
1410 2348 1515 2406 vellem
1533 2349 1621 2406 istum
1646 2347 1855 2422 lacrymarum,

145 2433 385 2500 loeanondsbeo
404 2434 626 2509 subterfugere:
647 2453 804 2510 qussoque
825 2438 975 2506 lectorem,
1030 2436 1061 2492 in
1076 2435 1173 2494 locum
1188 2437 1358 2495 afflictionis
1372 2442 1401 2494 et
1414 2437 1657 2512 peregrinationis
1679 2439 1797 2504 nostre,
1824 2436 1856 2494 in

144 2521 218 2580 atei
232 2520 355 2595 paululo
366 2523 395 2578 in
410 2524 609 2596 proponendis
627 2529 656 2582 st
673 2524 823 2583 diluendis
845 2526 976 2583 orimini-
1006 2541 1010 2554 ⁴
1031 2541 1088 2598 que
1104 2529 1225 2582 sanctus
1240 2526 1418 2582 constitutus
1434 2526 1547 2596 orabat,
1562 2530 1595 2582 ut
1610 2525 1646 2584 ad
1666 2525 1765 2584 sedem
1794 2525 1854 2600 pri·

143 2612 205 2670 bns
226 2610 344 2685 longior
367 2611 460 2680 luere,
487 2613 656 2670 necessitati
670 2615 720 2672 det
747 2618 822 2672 m
846 2616 974 2676 veniam.
1030 2612 1139 2670 stiuam
1155 2617 1357 2683 reverteretur,
1387 2613 1506 2672 dicens:
1536 2637 1551 2668 a
1580 2615 1642 2672 Heu
1670 2613 1755 2683 mibi,
1783 2613 1859 2687 quia

142 2702 209 2762 Nou
226 2701 307 2758 enim
322 2699 581 2773 alterumaccuse;
606 2705 656 2760 sed
680 2719 727 2762 ms
741 2704 820 2761 nitor
838 2705 974 2762 delenda·
1028 2701 1174 2760 incolatus
1208 2719 1292 2760 meus
1316 2703 1507 2777 prolongatus
1535 2708 1597 2760 ast:
1627 2702 1756 2762 habitavi
1784 2719 1857 2760 eum
1925 2727 1930 2734 ·

141 2807 185 2858 ra,
202 2793 232 2846 at
246 2789 394 2862 ebJeetem
409 2789 554 2848 hereseos
575 2791 755 2850 calumniam
779 2793 916 2852 refutare.
942 2796 974 2850 ln
1028 2790 1231 2864 habitantibus
1245 2791 1255 2828 ¹
1270 2792 1372 2861 cedar,
1388 2792 1515 2850 multum
1530 2793 1712 2867 peregrinata
1727 2795 1775 2849 est
1788 2791 1852 2850 aab

144 2877 313 2952 epistolem
329 2877 410 2936 Pauli
424 2880 461 2936 ad
483 2879 636 2954 Ephesios,
660 2882 719 2940 tria
740 2881 880 2956 Origenes
899 2883 974 2940 scri·
1028 2895 1077 2937 ma
1092 2896 1157 2938 maa
1172 2879 1259 2953 (Ptol.
1275 2897 1350 2953 cxix,
1365 2882 1404 2952 5).
1418 2903 1433 2932 »
1450 2883 1485 2938 iit
1511 2881 1689 2955 Apostolus:
1720 2903 1735 2934 a
1764 2878 1853 2946 lliser

144 2968 206 3041 pail
217 2965 384 3026 solamine.
400 2968 542 3042 Didymus
572 2986 688 3044 quoque
717 2975 746 3028 et
774 2971 974 3044 apollinarius
1027 2983 1080 3041 ago
1096 2968 1194 3039 bomo,
1210 2969 1277 3042 quis
1297 2986 1344 3026 ms
1371 2969 1507 3027 liberebit
1533 2971 1569 3027 de
1596 2985 1717 3043 corpere
1744 2969 1857 3030 mortis

144 3055 267 3131 proprie
280 3054 425 3128 opuscula
438 3057 604 3114 condidere.
618 3060 696 3124 Ques
709 3075 762 3134 ego
776 3059 820 3118 vel
845 3063 972 3120 transie-
1026 3056 1117 3129 hujus
1130 3058 1219 3131 litem·
1235 3075 1286 3126 vu,
1302 3059 1372 3126 2lil
1389 3081 1403 3108 „
1419 3062 1463 3128 Et,
1478 3081 1493 3110 «
1513 3057 1616 3118 Melius
1630 3062 1676 3116 eei
1689 3058 1806 3125 reverti,
1821 3060 1852 3116 θῑ

144 3144 287 3212 rans,vel
302 3144 435 3213 imitans,
451 3146 523 3218 quid
537 3145 568 3202 in
583 3147 705 3222 Prologo
720 3150 853 3220 eiusdem
874 3150 971 3223 operis
1026 3162 1091 3203 esse
1119 3162 1185 3204 eum
1216 3146 1330 3204 Christo
1359 3147 1492 3220 (Philipp.
1522 3165 1542 3220 r,
1568 3147 1625 3220 2³).
1655 3171 1666 3200 ι
1701 3147 1736 3207 itt
1758 3144 1848 3204 alibi:

143 3232 328 3307 scripserim,
343 3233 520 3304 subjiciam:
537 3234 636 3292 «illud
659 3253 777 3310 quoque
803 3240 834 3296 in
862 3217 1006 3296 arasa-G
1026 3257 1041 3285 «ι
1056 3235 1222 3308 Antequam
1250 3234 1431 3306 humiliarer,
1444 3251 1497 3308 ego
1512 3235 1627 3309 peccavi
1645 3235 1734 3308 (psal.
1749 3250 1847 3302 cmii·

142 3321 223 3386 hene
237 3337 423 3391 commoneo,
447 3326 480 3378 ut
494 3323 594 3382 sciatis
623 3324 776 3399 Origenem
806 3327 863 3385 tria
886 3329 971 3386 volu·
1024 3323 1081 3396 67),
1098 3345 1112 3375 a
1129 3329 1158 3382 et
1172 3327 1275 3382 cetere
1288 3324 1335 3380 his
1350 3323 1469 3394 similia,
1487 3341 1551 3398 qua
1566 3323 1687 3398 longum
1699 3327 1748 3388 ¹est
1774 3321 1848 3380 scri·

145 3411 362 3471 miaeinhenc
371 3410 534 3483 Epistolam
543 3414 764 3487 conscripsisse,
776 3433 863 3488 quem
874 3419 903 3474 et
917 3434 971 3474 nos
1025 3412 1132 3471 bere.»
1147 3411 1353 3470 Animadverte
1382 3413 1454 3486 quid
1483 3413 1625 3470 dixerim:
1655 3412 1740 3471 alius
1766 3427 1846 3480 vero,

145 3515 186 3556 ex
208 3503 294 3572 parte
320 3500 411 3556 secuti
442 3515 567 3558 sumus:
598 3501 812 3567 Apollinarium
840 3505 973 3564 etiemet
1026 3501 1077 3574 qui
1093 3501 1637 3573 Daumjustumcenaturestendere:
1654 3505 1776 3561 conatur
1801 3515 1849 3558 os·

149 3588 462 3659 Didymumqueadam
478 3588 739 3648 Commentariolcs
763 3592 901 3650 edidisse.
932 3595 974 3651 ux
1026 3590 1154 3659 tendere,
1175 3589 1308 3663 inquam,
1326 3607 1384 3646 nen
1400 3591 1540 3648 ostendii.
1572 3590 1603 3648 si
1629 3593 1728 3647 autem
1757 3589 1787 3646 in
1817 3603 1851 3646 eo

152 3673 345 3748 quibuslicet
356 3693 455 3749 pauca,
472 3677 694 3751 decerpsimus:
709 3684 739 3736 et
753 3680 894 3738 nonnulla
908 3698 973 3755 quae
1028 3676 1199 3735 scandalum
1216 3679 1335 3751 pateris,
1351 3695 1444 3751 quare
1458 3678 1634 3736 latissimam
1649 3676 1783 3750 Origenia
1793 3676 1867 3734 dia.

152 3763 240 3824 nobis
263 3763 442 3833 videbantur,
471 3766 635 3837 adjecimus
664 3768 726 3825 sive
754 3769 972 3828 subtraximus:
1028 3765 1209 3838 putationem
1236 3766 1315 3823 brevi
1343 3783 1479 3824 sermone
1508 3765 1793 3838 comprehenderim,
1822 3767 1856 3821 et

148 3851 350 3912 clauderes
364 3854 464 3912 statim
479 3855 510 3912 in
530 3855 674 3929 principio
702 3856 794 3914 lector
822 3864 974 3931 agnoscet,
1028 3853 1128 3911 lectori
1143 3870 1263 3910 sensum
1278 3855 1344 3927 ejus
1358 3854 1542 3927 aperuerim:
1560 3857 1647 3927 atque
1675 3870 1709 3911 ex
1734 3871 1768 3912 sc
1797 3852 1852 3910 tibi

150 3943 205 4002 hec
219 3959 298 4016 epus
312 3941 358 3998 rel
373 3943 502 4002 alienum
518 3959 593 4014 esse,
609 3945 652 4002 val
677 3950 811 4003 notrum
826 3947 975 4019 (Protopas
1029 3941 1161 4000 eccultus
1176 3941 1256 3998 illius
1275 3942 1375 4000 videor
1393 3959 1458 4000 esse
1473 3946 1608 4009 sectator,
1623 3942 1692 4016 quia
1716 3941 1796 4000 nibil.
1815 3941 1852 4000 eb
1895 3985 1897 3988 -

149 4030 303 4088 Commeat.
319 4033 351 4086 ia
365 4031 450 4103 Epist.
462 4031 501 4089 ml
515 4033 613 4105 Epist.
632 4034 669 4105 l»
685 4033 833 4106 Quidquid
850 4051 918 4109 erge
944 4036 974 4092 in
1029 4033 1189 4090 aedictum
1206 4032 1532 4105 praetermiserim,vide
1548 4034 1652 4090 nehee
1674 4032 1783 4093 idcirce
1810 4032 1854 4088 lb·

148 4119 358 4193 explanatione
370 4119 461 4192 hujus
476 4121 612 4194 Epistola
624 4121 686 4178 vitii
701 4124 829 4196 potuerit
854 4125 975 4182 damen·
1029 4121 1130 4188 serim,
1145 4123 1179 4176 ut
1192 4121 1319 4176 vestram
1334 4119 1512 4177 calumniam
1527 4119 1716 4187 declinarem,
1742 4134 1779 4176 na
1805 4133 1854 4176 ma

147 4208 250 4276 alred,
263 4209 290 4266 si
316 4223 370 4282 ego
390 4207 462 4268 illud
478 4210 508 4266 in
524 4210 633 4268 Grecis
659 4210 870 4285 voluminibus,
899 4215 977 4272 unda
1031 4208 1166 4267 diceretis
1180 4225 1243 4281 qum
1259 4209 1296 4265 ab
1311 4225 1344 4266 ee
1364 4209 1476 4266 fortiter
1497 4212 1568 4266 sunt
1596 4208 1684 4275 dicte,
1712 4205 1853 4272 tacuisse,

147 4296 339 4360 inhatinum
354 4298 543 4364 vorassem
562 4298 633 4366 dini,
662 4300 813 4358 ostendere
840 4319 898 4360 non
925 4319 975 4375 pe·
1031 4303 1060 4356 et
1074 4297 1157 4355 illum
1172 4298 1202 4354 in
1218 4298 1315 4356 Gracc
1331 4297 1481 4354 robustius
1495 4297 1656 4369 disputare.
1670 4294 1757 4354 Posui
1785 4308 1854 4367 erge

148 4389 247 4452 tuam,
275 4385 390 4444 crimen
417 4401 586 4458 agnoscam,
615 4392 644 4443 at
670 4403 771 4445 meum
801 4390 867 4458 erit,
898 4392 976 4464 quod
1032 4386 1141 4454 emnia,
1156 4385 1223 4444 licet
1246 4387 1373 4452 brevius,
1403 4403 1467 4459 qua
1494 4385 1526 4441 in
1554 4384 1664 4452 Graeoo,
1691 4381 1797 4457 reperi,
1822 4384 1855 4438 ut

147 4472 284 4536 Qum
295 4474 465 4532 nenluerit.
479 4479 590 4534 'remen
611 4492 648 4533 ne
671 4493 775 4534 rursus
803 4478 901 4536 videar
930 4497 977 4538 ce·
1032 4474 1106 4532 nihil
1120 4475 1262 4532 baberent
1276 4473 1414 4548 discipuli
1433 4477 1498 4546 elus
1527 4473 1604 4542 nevi,
1634 4472 1712 4546 qued
1740 4469 1856 4530 Latino·

147 4561 375 4630 villasi,ethaa
389 4563 587 4622 excusationis
606 4565 737 4638 atropha,
766 4568 891 4640 gradum
920 4585 978 4626 nen
995 4581 1100 4652 strum
1115 4565 1237 4622 auribus
1252 4564 1427 4638 ingererent.
1445 4561 1570 4621 Facilius
1582 4561 1661 4620 seim
1677 4565 1856 4635 numquam

147 4652 264 4712 audere
274 4652 417 4721 conterre,
435 4668 542 4725 ponem
555 4652 621 4725 ipae
635 4653 813 4724 testimonia,
838 4673 903 4728 que
931 4673 979 4714 vo·
1034 4653 1188 4726 repentina
1202 4651 1431 4710 contemnimus.
1444 4651 1584 4725 Exposita
1598 4654 1696 4709 eutem
1714 4651 1855 4723 interpra-

148 4745 260 4800 canum
273 4740 305 4798 ia
319 4741 442 4800 crimen.
1036 4742 1146 4800 tatione
1161 4742 1236 4813 ejus,
1253 4741 1322 4814 quid
1338 4742 1368 4797 in
1382 4742 1440 4798 fine
1455 4740 1576 4814 capituli
1604 4740 1777 4806 dixerimus,
1804 4753 1857 4794 aa·

187 4831 234 4886 22.
266 4829 491 4888 commentatoris
517 4829 652 4905 officiam.
685 4833 796 4904 Tempus
823 4835 982 4907 scriptionis
1036 4828 1152 4888 sculta:
1168 4850 1183 4879 a
1200 4831 1262 4886 Neu
1276 4830 1355 4886 enim
1370 4829 1411 4886 ait
1423 4830 1590 4916 Apostolus,
1605 4828 1694 4901 elegit
1713 4842 1766 4884 nes
1790 4827 1858 4883 anie

150 4919 422 4978 eunomianorum
460 4919 490 4974 ia
516 4919 669 4990 Epistulam
697 4920 734 4978 ad
756 4922 858 4992 apta.
888 4953 922 4964 -
947 4923 979 4979 ln
1036 4916 1275 4977 constitutionem
1288 4917 1402 4986 mundi,
1419 4934 1486 4974 cum
1502 4931 1635 4974 essemus
1655 4911 1858 4971 sanctiatim·

149 5006 251 5080 primo
266 5005 369 5064 stetim
378 5005 528 5064 volumine
541 5005 746 5064 testimenium
762 5008 855 5079 Pauli,
871 5010 902 5065 in
923 5027 981 5084 quo
1038 5005 1176 5064 maculati
1189 5023 1195 5060 :
1212 5027 1227 5058 a
1244 5007 1308 5074 ssd,
1326 5027 1340 5057 a
1355 5005 1445 5079 elegit
1459 5023 1513 5063 nes
1528 5009 1561 5062 ut
1574 5019 1707 5062 essemus
1722 5001 1818 5060 seneli
1830 5005 1859 5060 et

149 5093 303 5168 loquitur:
320 5117 335 5146 «ι
350 5093 535 5169 Sicutelegit
554 5112 607 5152 nos
621 5096 652 5153 in
669 5096 734 5170 ipse
750 5101 817 5154 ente
842 5101 983 5156 constitu·
1036 5094 1229 5164 immaculati,
1256 5117 1270 5145 a
1298 5094 1354 5151 boc
1381 5099 1435 5162 est,
1465 5094 1516 5166 qui
1545 5091 1639 5148 sancii
1666 5094 1696 5148 et
1715 5090 1859 5149 immacu·

149 5183 268 5244 besem
283 5185 407 5244 mnndi:
424 5187 607 5242 atessemua
625 5185 719 5242 sancti
748 5188 777 5242 et
802 5187 983 5246 immaculati
1036 5185 1088 5244 lati
1104 5188 1171 5242 ente
1186 5200 1244 5241 nen
1265 5182 1386 5249 luimus,
1413 5186 1446 5239 ut
1473 5184 1576 5256 postes
1603 5196 1748 5240 essemus.
1778 5181 1861 5248 Quod

149 5287 257 5334 curam
271 5271 336 5346 ipso
351 5273 458 5346 (Epire.
474 5289 495 5339 1,
509 5272 548 5344 i),
567 5295 577 5322 ι
597 5272 641 5330 εἰε
657 5272 839 5347 interpretati
867 5293 982 5344 sumus,
1037 5279 1066 5333 et
1080 5275 1115 5330 ds
1126 5273 1329 5346 peccatoribus
1344 5273 1380 5329 ed
1397 5270 1520 5328 meliore
1547 5269 1695 5328 conversis
1722 5268 1781 5328 dial
1809 5286 1861 5344 pc·

149 5363 191 5420 ul
202 5359 378 5420 electionem
394 5377 452 5418 nen
464 5361 551 5434 juxte
574 5359 730 5435 Origenem
743 5379 845 5420 sorum
873 5363 984 5422 dicere·
1038 5368 1115 5432 test:
1131 5367 1160 5420 et
1174 5363 1264 5420 stabit
1274 5360 1325 5418 illa
1340 5361 1505 5418 sententia:
1521 5383 1534 5410 «
1556 5363 1620 5417 Non
1646 5357 1862 5432 Justilieahitur

151 5465 237 5520 mus,
254 5449 305 5522 qai
320 5449 403 5522 prius
417 5449 552 5520 luerent;
570 5451 621 5508 sed
637 5451 673 5508 ad
690 5451 740 5507 Dei
770 5453 984 5524 prescientiam
1038 5452 1068 5508 in
1079 5455 1237 5524 conspectu
1250 5454 1301 5506 tuo
1330 5448 1428 5508 amuis
1453 5449 1552 5508 vivens
1576 5448 1664 5518 (Psoi.
1680 5462 1766 5518 exau,
1780 5447 1828 5520 lt);
1847 5467 1863 5496 o

194 5661 206 5699 ¹
220 5661 292 5721 ch.
307 5677 386 5724 unus
400 5661 595 5735 cisterciens,
608 5677 675 5723 cum
689 5663 913 5726 radiationibus.
