4064 6158
160 289 237 360 aaa
795 281 828 352 S.
853 276 1008 362 uastati
1026 276 1264 360 sesamam.
1331 333 1336 340 -
1820 283 1883 358 200

170 430 229 479 tum
242 429 270 480 et
284 436 391 495 omnem
407 419 572 494 potestatam
585 418 612 478 et
639 421 783 476 uirtutem.
806 423 917 500 oportet
930 421 1006 486 caim
1019 426 1045 492 Α
1061 424 1123 478 tera
1137 436 1204 479 vera
1219 421 1325 477 nostrae
1340 413 1540 492 intelligentia
1556 413 1730 493 derelinqui.
1746 419 1777 482 Si
1801 421 1881 490 enirn

169 512 253 582 ,itum
267 509 487 583 repausadcaec
498 516 691 580 ponatomaes
716 509 845 564 inimicos
859 509 908 564 aab
920 509 1004 580 pedi·
1059 508 1155 565 adhuc
1178 508 1286 578 recenti
1308 512 1450 581 tempore,
1474 508 1639 577 viventibus
1662 509 1709 566 his
1731 509 1782 582 qui
1801 509 1881 570 vide-

169 599 311 672 basejus;
326 599 421 654 omnia
445 599 522 654 raim
547 597 598 654 sub
619 597 737 671 pedibus
758 598 965 669 oimsrrbjeoit¹
980 597 1004 670 (l
1058 601 1124 653 rent
1152 597 1281 670 Moysen,
1311 596 1479 670 sepulcrum
1513 597 1577 670 ejus
1609 598 1705 670 potuit
1742 598 1881 672 ignorari,

168 687 289 759 Comes,
305 686 351 755 23,
365 687 423 758 26.)
438 686 518 753 Esto,
533 685 572 742 de
598 686 718 743 bomine
741 685 853 742 dictum
876 684 924 754 sit,
944 701 1001 746 nan
1057 684 1150 742 multo
1182 685 1278 758 magis
1302 684 1483 758 totsaculis
1510 685 1764 758 pretereuntibus.
1793 685 1883 752 iusta

167 791 310 850 negamus
325 776 361 842 de
376 791 409 832 co
425 775 476 848 qui
491 791 598 848 passus
615 779 661 832 est
683 790 811 842 crucem,
829 774 879 846 qui
901 779 1002 847 postea
1056 775 1134 847 quod
1149 779 1178 830 ct
1192 772 1266 830 illud
1282 773 1455 847 intelligitur
1479 774 1514 832 ds
1529 774 1649 847 tossph,
1662 773 1881 848 ,Suaugslistam

167 863 568 937 sederejubeturadaatris.
594 863 668 930 uuio
695 863 750 921 sibi
775 862 838 923 vult
852 863 907 920 hoc
922 864 999 936 quud
1056 862 1084 920 id
1108 861 1264 932 Indicasse,
1290 863 1326 920 ds
1350 879 1408 934 quc
1431 862 1603 928 scandalum
1621 864 1879 937 ,poteratmaveai

171 954 220 1010 eit.
240 954 348 1026 Oportet
372 955 448 1011 enim
462 954 544 1010 tttroa
558 969 685 1025 repauso,
701 953 786 1010 donec
807 956 894 1024 ponat
908 968 1000 1012 macas
1054 967 1113 1008 non
1127 967 1193 1020 eom
1210 951 1358 1024 cognitum
1382 967 1474 1016 essee
1490 952 1552 1012 viro
1574 968 1627 1018 auo
1651 953 1797 1024 usquead
1812 969 1879 1025 btr-

170 1044 298 1100 inimicos
314 1042 363 1098 aab
376 1041 490 1114 peditus
503 1041 585 1114 ojus?
609 1040 760 1114 Numquid
776 1041 879 1098 tandiu
894 1057 999 1115 regne·
1054 1044 1128 1107 tum,
1145 1044 1178 1098 ut
1192 1040 1285 1096 multo
1301 1039 1397 1112 magis
1410 1038 1641 1114 intelligeremus
1657 1041 1804 1119 cognitam
1819 1031 1892 1108 non,

169 1137 257 1189 turus
271 1136 317 1188 est
331 1130 486 1199 Dominus,
507 1131 600 1186 donec
626 1129 771 1202 incipient
796 1146 860 1187 esse
885 1129 997 1187 inimici
1052 1128 1145 1186 tuisse
1158 1133 1225 1201 post
1239 1133 1368 1202 partum,
1385 1144 1475 1202 aqua
1487 1134 1558 1186 tunc
1582 1147 1613 1190 se
1638 1129 1793 1197 abstinuit,
1809 1146 1877 1198 cum

169 1219 227 1277 sub
241 1219 366 1292 pedibus
390 1219 474 1290 ejus;
499 1222 528 1274 et
542 1222 699 1291 postquem
726 1217 768 1274 illi
793 1219 850 1274 sub
874 1218 998 1291 pedibus
1052 1217 1148 1274 adhuc
1162 1217 1197 1274 de
1211 1217 1322 1275 visione
1337 1221 1453 1290 potarat
1467 1217 1620 1284 lluctuare.

170 1308 289 1374 tuerint,
317 1322 439 1380 regnare
453 1305 594 1363 desistet:
611 1322 679 1362 cum
694 1307 797 1380 utique
817 1309 888 1362 tunc
903 1306 997 1380 magis
1086 1307 1114 1360 8.
1128 1305 1172 1362 Ad
1187 1321 1347 1373 summam,
1372 1304 1445 1372 illud
1469 1306 1598 1378 requiem
1623 1322 1715 1375 quere
1734 1323 1767 1364 ss
1786 1307 1877 1376 absti-

169 1411 292 1470 regnare
306 1394 436 1466 incipiet,
452 1411 521 1455 enm
543 1394 656 1452 inimici
684 1395 826 1468 coeperint
852 1411 916 1452 cese
941 1395 996 1452 sub
1051 1394 1149 1450 nucrit
1162 1393 1270 1466 loseph
1287 1409 1381 1466 usque
1397 1393 1432 1449 ad
1447 1398 1551 1466 partus
1575 1394 1663 1462 diem.
1679 1395 1878 1468 Respondebit

168 1486 318 1560 pedibus?
331 1485 421 1542 David
438 1499 554 1557 quoque
573 1483 603 1540 in
629 1489 735 1556 quarto
756 1484 902 1556 graduum
918 1483 995 1556 psal·
1051 1482 1163 1554 utique,
1187 1481 1258 1554 quia
1281 1481 1418 1555 angelum
1455 1482 1582 1542 audierit
1611 1483 1775 1552 dicentem:
1793 1485 1878 1554 ,Quod

167 1591 235 1632 mo:
259 1575 339 1632 Sicut
361 1573 435 1632 acuti
455 1572 568 1630 assuta
589 1574 621 1628 ia
645 1573 774 1628 morsibus
788 1573 906 1630 domina
927 1589 994 1642 aas,
1050 1573 1125 1626 asim
1138 1574 1169 1627 s'n
1185 1587 1216 1628 ea
1233 1580 1330 1631 catum
1345 1580 1394 1638 est,
1414 1571 1448 1627 de
1467 1571 1574 1644 Spiritu
1591 1581 1686 1640 soaao
1706 1577 1747 1637 est
1770 1573 1877 1646 (dotto.

168 1664 208 1720 tu
229 1662 303 1720 couti
323 1663 410 1720 nostri
429 1659 465 1717 od
484 1661 630 1716 bominum
654 1661 741 1718 lleam
760 1664 893 1729 aostnrm,
913 1661 996 1718 donec
1050 1677 1070 1728 1,
1086 1662 1144 1730 20.)
1157 1661 1200 1716 Ad
1218 1660 1297 1733 quod
1311 1677 1364 1718 nos
1389 1661 1554 1730 interimus,
1578 1666 1608 1719 ct
1632 1665 1709 1728 certe
1731 1663 1876 1732 audierat,

165 1754 331 1810 misereatur
359 1752 447 1808 nostri
479 1750 565 1822 (Psoi.
595 1766 683 1815 cxxii,
712 1751 752 1823 3.)
780 1751 855 1823 llrgc
888 1749 1326 1852 taudiuBtosepb,fitillanid,
1350 1750 1500 1808 netimeas
1523 1751 1788 1822 acciperettariam
1808 1767 1879 1832 aaa:

167 1840 310 1914 Propheta
338 1838 439 1896 oculos
464 1836 585 1895 babebit
613 1839 649 1895 ad
678 1839 847 1908 Dominum,
864 1839 994 1911 quandiu
1049 1854 1109 1895 rem
1123 1845 1199 1896 tuam
1220 1838 1299 1910 (ibid.
1315 1839 1373 1910 20,)
1397 1838 1581 1906 Prohibitum
1603 1838 1630 1896 si
1654 1839 1750 1904 tumet
1769 1855 1806 1904 ps
1831 1855 1877 1906 rs-

166 1928 401 1988 misericordinm
417 1927 566 2002 impetret,
581 1932 611 1984 et
625 1931 693 2000 pust
706 1927 894 2000 impetratam
911 1928 996 1986 mise·
1049 1927 1207 2001 linqueret,
1224 1943 1260 1984 ne
1271 1925 1435 1998 adulteram
1451 1926 1773 1992 existimaretuxorcm·
1783 1927 1878 1996 ,Nutu-

166 2018 336 2087 riccrdiam,
361 2016 462 2074 oculos
486 2018 636 2091 torquebit
664 2017 694 2073 in
723 2017 854 2074 terram?
881 2017 936 2081 Qui
964 2018 994 2074 in
1050 2016 1120 2089 quid
1146 2021 1176 2073 et
1199 2033 1216 2073 a
1237 2031 1395 2089 congressu
1425 2015 1559 2088 conjugis
1585 2020 1739 2089 separatus
1768 2017 1874 2087 tuerat,

167 2107 224 2166 elio
249 2107 313 2166 loco
337 2107 426 2163 dicit:
451 2105 531 2162 Oculi
552 2109 607 2164 met
629 2107 791 2178 detererent
821 2107 852 2162 in
874 2107 996 2164 satutare
1049 2121 1116 2161 cum
1133 2105 1234 2178 utique
1249 2122 1285 2161 ne
1300 2109 1486 2177 separaretur
1500 2103 1595 2177 megia
1611 2105 1715 2171 luisset
1740 2105 1876 2185 admcqi-

165 2204 244 2254 tuum
257 2201 285 2254 et
299 2198 329 2253 ia
344 2195 459 2252 uerbum
468 2197 589 2267 jsutitia
605 2204 663 2254 tuno
681 2195 768 2267 (Psat.
793 2211 893 2263 mviii,
918 2195 993 2262 425.)
1049 2192 1121 2248 tus‘t
1137 2194 1171 2250 at
1185 2194 1322 2260 audebat,
1339 2194 1447 2266 inquit,
1472 2194 1515 2250 vir
1535 2195 1647 2266 justus,
1671 2193 1722 2252 Dei
1745 2194 1776 2255 in
1792 2199 1875 2258 utero

166 2291 302 2343 Poteram
317 2301 405 2357 super
419 2285 474 2342 huc
489 2283 715 2342 innumerabilia
738 2283 870 2356 exempla
889 2299 994 2356 cunge-
1049 2281 1173 2340 audiens
1187 2282 1292 2348 illium,
1310 2283 1346 2342 dc
1362 2283 1460 2338 uxoria
1474 2282 1551 2338 coitu
1572 2283 1723 2357 cogitaret
1737 2281 1873 2354 Pulchre.

170 2391 242 2444 rare,
259 2378 289 2430 et
304 2389 420 2432 omnem
435 2372 608 2430 lacessentis
628 2372 844 2446 procacitatem,
860 2373 994 2430 testimo·
1050 2371 1104 2436 Qui
1119 2387 1189 2445 erga
1205 2371 1319 2428 samnio
1334 2375 1449 2428 tantum
1466 2371 1598 2440 credidit,
1622 2377 1655 2428 ut
1678 2388 1797 2434 oaorem
1813 2389 1874 2438 nun

166 2463 284 2522 nicrum
300 2461 506 2530 nubecclare;
536 2479 637 2519 verum
666 2463 763 2519 adbuc
788 2478 881 2534 pauca
900 2461 992 2533 subji-
1049 2460 1125 2522 218
1155 2460 1275 2518 auderet
1303 2460 1464 2533 attingere:
1496 2460 1521 2516 is
1549 2464 1704 2533 postquem
1721 2465 1873 2534 pasturum

166 2551 274 2621 cinm',
291 2557 324 2608 ut
338 2551 385 2608 bis
401 2549 510 2612 similia
524 2549 586 2622 ipse
601 2551 658 2606 sibi
673 2549 765 2608 lector
783 2550 920 2608 iuveniat.
1048 2565 1116 2606 vcce
1130 2553 1312 2622 cognoverat,
1333 2548 1472 2622 angelum
1496 2548 1611 2612 Domini
1634 2549 1749 2613 venisse
1764 2550 1800 2608 de
1814 2567 1874 2617 aa·

201 2641 228 2696 7.
246 2639 389 2710 Loquitur
403 2639 433 2693 in
457 2637 562 2694 Genesi
584 2655 681 2694 sermo
705 2638 840 2696 divinus:
857 2640 891 2694 lit
904 2639 991 2695 tradi·
1047 2637 1095 2705 lis,
1110 2642 1140 2694 et
1154 2637 1263 2702 dixisse
1279 2639 1315 2695 ad
1335 2655 1404 2695 eos:
1428 2639 1520 2696 Nolite
1536 2639 1654 2708 timum
1673 2654 1732 2702 ecoe
1754 2655 1874 2713 maaga-

165 2728 265 2786 aarum
291 2727 376 2786 Jacob
399 2726 461 2783 deos
488 2727 603 2793 alienos,
634 2729 683 2798 qui
710 2732 791 2784 ornat
817 2729 848 2784 ia
862 2730 991 2788 rnoaibua
1047 2726 1329 2796 timocliaoaurtium
1347 2741 1489 2796 monam,
1510 2725 1580 2797 quot
1595 2729 1652 2790 ,erit
1666 2728 1743 2792 omui
1760 2728 1871 2799 poputo,

164 2832 270 2888 aarum,
285 2817 438 2873 etiacures
456 2831 517 2886 qua
536 2824 618 2872 erant
639 2817 670 2872 ia
686 2817 822 2872 nummatis
838 2832 943 2874 eorum.
959 2819 992 2874 Et
1046 2817 1112 2887 qaia
1131 2819 1274 2872 natusest
1296 2814 1372 2873 nobis
1399 2815 1480 2872 bodie
1505 2815 1639 2883 Salvator,
1660 2818 1709 2889 qai
1736 2824 1777 2874 est
1792 2815 1873 2882 Ctesi·

166 2905 310 2964 abscondat
322 2906 377 2961 eo³
398 2905 480 2962 tocob
501 2905 593 2964 subter
613 2905 809 2974 terebinthum,
825 2920 888 2978 quae
905 2909 945 2962 est
959 2908 990 2962 ia
1043 2912 1103 2960 stru
1121 2905 1232 2960 llomini
1254 2904 1285 2959 ia
1300 2904 1410 2960 ciuitate
1428 2903 1514 2960 llauid
1542 2904 1618 2976 (buc.
1638 2921 1670 2972 ιι,
1697 2904 1742 2976 lb,
1761 2905 1871 2978 soqp.):

166 2994 306 3063 Sirbimis,
329 3002 354 3050 st
375 2991 497 3066 perdidit
520 3009 552 3050 ea
578 3009 663 3066 usquc
677 2996 708 3049 in
730 2994 893 3052 maternum
915 2994 989 3052 <tima
1045 2998 1073 3048 et
1092 3009 1159 3048 cum
1185 3007 1218 3050 co
1242 2991 1345 3048 laudes
1373 2992 1484 3052 militia
1510 2993 1695 3052 concinuisse
1723 2993 1870 3055 salutis:

165 3083 243 3158 (aas.
271 3083 385 3154 xerat
408 3083 477 3156 sea)
504 3083 580 3140 212
609 3083 679 3140 llam
708 3083 736 3140 in
764 3084 822 3140 llns
851 3088 988 3142 uenter-o-
1046 3081 1142 3140 Gloria
1151 3083 1181 3137 ia
1195 3081 1382 3151 saraballae,
1404 3086 1526 3154 ctsuper
1547 3091 1649 3145 terram
1671 3099 1729 3155 poso
1752 3081 1872 3146 transat-

166 3173 277 3230 numil:
300 3173 333 3230 Et
355 3172 498 3243 defunctus
519 3179 559 3228 ert
580 3173 683 3244 ltoyses
705 3189 799 3228 seruus
822 3173 932 3230 llomirrr'
959 3151 1025 3230 tnG
1045 3173 1094 3228 bars
1114 3171 1193 3230 boare
1210 3172 1374 3228 uoluntatis:
1391 3171 1442 3243 qui
1466 3171 1632 3230 Simeonem
1652 3172 1768 3244 justum
1793 3172 1873 3252 inter

165 3270 241 3320 terra
258 3261 333 3318 tloob
344 3277 395 3332 per
417 3262 530 3318 uerbum
551 3261 671 3330 Domini,
696 3270 722 3318 et
738 3263 906 3334 sepelierant
926 3277 991 3318 eum
1045 3259 1871 3333 amplexus-parvulivideratpraedicantemdluacdtmit-

165 3353 197 3408 ia
213 3349 288 3426 Getis,
310 3365 397 3422 prope
416 3349 526 3406 marum
548 3351 664 3422 Pbooor,
688 3354 714 3408 et
736 3366 815 3407 nemo
838 3353 888 3408 scit
902 3351 992 3423 sepul·
1043 3350 1081 3404 tis
1094 3365 1204 3406 seruum
1224 3357 1311 3414 tuum,
1337 3348 1461 3414 Domino,
1486 3348 1634 3407 secuudum
1655 3349 1768 3409 cabaa
1790 3352 1871 3414 taran

165 3457 244 3498 crum
269 3441 328 3509 eius
355 3455 440 3511 usque
468 3441 497 3494 ia
525 3437 599 3495 otiam
627 3441 710 3496 istum
737 3440 827 3512 (boat.
851 3457 945 3508 xxxiv,
961 3443 990 3510 6,
1045 3441 1074 3492 irr
1105 3453 1190 3509 paco:
1214 3439 1280 3509 quio
1306 3437 1433 3496 sternat
1462 3439 1536 3494 ocuti
1562 3441 1619 3496 met
1642 3439 1765 3496 satutare
1792 3447 1872 3506 turea

165 3545 209 3586 aec
231 3529 321 3602 Lxx.)
345 3529 427 3584 Certe
459 3528 618 3586 hodiernus
642 3528 705 3586 dica
738 3528 819 3584 illius
849 3529 990 3602 temporis
1044 3525 1267 3599 (itiaetzpqui
1286 3527 1401 3588 Annam
1426 3526 1652 3599 prophetissam,
1669 3543 1782 3600 magas,
1799 3526 1874 3588 stal-

166 3617 356 3676 estimandus
385 3621 440 3687 cst,
466 3633 525 3690 qua
552 3617 677 3674 historia
702 3616 768 3690 ipsa
787 3621 989 3687 contextaest,
1043 3616 1113 3682 lam,
1141 3613 1294 3684 Herodem,
1323 3615 1442 3688 angelos
1480 3616 1613 3683 viderat;
1644 3615 1707 3688 qui,
1735 3616 1871 3688 inquam,

133 3769 135 3781 Ι
166 3709 225 3764 sive
240 3707 486 3782 Moysen⁴diccre
511 3706 637 3764 volueris
662 3709 811 3764 auctorem
839 3707 990 3764 Pentateu·
1044 3701 1284 3760 miraculatanta
1299 3702 1547 3775 cognoramus
1572 3702 1727 3776 templum,
1742 3703 1875 3776 Spiritus

165 3796 222 3866 chi,
248 3796 308 3853 sive
336 3797 438 3852 lteram
463 3796 595 3867 ejusdem
623 3797 849 3855 instauratorem
883 3796 990 3869 operis,
1045 3792 1139 3848 sancti
1155 3791 1266 3859 sedem,
1290 3791 1403 3848 Domini
1428 3791 1476 3848 sui
1500 3791 1622 3851 Matrem
1644 3792 1873 3872 eudebetettin·

166 3899 223 3941 nun
239 3897 353 3940 recuso
378 3884 461 3940 Nunc
487 3885 539 3940 boc
565 3884 715 3957 quaritur,
741 3903 777 3942 an
803 3884 832 3941 id
852 3885 928 3958 quod
944 3885 988 3942 di·
1044 3881 1134 3956 geret
1149 3881 1185 3936 Et
1198 3884 1275 3938 certe
1288 3881 1383 3937 Μανία
1396 3879 1573 3940 conseruabat
1594 3883 1689 3940 amaia
1704 3881 1784 3944 uerbo
1796 3880 1874 3958 tuac,

165 3976 244 4030 ctum
261 3977 317 4042 est,
330 3989 415 4045 usque
430 3975 461 4030 ia
475 3972 547 4030 diem
569 3975 664 4040 istum,
690 3975 725 4032 nd
752 3973 832 4030 illem
845 3974 992 4032 reseratur
1043 3971 1228 4041 conferentia
1247 3968 1388 4025 sordesco
1404 3968 1568 4042 (tuimet.)
1593 3971 1632 4026 dc
1659 3985 1695 4026 nc
1710 3969 1876 4050 impuden-

164 4065 290 4128 mtatcm,
307 4078 366 4134 qua
380 4060 446 4117 libri
463 4061 533 4118 editi
548 4062 609 4118 sive
624 4063 782 4136 conscripti
796 4066 875 4119 sunt.
886 4063 993 4123 Doceat
1045 4063 1090 4114 ter
1104 4057 1161 4130 [rt.
1177 4056 1389 4130 imprudenter]
1405 4074 1493 4132 neges
1507 4057 1564 4120 ista
1579 4059 1729 4131 ignorasse
1741 4058 1851 4134 ioseph
1865 4075 1873 4117 :

150 4146 255 4221 'igitur
268 4156 335 4221 post
347 4148 429 4207 illam
447 4148 524 4206 diem
546 4153 589 4206 tot
608 4151 671 4221 jem
688 4167 831 4206 annorum
847 4151 990 4222 usquead
1045 4147 1079 4202 at
1091 4150 1181 4212 erant,
1196 4144 1295 4217 inquit
1309 4145 1411 4214 Lucas,
1431 4155 1511 4218 pater
1533 4146 1611 4207 itlius
1631 4151 1659 4202 et
1675 4154 1763 4204 mater
1776 4145 1876 4206 atmi-

165 4255 218 4296 nos
232 4229 431 4299 voluminibus
453 4238 573 4306 exactis,
595 4244 646 4296 aut
661 4237 749 4306 idola,
767 4255 830 4310 qua
845 4239 901 4295 sub
917 4243 991 4294 tare·
1045 4241 1139 4294 rantes
1152 4251 1235 4308 seper
1250 4234 1293 4290 tris
1308 4251 1370 4307 qua
1385 4235 1549 4294 dicebantur
1561 4236 1595 4294 ste
1609 4251 1649 4294 co.
1665 4234 1782 4296 bicettu
1794 4236 1877 4297 missa

165 4326 268 4386 bintbo
282 4325 399 4384 condita
423 4327 548 4392 lucrant,
574 4331 700 4400 reperta,
719 4330 770 4384 aut
785 4325 877 4399 Moysi
892 4331 990 4384 tumu-
1044 4324 1228 4398 impudentia
1244 4323 1349 4382 bacin
1365 4323 1473 4382 Grauis
1491 4324 1662 4383 codicibus⁸
1681 4325 1875 4386 talsatacun·

39 4463 46 4477 .
155 4415 226 4475 ,lum
247 4415 466 4488 investigatum,
482 4416 552 4487 quia
574 4414 678 4472 obnixe
695 4414 811 4480 asserit,
828 4419 895 4488 past
908 4415 992 4472 donec
1044 4414 1160 4483 tendas,
1176 4430 1240 4486 qua
1264 4429 1323 4473 uon
1348 4413 1445 4470 solum
1469 4429 1572 4474 omnes
1587 4429 1659 4487 pens
1674 4413 1876 4483 Gracimtra·

165 4505 194 4558 et
218 4518 315 4573 usque,
345 4519 410 4559 csse
438 4502 578 4575 incipere,
607 4503 686 4575 quod
712 4502 814 4560 tandiu
850 4520 907 4560 non
937 4501 1875 4587 taliq)ctutoresinsuisvoluminibusreliquerunt;sedncn-

165 4590 297 4664 quandiu
312 4607 397 4662 usque
411 4590 616 4662 compleretur,
633 4596 662 4647 st
685 4589 778 4648 donec.
803 4591 877 4658 Quin
893 4593 991 4666 potius
1046 4591 1120 4651 nulli
1135 4607 1253 4663 quoque
1267 4606 1283 4647 e
1299 4591 1421 4662 latinis,
1438 4591 1478 4647 ito
1494 4596 1526 4649 ut
1539 4590 1568 4648 in
1585 4591 1694 4649 Graecis
1706 4591 1874 4672 'babeturk

163 4679 379 4738 animadvertat
393 4679 549 4750 Scriptura
574 4685 684 4739 sanctas
705 4680 824 4751 idlcmo,
846 4685 875 4737 et
891 4682 990 4739 nobis·
1045 4680 1269 4753 assumpserint.
1287 4679 1345 4740 Nec
1361 4682 1670 4742 necesseestnunodt
1682 4681 1877 4754 eacmpleriu·

165 4769 286 4839 cum,in
302 4785 360 4842 quo
375 4767 538 4836 hesitabat,
562 4768 708 4843 intelligat
731 4771 795 4840 col,
821 4771 857 4827 dc
881 4771 990 4843 quibus
1045 4787 1110 4828 rum
1133 4769 1272 4826 verietate
1296 4774 1432 4839 tractare,
1456 4787 1523 4827 cum
1553 4785 1639 4828 nrnne
1662 4776 1691 4828 et
1713 4769 1828 4842 Veteris
1839 4776 1877 4828 at

165 4863 263 4930 pussst
277 4857 398 4932 ambigi,
415 4856 439 4914 si
455 4875 512 4915 nan
529 4857 655 4916 luissent
668 4859 787 4933 scripto,
800 4861 921 4934 signari,
933 4877 990 4917 cm·

201 4984 209 5020 ¹
235 4984 348 5051 lethae,
372 4985 466 5040 amaia
484 4984 557 5040 enim
576 4983 625 5039 sub
648 4983 761 5056 pedibus
783 4985 843 5054 eius
865 4986 989 5058 suberit,

166 5051 343 5111 Veronensis
359 5056 528 5110 nonhabet.

201 5123 400 5182 ’Veronensis
425 5124 517 5182 multo
542 5125 647 5184 aliter:
672 5129 839 5201 Priusquam
861 5129 989 5184 tanume-

165 5193 270 5250 rabttia
286 5213 370 5268 saper
392 5195 441 5250 lsoo
460 5198 586 5271 camapio
599 5215 757 5268 corporum,
776 5209 801 5256 at
819 5215 928 5256 amaras
947 5198 989 5255 tc·

165 5267 291 5321 mereatis
311 5267 517 5338 procurantem,
553 5273 771 5328 testimoniorum
795 5271 869 5327 cubo
894 5271 988 5340 cstsm,

166 5335 258 5393 aditus
269 5353 357 5409 pauca
368 5337 524 5408 subjiciam.

200 5409 211 5442 ³
226 5408 305 5465 ldem
319 5409 506 5476 Veronensis,
523 5410 660 5468 abscondit
670 5429 726 5469 aas.
743 5415 884 5470 Erasmus
897 5429 942 5469 eos
952 5412 990 5470 le·

158 5484 259 5607 gebest,
279 5478 427 5568 yictnrius
441 5496 475 5536 eo
487 5483 609 5552 utroque
625 5483 654 5538 in
674 5482 757 5542 loco:
783 5485 880 5542 Gracc
899 5485 989 5541 etiam

166 5567 199 5608 08
227 5569 304 5608 αυτα.

201 5621 434 5691 *ΤααωΠίαααα,
458 5622 533 5682 libra
557 5622 590 5680 de
614 5623 699 5684 Gutta
716 5629 894 5699 teminorum.
910 5643 936 5686 c.
951 5627 987 5686 3:

169 5717 184 5756 a
199 5694 290 5760 Omne
305 5695 536 5758 instrumentum
549 5692 677 5757 ludusa
691 5695 861 5760 litterature
876 5713 928 5780 par
939 5701 989 5762 Ss-

1044 4860 1127 4916 chae
1141 4859 1296 4932 Scriptura
1312 4859 1543 4916 instrumentum
1558 4859 1588 4916 ln
1605 4860 1742 4917 Latinum
1758 4875 1874 4918 sermu-

1045 4985 1129 5039 drem
1144 4987 1259 5040 constat
1273 4986 1480 5040 restauratum.
1498 5005 1513 5033 α
1530 4983 1560 5040 ln
1576 5001 1665 5056 quam
1692 4983 1874 5044 sententiam

1045 5054 1143 5128 plures
1159 5055 1293 5112 eGracia
1305 5055 1472 5127 latinisque
1486 5054 1621 5113 Patribus
1635 5056 1780 5112 abierunt.

1079 5127 1196 5185 ⁵Vetus
1219 5125 1318 5182 editio.
1343 5127 1375 5182 la
1398 5141 1450 5198 qao
1478 5125 1621 5186 basttabat
1659 5127 1808 5200 inteltiput.
1824 5128 1876 5183 trr-

1044 5198 1147 5270 tottipet
1161 5198 1238 5254 eodo
1272 5198 1362 5267 uibus,
1380 5199 1435 5254 etc.

1078 5269 1213 5326 ⁶Saltem
1236 5214 1318 5334 ilina,
1339 5271 1423 5340 pater
1447 5268 1536 5337 iltius,
1560 5269 1589 5324 in
1613 5269 1719 5326 Graecis
1742 5285 1827 5338 mss,
1844 5271 1874 5328 si

1044 5339 1407 5412 Centobrigeussm‚ntqus
1423 5356 1515 5396 unum
1540 5355 1575 5395 ex
1593 5339 1777 5414 Stepbauicis
1794 5342 1874 5398 exei-

1044 5411 1119 5539 piug,
1135 5428 1192 5468 non
1208 5410 1352 5480 habetur;
1368 5416 1413 5468 est
1427 5416 1525 5468 aulem
1541 5411 1570 5467 in
1587 5412 1713 5487 Vulgata
1735 5413 1873 5471 versiam

1044 5487 1072 5540 et
1109 5483 1215 5555 cplioa.
1759 5537 1763 5544 .

1079 5553 1174 5610 τΕααι
1197 5553 1336 5610 mendose
1350 5551 1479 5628 plurium
1500 5570 1624 5612 numero
1641 5555 1787 5614 moesta.
1803 5553 1872 5616 aa:

1043 5623 1220 5684 Veronensis
1234 5623 1318 5683 liber.
1343 5626 1380 5684 ar
1402 5627 1635 5705 ecsmptcrr'oruas
1655 5629 1790 5690 arbuto
1806 5641 1873 5692 mtt-

1043 5697 1361 5780 tratarsprctraotars.
1852 5701 1871 5716 '⁴
