4096 6164
149 305 211 385 m
746 305 903 376 CONTRA
923 305 1105 376 semron
1123 307 1201 374 hm.
1222 309 1263 375 ll.
1797 307 1859 375 sae

149 459 205 502 nos
216 442 250 498 ιι
264 440 376 516 quibus
391 438 512 500 muralis
526 445 669 500 ιιιιιιιιι
682 442 775 510 loeus,
800 447 829 500 et
843 443 977 516 Scriptu-
991 443 1018 510 Α
1033 443 1091 499 ritu
1114 445 1215 500 saneto
1240 439 1323 500 nis'ns
1347 443 1386 498 sit
1413 445 1594 500 commutare
1607 435 1622 512 ;'
1638 437 1738 500 tarue'n
1763 443 1856 500 molta

146 545 249 590 rernm
264 531 441 604 ριιιιιιιιι·
454 531 590 590 obscure.
606 531 673 588 llus
687 530 900 605 interpretare:
916 531 978 588 hmo
1033 530 1062 585 in
1078 527 1128 584 illu
1144 528 1284 586 scandale
1296 530 1492 602 reperiuntur,
1509 534 1538 586 et
1556 531 1748 604 apertissima
1772 531 1859 590 hiae*

147 619 444 693 musitantibus.
461 620 536 686 Quid
552 619 667 692 primns
680 618 764 676 labor
784 623 854 676 tune
876 619 979 691 incipit
1031 617 1166 689 phemius,
1183 634 1246 689 qum
1262 619 1316 674 iste
1330 635 1385 675 sna
1408 613 1514 690 neg'ure
1538 635 1596 674 nun
1620 619 1737 691 poterit,
1752 620 1853 678 satho-

147 709 184 766 ab
199 706 348 766 interme?
361 707 420 764 Cur
442 706 641 768 translaturus
663 707 809 776 heretice,
829 708 859 764 in
875 707 977 766 delen·
1031 705 1088 762 lica
1101 721 1166 763 esse
1180 707 1385 778 pronuntians.
1410 708 1482 764 Dicit
1505 706 1659 777 ilusebius,
1685 708 1744 765 imo
1766 709 1810 780 (ιι
1822 714 1854 766 ιι

150 795 270 854 denunt
282 813 382 856 eorum
394 796 550 870 premittis
564 794 648 870 quasi
664 797 803 870 martyris
817 796 938 865 librum,
949 799 978 852 et
1031 794 1085 866 vis)
1112 793 1282 868 Pamphilus
1309 795 1340 850 in
1363 795 1420 852 isto
1442 793 1602 863 volumine,
1627 795 1733 852 Piliam
1760 796 1855 853 Patris

153 886 185 942 id
200 885 336 944 ιιιιιιιιι
350 884 472 943 eruribus
482 884 683 959 ingeris,quod
699 884 876 942 translatum
891 889 972 942 tutus
1031 882 1200 940 ministrum
1212 883 1238 938 ¹:
1255 883 1396 957 Spiritum
1411 889 1546 942 sanctum
1561 899 1619 942 non
1635 885 1671 940 de
1686 885 1788 942 eadem
1804 889 1856 941 Pa-

154 971 381 1046 orhisenperitl
396 978 456 1032 Aut
479 978 558 1032 uerte
581 975 606 1032 si
623 974 691 1032 ideo
713 973 928 1047 interpreteris,
944 977 978 1031 ιι
1031 971 1084 1027 tris
1099 970 1223 1044 Piliiqne
1247 972 1432 1031 substantie:
1458 975 1574 1030 animes
1602 973 1758 1033 huminum
1791 972 1857 1046 lap-

153 1077 220 1118 eam
234 1060 402 1118 hereticum
417 1071 537 1134 argens,
556 1059 629 1116 nihil
651 1061 688 1118 de
711 1061 810 1118 Graeco
825 1063 933 1129 mutes,
949 1065 978 1116 et
1031 1077 1080 1116 ses
1096 1061 1210 1118 essedo
1233 1060 1319 1118 cmlo:
1345 1067 1375 1118 et
1389 1061 1418 1118 io
1445 1062 1500 1119 hoe
1524 1062 1602 1135 qnod
1626 1077 1730 1120 sumus
1753 1062 1789 1118 de
1803 1079 1856 1119 un·

150 1150 205 1208 hoc
218 1149 318 1222 ipsum
333 1149 502 1222 prelatione
516 1153 635 1218 testare,
651 1148 730 1220 quod
746 1147 977 1221 prudentissime
1031 1147 1104 1222 getis
1117 1151 1301 1220 commutati,
1317 1150 1348 1206 in
1370 1151 1554 1208 restitutione
1580 1150 1714 1208 omnium
1729 1150 1857 1224 aequsles

145 1250 224 1312 papa
238 1238 416 1296 Anastasius
430 1238 461 1296 in
477 1236 611 1311 epistola,
623 1253 714 1310 quum
725 1241 827 1294 contre
837 1241 866 1306 te
875 1237 978 1293 scribit
1030 1241 1060 1294 et
1074 1237 1204 1311 angelos,
1220 1242 1249 1296 et
1263 1239 1420 1307 demones,
1436 1241 1465 1296 et
1479 1240 1615 1296 homines
1631 1240 1690 1296 lore
1702 1259 1709 1308 ;
1719 1245 1749 1296 ιι
1762 1239 1857 1300 malla

144 1328 182 1386 ud
202 1327 382 1400 'episcopum
406 1326 422 1384 J
427 1341 564 1395 omnem,
584 1343 638 1384 suo
657 1341 794 1384 sermone
807 1325 978 1398 complexus
1031 1326 1089 1384 alia
1103 1331 1164 1384 tam
1179 1328 1272 1401 impia
1285 1331 1314 1384 et
1332 1329 1454 1396 nelarie,
1479 1343 1543 1402 qum
1558 1329 1645 1385 etiam
1662 1328 1804 1402 replicare
1818 1330 1858 1386 sit

143 1420 200 1484 cst,
215 1431 266 1473 me
294 1415 436 1485 liberans,
451 1415 548 1490 quiid
563 1415 852 1488 leoi,etteargnens,
868 1415 919 1486 qui
936 1414 977 1470 ia·
1030 1415 1172 1473 oriminis.
1190 1415 1264 1483 Quid
1281 1417 1367 1474 faciet
1386 1421 1514 1475 assertor
1537 1417 1681 1490 origenis,
1709 1422 1737 1474 at
1764 1418 1855 1475 inter·

145 1503 361 1563 consuluisti.
385 1510 426 1562 Αι
450 1521 486 1561 ns
510 1503 631 1562 forsitan
656 1504 712 1562 hoo
734 1519 851 1577 qnoque
876 1519 976 1578 neges,
1030 1520 1097 1578 pres
1111 1503 1281 1576 Pamphili?
1305 1506 1335 1562 Si
1359 1506 1390 1562 in
1413 1506 1471 1578 his,
1496 1519 1560 1579 qne
1582 1506 1758 1573 emendavit,
1774 1509 1857 1563 tantu

144 1594 261 1666 serbiam
276 1593 446 1666 exemplum
461 1597 527 1666 ejus
544 1596 570 1650 ¹:
588 1597 621 1650 ut
634 1592 660 1649 si
676 1609 733 1649 non
750 1593 795 1648 vis
810 1590 978 1648 andirelrs-
1030 1592 1216 1666 blasphemie
1228 1597 1282 1660 est,
1300 1593 1410 1662 inillis,
1437 1611 1501 1668 quer
1525 1595 1563 1651 ab
1587 1594 1734 1653 haereticis
1748 1595 1855 1652 latente

146 1687 223 1742 trem
247 1686 429 1750 monentem,
453 1683 557 1740 sudias
580 1681 752 1756 episeopam
777 1681 977 1739 condemnan—
1029 1681 1179 1755 confingit,
1196 1687 1308 1754 quanta
1332 1682 1487 1756 sacrilegia
1513 1683 1731 1740 continentur?
1766 1684 1856 1755 (ιιιιι

145 1777 208 1830 tem
222 1772 287 1844 [At.
303 1770 555 1843 calumnientemt
1028 1771 1177 1846 opinionis
1192 1787 1312 1828 oausam
1327 1771 1403 1828 hano
1418 1772 1596 1846 suspicetur,
1608 1761 1685 1845 quod
1700 1772 1745 1828 vir
1759 1783 1855 1846 neque

179 1861 226 1918 lh
245 1859 504 1932 fflfiuaedriporris
517 1859 646 1931 delemur
668 1859 812 1932 pretatur.
839 1857 977 1916 recrea
1032 1859 1161 1927 stultus,
1185 1876 1280 1933 neque
1305 1860 1429 1917 insanus
1453 1861 1549 1917 dicere
1581 1861 1639 1918 sibi
1660 1861 1856 1935 repugnantia

144 1950 316 2006 Λιιαιιιιιιιι
327 1949 466 2021 princeps.
483 1949 578 2020 Rufini
604 1949 737 2020 pressorio
759 1948 792 2004 to
818 1948 979 2021 Apolopinm
1033 1965 1091 2006 non
1115 1948 1253 2021 potuerit.
1278 1949 1314 2005 tlt
1337 1965 1374 2006 ne
1397 1949 1519 2006 iureiten
1544 1953 1718 2024 putaremus
1733 1949 1857 2007 diversis

149 2037 295 2111 Pamphili
307 2051 355 2110 pru
369 2036 497 2110 dripere.
506 2067 540 2079 -
554 2037 633 2094 Dicis
655 2041 684 2094 te
707 2049 766 2094 uon
790 2051 855 2094 esse
879 2037 978 2094 delen·
1033 2054 1100 2095 eum
1116 2038 1197 2094 suria
1212 2037 1366 2111 scripsisse
1390 2039 1583 2111 temporibus,
1608 2043 1636 2096 et
1650 2057 1702 2112 pro
1722 2039 1859 2096 statibus

154 2141 257 2184 serem
271 2141 361 2199 neque
384 2129 561 2184 assertorem
587 2124 739 2199 Origenis:
760 2126 825 2199 jem
837 2131 909 2183 tane
924 2126 977 2182 tibi
1033 2125 1162 2183 edidisse
1174 2127 1333 2194 contraria,
1349 2127 1480 2183 eddidit:
1501 2149 1517 2178 ι
1533 2127 1608 2194 Quid
1624 2128 1760 2196 lauimus,
1778 2129 1857 2201 quod

150 2214 301 2288 prulersm
315 2214 421 2272 librum
433 2219 519 2272 tuum
534 2215 641 2288 dequo
657 2214 687 2270 in
707 2215 820 2272 famosa
838 2213 890 2271 illa
905 2231 979 2287 pre·
1032 2215 1182 2272 interdum
1196 2214 1227 2270 in
1243 2215 1354 2272 eisdem
1368 2215 1450 2282 loeis,
1467 2219 1606 2288 atque,nt
1619 2215 1660 2272 ita
1673 2216 1810 2284 dixerim,
1826 2215 1857 2272 in

145 2303 316 2364 letiuncale
330 2303 461 2378 preclari
476 2304 573 2378 operis
587 2304 630 2360 tui
650 2303 697 2360 his
718 2303 815 2360 verbis
830 2302 978 2377 loqueris:
1035 2304 1225 2376 consequenti
1240 2319 1314 2376 pene
1328 2304 1423 2376 cupite
1436 2305 1581 2362 sententia
1598 2305 1736 2361 contrarii
1751 2319 1859 2362 sensus

152 2415 167 2444 ι
182 2393 277 2464 &qus
288 2393 465 2451 dirersitetis
479 2407 600 2450 oausam
615 2391 731 2465 plenius
754 2392 808 2449 tibi
833 2391 862 2448 in
883 2392 980 2464 Apolo-
1034 2393 1181 2449 invenitur
1194 2391 1329 2449 inserte?
1342 2392 1480 2465 Nunquid
1495 2392 1524 2449 in
1547 2392 1649 2449 eodem
1666 2407 1753 2466 opere
1775 2393 1858 2464 ejus·

151 2483 251 2555 paldo,
268 2497 359 2554 quam
387 2481 560 2555 Pamphilus
587 2481 618 2538 in
645 2479 730 2538 libris
760 2480 823 2537 suis
851 2481 980 2554 scripsit,
1034 2479 1194 2546 demtihri,
1221 2484 1249 2535 et
1269 2479 1429 2548 interdum,
1455 2481 1488 2535 ut
1512 2479 1651 2549 diximus,
1680 2479 1780 2536 stetim
1825 2479 1856 2536 in

153 2571 311 2630 edidimus·
327 2569 503 2629 brevissimo
526 2568 625 2627 libello
648 2569 848 2643 superaddita,
873 2569 903 2626 in
923 2585 981 2642 qao
1036 2566 1226 2640 consequenti
1254 2567 1392 2640 capitulo,
1422 2567 1533 2626 oblitus
1565 2568 1611 2626 eui
1647 2585 1711 2625 esse
1739 2567 1859 2641 potnit‘l

153 2658 351 2727 evidentibus,
374 2663 408 2716 ut
429 2657 564 2724 arbitror,
589 2657 799 2733 probamentis,
828 2663 981 2731 corruptos
1036 2657 1124 2714 Verbi
1147 2654 1252 2730 gratie,
1268 2660 1301 2712 ut
1328 2656 1378 2728 qai
1402 2658 1539 2731 superius
1563 2657 1684 2725 dixerat,
1710 2669 1858 2730 nusquam

154 2764 220 2808 esse
234 2747 266 2804 in
291 2746 525 2821 quamplurimis
549 2748 586 2804 ab
612 2746 757 2804 hereticis
781 2749 809 2802 el
832 2744 982 2805 malevolis
1036 2745 1160 2803 inveniri
1184 2745 1213 2800 in
1235 2744 1316 2801 omni
1337 2746 1500 2819 Scriptura,
1521 2746 1571 2802 nbi
1586 2745 1715 2819 Spiritus
1738 2749 1859 2804 sanctus

155 2835 250 2894 libros
291 2836 358 2908 qius
400 2835 605 2904 ostendimus,
647 2837 676 2892 ιι
718 2833 861 2908 precipue
892 2835 980 2906 istos,
1036 2837 1131 2893 luctus
1146 2833 1190 2890 vel
1205 2837 1320 2890 creatus
1348 2849 1412 2891 esse
1430 2833 1589 2900 diceretur,
1623 2835 1763 2892 continuo
1787 2835 1858 2892 sub-

156 2937 231 2998 quos
259 2938 339 2984 nuno
363 2923 456 2998 exigis
484 2928 517 2980 ιι
545 2924 737 2998 interpreter,
771 2924 801 2980 id
835 2928 889 2992 est,
919 2923 981 3001 περὶ
1032 2923 1370 2998 1Ῑιιιι·ιι,ιιιιιιιιιιιι
1386 2923 1657 2981 creaturasleotum
1685 2938 1749 2981 esse
1764 2924 1856 2997 Spiri-

156 3016 267 3090 ιρχῶν.
280 3036 296 3066 a
321 3013 386 3070 Non
410 3011 464 3069 tibi
493 3013 652 3070 suffecerat
672 3011 802 3082 llussbii,
827 3012 872 3070 ιιι
907 3017 982 3070 certe
1035 3019 1098 3070 tum
1115 3011 1276 3068 sanetum?
1292 3015 1349 3068 ιιι
1363 3011 1480 3079 iterum,
1497 3011 1549 3086 qni
1563 3013 1678 3069 Patrem
1698 3017 1727 3070 et
1751 3013 1858 3071 Filium

156 3107 236 3162 uttn
252 3103 308 3172 sie,
324 3101 471 3174 Pamphili
486 3118 539 3175 pro
553 3100 677 3175 Origene
690 3101 981 3176 delensio,nisiquod
1036 3103 1125 3160 unius
1141 3100 1322 3167 substantie,
1339 3103 1416 3174 quod
1441 3101 1538 3158 Graece
1562 3099 1709 3174 ὁμοούσιιν
1738 3101 1857 3173 dicitur,

156 3192 191 3250 ab
206 3191 269 3249 illis
281 3191 381 3248 miuus
392 3190 504 3247 dictum
519 3190 656 3263 putabas,
671 3194 704 3246 tu
720 3190 805 3263 quasi
821 3191 982 3264 sapientior
996 3173 1018 3242 G
1037 3191 1216 3265 designarit:
1233 3191 1263 3246 in
1278 3191 1527 3263 consequentibns
1542 3191 1643 3246 statim
1662 3191 1801 3264 capitulis
1816 3191 1859 3247 al-

155 3279 314 3340 etdoutior
331 3279 479 3340 adderes?
503 3279 636 3353 Longum
658 3282 714 3347 est,
743 3277 871 3336 sirslim
887 3284 981 3336 totam
1037 3277 1207 3337 teriusesse
1232 3279 1402 3336 substantie
1427 3283 1456 3335 et
1476 3283 1608 3336 creatum
1628 3283 1742 3352 poterut
1765 3279 1862 3337 dicere

156 3369 270 3428 librum
285 3373 372 3426 tuum
387 3367 456 3424 huie
470 3367 550 3441 operi
565 3367 702 3438 inserere,
719 3371 749 3424 et
767 3367 925 3440 propositis
937 3383 983 3425 ee·
1038 3385 1117 3436 enm,
1134 3383 1222 3441 quem
1238 3367 1405 3440 paniosate
1427 3369 1464 3424 de
1484 3368 1549 3441 ipse
1563 3371 1669 3424 natura
1694 3367 1744 3425 Dei
1765 3367 1862 3426 Petris

156 3455 262 3532 pilulis
277 3457 314 3515 ad
328 3455 448 3530 singula
473 3456 660 3529 respondere,
689 3455 761 3530 quid
783 3456 815 3512 in
839 3456 885 3514 his
900 3457 985 3514 vitiu·
1039 3457 1280 3531 pronuntiaverat
1296 3456 1424 3513 natum?
1439 3479 1453 3507 ι

157 3560 231 3610 rum
251 3559 347 3602 sermo
368 3544 486 3613 habeut,
508 3544 580 3617 quid
607 3544 826 3602 mendaciorum
850 3545 984 3614 assertio,
1077 3548 1119 3602 16.
1137 3545 1313 3602 desedisset
1335 3546 1468 3619 Didymus
1490 3547 1521 3601 in
1536 3545 1662 3617 Oriqeoir
1685 3548 1754 3602 scito
1768 3558 1865 3603 ronce-

159 3632 238 3705 quid
263 3631 472 3706 inconsequens
494 3635 592 3690 textus
619 3633 682 3706 ipse
706 3633 874 3691 verborum.
904 3633 987 3690 Unde
1040 3637 1121 3693 dant,
1137 3665 1172 3676 -
1187 3635 1252 3690 Hecu
1268 3633 1466 3707 ipsiusverba
1481 3637 1559 3702 sunt,
1575 3649 1679 3706 negare
1704 3632 1778 3690 ΜΠ
1806 3648 1865 3690 ιιι

146 3719 313 3778 -ιιοιιιιιι
334 3719 542 3795 disputetiouis
563 3721 683 3778 fastidia
697 3721 824 3795 lugiens,
849 3721 986 3778 etinhe-
1041 3727 1147 3799 potest.
1167 3722 1238 3779 Nolo
1265 3723 1365 3779 dices:
1395 3721 1482 3778 Verbi
1512 3737 1611 3791 caries,
1637 3726 1671 3777 ul
1698 3722 1749 3793 qai
1779 3737 1866 3795 sepes

157 3815 226 3868 turn
243 3809 330 3868 verba
343 3809 545 3884 compingens,
559 3813 676 3868 tantum
702 3810 841 3868 sensibus
867 3827 988 3884 respon·
1042 3813 1104 3871 rins
1119 3812 1242 3880 dixerat,
1259 3812 1309 3867 sed
1324 3811 1423 3883 ipsum
1437 3811 1546 3867 librum
1562 3811 1692 3876 nomine,
1718 3810 1769 3867 ubi
1785 3809 1868 3884 prius

156 3899 244 3962 debe.
260 3898 368 3956 slsum
397 3899 434 3955 de
457 3903 542 3972 portu
568 3899 732 3972 egrediens,
762 3915 866 3955 navem
896 3898 988 3974 impe·
1042 3900 1246 3968 benedixerit,
1263 3903 1409 3972 etpostee
1432 3899 1519 3969 male,
1547 3899 1598 3955 ubi
1622 3899 1764 3973 Spiritum
1786 3915 1870 3956 seno·

157 3988 211 4062 git
232 3986 375 4046 Relerem
396 3987 475 4044 enim
498 3987 536 4044 de
563 3985 707 4060 Apologia
734 3987 881 4060 Pamphili
907 4003 989 4044 mur·
1043 3995 1107 4047 tnm
1122 3992 1150 4045 et
1166 3987 1273 4045 Filium
1290 3989 1327 4044 de
1348 3988 1399 4044 Dei
1422 3988 1516 4045 Putris
1540 3989 1673 4046 scribens
1695 4005 1758 4047 esse
1784 3989 1870 4046 subs·

158 4077 232 4150 ipris
260 4076 365 4148 (qnam
393 4091 448 4132 nos
476 4075 605 4144 bueebii,
633 4076 809 4132 Arianorum
834 4075 989 4149 principis,
1045 4078 1152 4145 tentia,
1169 4077 1738 4150 statiminconsequentibuseseeruerit
1754 4083 1872 4135 ereetu-

159 4164 364 4238 probsrimus)
378 4163 415 4220 de
428 4179 488 4236 qua
501 4162 621 4249 dixerat,
638 4163 729 4220 Proui
743 4163 991 4236 potuimusm
1046 4185 1104 4224 rae.
1122 4165 1246 4224 Necisne
1261 4182 1308 4222 me
1329 4167 1462 4240 origenis
1483 4165 1592 4222 habere
1614 4163 1738 4222 omnia?
1765 4165 1872 4238 legisse

162 4253 207 4312 vet
220 4269 274 4312 res
287 4252 434 4326 poposcit,
459 4252 562 4310 Latino
586 4269 722 4310 sermone
742 4253 931 4326 digessimus,
947 4255 992 4310 in·
1047 4254 1291 4329 quamplurima?

161 4341 251 4400 ¹⁰¹3?
269 4361 285 4393 ⁶¹
298 4340 377 4400 fflud
392 4347 447 4408 ⁰⁸²»
463 4343 553 4414 (1¹¹⁰dr
571 4341 784 4400 dPSidssl'ifflum
809 4343 853 4398 lif
875 4343 992 4412 Μῦὓᾶιῑι
1081 4362 1120 4413 lld
1136 4361 1266 4427 populum
1290 4361 1421 4428 phaleras,
1440 4375 1490 4426 ego
1505 4365 1531 4413 te
1544 4362 1626 4421 intus,
1642 4365 1668 4412 et
1682 4361 1710 4411 in
1725 4364 1785 4412 cute
1800 4361 1873 4411 nori.

168 4435 196 4490 te
210 4429 400 4488 admonitum
413 4428 487 4498 volo,
513 4433 547 4486 ut
569 4429 649 4488 seiae
670 4430 747 4487 beno
775 4429 896 4504 quidem
926 4430 994 4487 ildei
1452 4426 1574 4488 (Psisrm,
1590 4425 1645 4476 sat.
1661 4427 1696 4488 3)-

164 4516 310 4592 regalem
325 4533 416 4591 quum
432 4518 468 4576 de
484 4517 570 4576 libris
593 4519 659 4590 ejus
683 4535 774 4591 snpre
792 4519 993 4592 exposuimus,
1009 4543 1033 4608 D
1049 4517 1100 4578 Vir
1115 4518 1306 4579 doctissimus
1330 4523 1476 4581 Eusebius
1495 4519 1712 4594 (doctissimum
1727 4522 1797 4588 dixi,
1814 4537 1873 4579 non

164 4623 229 4670 esse
244 4605 415 4679 talemque
428 4608 458 4663 et
471 4605 677 4679 amplectanda
701 4608 873 4664 atterenda
894 4608 943 4665 sit.
960 4608 993 4665 ln
1048 4609 1238 4680 catholicum,
1254 4628 1302 4684 ne,
1318 4627 1399 4669 more
1414 4612 1590 4681 solito,mibi
1605 4617 1634 4669 et
1647 4613 1676 4669 in
1692 4611 1747 4669 hoe
1763 4611 1876 4668 calam·

165 4695 306 4754 omnibus
320 4695 399 4752 enim
416 4694 463 4752 hie
477 4693 655 4752 catholicum
671 4695 767 4752 inesse
794 4711 914 4752 sensum
935 4695 993 4753 evi·
1048 4699 1128 4755 niam
1144 4701 1253 4773 struas)
1269 4718 1321 4771 per
1335 4719 1385 4758 sex
1397 4702 1547 4759 volumina
1561 4701 1634 4758 nihil
1646 4701 1724 4758 aliud
1740 4701 1811 4773 agit,
1827 4698 1873 4754 ui·

165 4784 432 4857 denterprobatar.
444 4805 459 4835 a
475 4783 615 4848 Quamvis
630 4783 666 4840 de
680 4784 798 4840 llusebii
812 4784 885 4842 libro
901 4782 994 4841 multe
1048 4786 1075 4844 si
1090 4791 1122 4843 ιι
1136 4787 1291 4861 Origenem
1306 4807 1366 4846 sue
1381 4791 1518 4848 ostendet
1529 4791 1618 4859 'fidei
1635 4789 1664 4845 id
1687 4793 1741 4856 eet,
1758 4787 1873 4844 Ariana

165 4871 357 4941 subtraxerit,
373 4875 403 4928 ιι
421 4871 452 4930 ιι
474 4871 583 4930 bonum
605 4875 718 4946 perlem
732 4873 769 4929 de
790 4871 863 4930 Pilio
888 4877 918 4930 et
930 4873 994 4947 Spi—
1049 4877 1187 4950 perfidie.
1203 4877 1238 4932 nt
1249 4878 1342 4934 ιιιιιι
1357 4879 1440 4950 ponit
1454 4877 1597 4950 exemplu,
1612 4883 1640 4934 et
1661 4877 1715 4933 hoc
1735 4879 1874 4934 constan·

205 5123 309 5182 ¹llsnu
323 5121 477 5201 epistolem
502 5122 579 5183 inira
602 5143 655 5184 suu
670 5121 734 5184 luco
758 5125 943 5184 adnectimus
958 5126 997 5184 nd
1050 5127 1266 5202 spiritumvern
1282 5131 1421 5184 sunctum
1435 5142 1494 5183 uon
1508 5143 1573 5182 esse
1587 5127 1623 5182 de
1637 5125 1734 5184 Patris
1748 5125 1875 5200 Vitiique

168 5195 340 5272 Hieronymi
355 5203 497 5269 mentem,
512 5198 564 5272 qui
579 5196 661 5256 illam
675 5216 693 5257 a
707 5213 739 5255 se
753 5198 929 5270 descriptam
939 5197 995 5255 Ru·
1050 5199 1225 5258 substantio.
1255 5202 1397 5254 ιιιιιιιι.
1427 5227 1462 5239 -
1496 5198 1616 5255 Veteres
1643 5197 1723 5268 editi,
1752 5199 1820 5255 Filii
1847 5203 1875 5256 el

170 5268 231 5332 fine
245 5268 366 5354 ingerit.
1050 5274 1142 5329 Petris
1156 5272 1315 5328 minutiem
1329 5271 1464 5342 Spiritum
1478 5272 1612 5326 eoadem.
1630 5270 1714 5326 Forte
1730 5270 1875 5343 seriptum

205 5340 337 5397 'Filiam
349 5341 442 5397 Petris
454 5343 628 5398 ministrem.
641 5346 686 5398 tta
705 5339 861 5415 legendnm
891 5342 998 5398 donent
1051 5345 1170 5415 quidem
1187 5343 1251 5408 tuit,
1266 5341 1372 5398 Piliam
1388 5342 1478 5396 Petris
1492 5343 1731 5408 ministrum,l‘ilii
1740 5343 1877 5413 Spintum

169 5427 275 5470 amnes
294 5412 387 5468 nostri
416 5428 490 5468 mes.
519 5413 652 5470 codices:
678 5429 731 5469 nec
754 5429 853 5469 veram
870 5413 998 5469 retinent
1051 5419 1186 5480 sonetum,
1204 5429 1257 5468 non
1272 5413 1416 5469 decertem
1441 5417 1496 5469 etc.
1513 5412 1706 5486 llieronymus
1726 5412 1813 5486 paulo
1828 5429 1877 5470 sn·

170 5481 243 5540 edis
257 5481 326 5539 libri
352 5479 509 5540 lectionem
538 5481 718 5567 Hieronymi,
746 5483 797 5556 qui
825 5500 884 5540 non
913 5484 995 5540 dixit.
1051 5501 1158 5612 Fran«
1183 5484 1318 5556 Origenis
1345 5483 1407 5539 haro
1435 5485 1561 5541 maxime
1585 5484 1737 5541 heretica:
1763 5483 1875 5540 beisi-

170 5553 237 5610 sits
250 5559 277 5612 et
292 5555 386 5611 Putris
401 5555 561 5611 ministrum
581 5555 715 5628 Spiritum
728 5559 863 5624 sonetum,
885 5556 936 5611 sed
951 5555 998 5610 Fi·
1064 5572 1125 5612 rum
1149 5559 1325 5628 ereaturam,
1353 5553 1464 5632 Spiritu
1498 5561 1633 5614 sanetum
1662 5555 1844 5629 ministrum,
1861 5575 1873 5610 a

171 5623 247 5686 ιιιιι
261 5625 358 5685 Patris
372 5622 544 5682 ministrum
559 5623 671 5684 dietum
686 5623 778 5683 luisse
800 5626 838 5685 ab
860 5623 996 5688 Eusebio.
1052 5629 1107 5686 eto.

333 5751 469 5822 Persou.
491 5749 604 5824 xxtu.
1680 5750 1720 5836 ιι
