4078 6162
160 219 223 302 sti
587 231 784 302 ursaceus
807 231 964 302 course
986 225 1245 305 intestinos.
1262 272 1301 290 -
1315 234 1392 305 nto.
1414 239 1468 305 ιιι.
1810 227 1870 308 ιιι

163 365 233 428 men
248 373 348 427 tunm
365 391 381 420 ιι
396 359 440 426 1111
451 385 558 427 nomen
573 370 636 438 Dei,
652 371 729 444 quod
743 387 797 443 per
811 388 842 428 ae
855 375 990 428 sanctum
1006 376 1032 441 Α
1083 373 1871 448 16.Pslopicnosaperbio,-Orotiosrgotual’barisaei
1971 372 1974 380 '

158 458 253 528 satin
267 455 486 516 essanctiiio'ari
501 459 626 532 cupiunt
639 477 650 522 ,·
664 464 697 516 tu
711 459 785 516 dicis
801 477 808 515 :
826 460 994 527 «Nosti,Do-
1047 461 1139 517 vincit
1150 464 1330 535 superbiam,
1343 469 1371 520 et
1387 461 1537 536 publicani
1553 465 1770 535 comparatione
1785 467 1869 525 dam-

162 547 255 617 mine,
273 563 364 622 quam
380 551 498 618 sancta,
515 553 544 604 et
559 565 647 621 quam
662 549 844 618 innocentes,
860 553 889 605 et
903 566 993 622 quam
1048 553 1136 605 netur
1152 568 1159 620 ;
1173 551 1222 622 qui
1239 551 1275 606 de
1289 549 1375 623 longe
1396 554 1490 617 stans,
1513 549 1613 606 oculos
1637 551 1673 607 ad
1698 553 1786 612 Deum
1811 573 1870 613 non

160 653 245 710 puras
260 653 370 694 manus
386 651 458 693 mee
473 637 560 692 sint.»
577 635 623 693 llli
647 635 803 698 inierunt:
821 660 836 688 ιι
852 638 995 695 Adveniet
1051 639 1178 695 audebat
1203 637 1346 708 attollere,
1364 639 1414 695 aed
1443 637 1624 711 percutiebat
1647 645 1749 711 pectus
1771 659 1870 712 suum,

161 743 294 800 regnum
307 729 393 782 tuum
410 742 418 793 ;
436 747 451 775 u
467 741 548 799 spem
564 725 648 798 regni
662 725 761 783 tuturo
776 729 908 800 tempore
923 743 994 800 pres
1048 725 1148 782 dicens
1176 744 1182 796 ;
1207 749 1220 776 ιι
1246 727 1334 794 Deus,
1357 727 1503 800 propitius
1535 731 1597 783 esto
1621 726 1693 783 mihi
1729 733 1872 801 peccatori

169 814 326 886 stolaotes,
349 817 383 870 ut
406 819 547 888 regnante
582 813 695 871 Gbristo
727 815 927 888 nequaquam
949 833 993 873 re·
1047 815 1310 887 (teramnanae
1339 815 1421 872 Unde
1445 816 1593 889 protertur
1615 816 1732 874 Domini
1757 824 1873 876 senten-

170 905 244 976 gnat
256 905 405 976 paccatum
421 902 451 958 in
468 901 583 959 mortali
598 918 700 960 eorum
716 904 994 977 corporajungunt-
1048 903 1089 958 tia
1105 920 1111 959 :
1129 927 1143 954 ιι
1159 903 1229 960 Dico
1244 903 1337 968 vobis,
1354 904 1506 960 descendit
1521 903 1569 960 hio
1579 906 1761 977 justificatus
1775 907 1805 964 in
1820 909 1874 965 do-

172 989 994 1064 que:sl'iatvoluniostua,eicutincoeloetiuterra,»
1049 1008 1131 1048 mum
1152 1008 1235 1048 auam
1263 991 1504 1066 plusquamille.
1533 993 1730 1051 Omnisenim
1759 997 1811 1070 qui
1843 1015 1874 1055 se

171 1085 204 1136 ut
218 1079 353 1136 imitetur
362 1081 484 1153 angelos
498 1079 630 1136 humana
644 1079 797 1153 fragilitas,
818 1085 846 1136 et
860 1080 995 1138 voluntas
1049 1079 1166 1148 exaltat,
1183 1079 1399 1148 humiliabitur,
1416 1085 1444 1137 et
1459 1081 1510 1153 qui
1526 1097 1557 1137 ss
1573 1079 1722 1155 humiliat,
1737 1084 1876 1144 exaltabi-

167 1168 287 1225 Domini
304 1167 490 1242 compleatur
507 1169 538 1225 iu
563 1171 650 1236 terra,
680 1170 724 1224 Tu
740 1169 869 1227 dicia:«
898 1169 997 1226 Potest
1049 1173 1099 1224 tur
1118 1168 1198 1240 (ibid.
1223 1169 1279 1242 11).
1305 1192 1319 1220 ιι
1343 1169 1475 1241 Apostoli
1501 1169 1708 1238 humiliantur,
1735 1175 1767 1228 ut
1793 1174 1874 1232 exal-

165 1257 258 1314 bomo
274 1257 300 1314 si
315 1258 528 1316 volueritomni
543 1273 641 1314 carere
657 1263 804 1330 peccato.»
820 1290 854 1300 -
871 1258 995 1316 «Panem
1049 1261 1158 1314 tentus.
1175 1256 1317 1330 Discipuli
1334 1257 1545 1327 tuiclevantur,
1558 1262 1591 1314 ut
1606 1264 1755 1320 corruant.
1771 1261 1873 1321 Eidem

164 1345 390 1418 qnotidianam,
406 1368 421 1397 ιι
438 1347 509 1414 sive,
526 1363 644 1419 aeupsr
657 1363 760 1404 omnes
784 1346 993 1416 substantias»
1051 1346 1176 1402 adulans
1200 1346 1295 1402 viduos
1317 1364 1373 1403 non
1401 1347 1549 1404 erubescis
1573 1347 1668 1405 dicere
1695 1349 1834 1422 pietatem
1848 1355 1874 1422 ¹,

163 1439 328 1492 venturum
341 1434 465 1508 apostoli
479 1436 686 1509 deprecantur,
711 1440 743 1492 ut
760 1435 841 1509 digni
866 1435 927 1493 sint
949 1453 995 1493 as·
1051 1450 1116 1507 quae
1138 1451 1286 1508 nusquam
1312 1435 1474 1509 reperiatur
1494 1435 1524 1491 in
1548 1439 1637 1506 terra,
1660 1445 1687 1494 st
1709 1439 1873 1508 veritatem,

166 1524 340 1598 sumptione
356 1525 486 1597 corporis
514 1523 632 1596 Christi,
658 1525 694 1581 Et
716 1541 768 1581 vos
792 1541 844 1598 per
868 1525 996 1582 'nimiam
1051 1539 1114 1596 quse
1130 1523 1240 1595 ubique
1256 1523 1409 1596 peregrina
1424 1524 1507 1592 sitin
1524 1523 1576 1581 illa
1590 1525 1872 1597 potissimumcom·

164 1613 358 1670 sanctitatem
375 1627 568 1686 securamque
579 1613 728 1685 justitiam
753 1613 892 1670 audacter
913 1614 996 1670 vobis
1051 1611 1171 1680 morari,
1189 1628 1241 1668 nec
1253 1612 1415 1669 recordaris
1430 1610 1510 1668 illius
1527 1615 1679 1670 sententia
1695 1632 1702 1670 :
1717 1637 1732 1667 ιι
1745 1617 1875 1690 Populus

165 1700 301 1758 calcada
315 1701 395 1758 dona
408 1700 573 1758 vindicatis.
590 1701 752 1776 Sequitur:
772 1725 783 1753 ι
798 1701 918 1759 Dimitte
943 1720 996 1760 no·
1012 1745 1037 1811 B
1052 1717 1146 1769 meus,
1162 1701 1213 1774 qui
1228 1702 1347 1758 beatum
1363 1701 1517 1770 tadicum,
1544 1702 1690 1760 seducunt
1709 1708 1747 1775 te,
1773 1711 1802 1761 et
1830 1723 1877 1763 ss·

165 1787 215 1846 bis
228 1789 331 1868 debita
346 1793 457 1858 nostra,
475 1788 552 1846 sicut
566 1793 595 1846 et
609 1807 663 1847 nos
679 1790 858 1848 dimittimus
884 1791 997 1848 debito·
1053 1788 1140 1845 mitae
1154 1789 1263 1862 pedum
1280 1806 1400 1846 suorum
1414 1791 1611 1864 supplantant
1629 1792 1693 1863 (leo.
1722 1809 1765 1861 ut,
1787 1793 1843 1867 ta).
1861 1817 1875 1847 ιι

164 1877 254 1935 ribus
264 1878 387 1936 nostris.
404 1899 419 1928 a
434 1878 475 1936 De
491 1878 679 1952 bsptismatis
695 1880 774 1937 tonte
789 1884 955 1954 surgentes,
971 1888 999 1937 et
1052 1876 1215 1950 laudasque
1229 1895 1293 1935 eam
1307 1879 1425 1935 vocibus
1440 1883 1470 1936 ct
1493 1879 1567 1936 dicis
1586 1881 1597 1916 ¹
1613 1897 1621 1936 ι
1640 1904 1654 1932 ιι
1671 1885 1736 1938 ote
1761 1882 1876 1941 felicem

170 1966 335 2039 regonermi
351 1965 382 2022 in
394 1965 553 2022 Dominum
577 1965 767 2036 Salvatorem,
792 1966 912 2040 impleto
937 1965 997 2035 illo,
1053 1965 1189 2022 nimium.
1205 1967 1363 2036 obsutum,
1380 1969 1405 2024 si
1421 1969 1535 2038 justitio
1556 1986 1621 2042 que
1642 1987 1706 2027 esse
1724 1971 1789 2043 jam
1815 1989 1873 2030 uon

174 2053 258 2126 qnod
272 2053 307 2108 de
319 2069 350 2110 se
364 2052 512 2126 scriptum
527 2058 571 2110 est
582 2068 589 2108 :
600 2076 614 2106 ιι
631 2052 711 2110 Beati
725 2070 852 2126 quorum
868 2055 998 2112 remisse
1053 2053 1110 2110 nisi
1126 2054 1156 2109 in
1172 2055 1243 2112 coelo
1258 2056 1389 2112 creditur
1401 2058 1479 2130 apud
1506 2061 1535 2113 te
1550 2056 1644 2115 solam
1665 2059 1833 2118 inveniatur
1843 2063 1875 2118 in

174 2145 250 2198 sunt
271 2141 450 2214 iniquitates,
477 2145 506 2198 et
531 2159 658 2214 quorum
683 2146 759 2200 tecto
779 2147 849 2200 sunt
881 2148 999 2217 peccata
1051 2142 1138 2198 terris
1155 2143 1161 2198 l
1180 2165 1194 2194 ιι
1206 2144 1312 2201 Docere
1327 2149 1372 2200 est
1387 2145 1451 2213 hoc,
1473 2161 1509 2201 aa
1532 2147 1663 2203 occidere
1677 2147 1691 2202 t
1706 2148 1812 2206 Lauare
1840 2151 1875 2206 de

171 2229 266 2302 (Prot
288 2247 365 2300 xxxr,
381 2232 394 2287 1
412 2231 433 2302 ),
450 2253 464 2280 o
487 2230 587 2288 statim
612 2231 643 2286 in
666 2231 763 2304 primo
790 2233 998 2290 communione
1052 2234 1139 2301 terra,
1153 2247 1191 2286 an
1207 2231 1387 2304 precipitare
1401 2234 1438 2289 de
1453 2233 1533 2302 coelo,
1560 2233 1589 2290 id
1614 2234 1793 2292 muliercula
1820 2237 1874 2293 tri·
1940 2261 1941 2268 ι

164 2319 304 2393 eorporis
318 2319 426 2378 Christi
443 2319 548 2376 dicunt
563 2336 571 2377 :
589 2341 604 2371 ιι
620 2321 654 2376 st
668 2320 784 2378 dimitte
799 2321 887 2378 nubis
902 2321 999 2378 debita
1051 2318 1150 2375 buere.
1170 2319 1247 2391 quod
1264 2318 1358 2392 angeli
1370 2335 1428 2376 non
1444 2320 1572 2377 audeant
1587 2338 1730 2394 usurpare
1743 2323 1757 2379 ‘l
1772 2324 1799 2379 Si
1824 2339 1876 2381 ou-

165 2413 286 2474 nostra,
303 2431 317 2458 a
334 2423 398 2480 que
412 2407 474 2464 illis
495 2409 611 2465 luerent
632 2407 663 2464 iu
685 2407 791 2466 Christi
815 2409 998 2467 confessione
1052 2411 1111 2464 tem
1127 2408 1236 2481 pietas,
1252 2408 1362 2465 veritae
1377 2411 1465 2482 atque
1476 2409 1594 2481 justitia
1603 2427 1661 2467 non
1688 2412 1878 2470 inueniuntur

162 2496 297 2575 dimissa
313 2512 321 2565 3
337 2500 367 2552 et
379 2507 411 2555 tu
426 2499 603 2568 arroganset
618 2497 764 2571 superbus
778 2497 814 2554 de
827 2501 997 2555 sanctarum
1052 2494 1082 2550 in
1098 2493 1194 2562 terris,
1210 2493 1266 2552 nisi
1279 2495 1309 2550 in
1326 2512 1384 2552 una
1399 2495 1531 2566 muliera,
1556 2498 1607 2554 ubi
1627 2502 1714 2555 erunt
1730 2499 1805 2571 justi
1827 2503 1871 2557 tui

161 2584 300 2658 puritate
323 2599 466 2640 manuum
499 2587 528 2640 et
550 2584 697 2642 munditia
720 2585 827 2659 eloquii
851 2585 996 2660 gloriaris.
1051 2584 1534 2658 quosabsquspeccatointerris
1550 2602 1615 2643 esee
1631 2588 1875 2660 jaciebasitlua

161 2673 313 2738 Quamvis
335 2671 375 2729 sit
396 2671 526 2730 bominis
546 2673 676 2747 perfecta
700 2675 861 2743 conversio,
885 2680 999 2748 etpost
1052 2673 1109 2729 duo
1134 2671 1264 2745 capitula
1289 2672 1430 2734 orationis
1454 2681 1481 2729 et
1509 2671 1607 2732 laudis
1631 2675 1708 2732 soles
1731 2693 1799 2734 oum
1818 2679 1878 2736 tuis

158 2763 237 2820 vitis
251 2767 345 2834 atquo
359 2765 480 2834 peccate
491 2761 633 2818 uirtutum
649 2761 735 2835 plena
751 2763 893 2836 possesio,
910 2780 997 2820 num·
1050 2761 1149 2833 jurare
1163 2760 1318 2834 discipulis
1333 2778 1390 2818 non
1404 2777 1468 2818 esse
1489 2767 1550 2832 tuo,
1571 2780 1638 2820 cum
1665 2766 1819 2839 perspicue
1843 2769 1873 2825 iu

162 2851 386 2926 quidposeunt
400 2850 443 2907 sic
458 2866 522 2908 esse
537 2849 601 2909 eine
614 2851 695 2920 vitio,
713 2853 861 2924 quomodo
875 2851 930 2923 illi,
945 2853 997 2925 qui
1051 2849 1094 2906 eis
1109 2849 1177 2922 styli
1192 2849 1236 2905 tui
1258 2849 1396 2922 splendor
1418 2848 1542 2920 eluceat,
1568 2851 1646 2909 8⁰2
1677 2857 1706 2908 et
1728 2857 1811 2911 tanta
1839 2856 1879 2912 eit

161 2941 269 2999 statim
287 2941 326 2997 de
340 2938 450 2996 Christi
462 2939 542 2997 sonte
565 2941 753 3013 procedunt?
768 2943 803 2998 Et
825 2946 924 3000 tamen
946 2941 996 3014 ju·
1051 2943 1189 2995 venustos
1205 2937 1313 3010 eloquii
1329 2937 1467 3009 Tulliani,
1492 2943 1526 2996 ut
1549 2941 1717 2998 testudineo
1737 2941 1877 3001 incedens

162 3032 276 3088 bentm
291 3029 390 3086 dicere
406 3045 413 3084 :
431 3051 446 3078 ιι
463 3028 581 3086 Dimitte
596 3029 791 3086 nobisdebita
806 3031 997 3100 nostra‚sicut
1051 3027 1155 3100 gradu,
1173 3044 1238 3100 qua
1254 3031 1365 3084 secreto
1380 3029 1478 3098 doces,
1494 3028 1647 3102 mittisque
1666 3030 1790 3102 venalia,
1816 3049 1871 3105 pu-

160 3124 191 3176 ct
204 3135 263 3176 nos
283 3116 468 3174 dimittimus
478 3116 659 3174 debitoribua
681 3117 790 3175 nostris
806 3136 814 3188 ;
831 3141 845 3169 ιι
862 3135 920 3175 non
942 3119 996 3176 hu·
1013 3114 1034 3182 G
1054 3115 1129 3172 blica
1142 3133 1200 3172 non
1217 3116 1326 3172 audeas
1341 3117 1529 3190 praeteritet,
1546 3118 1690 3190 prolerrir.
1715 3118 1738 3175 0
1764 3123 1791 3176 te
1815 3120 1878 3178 t'eli-

161 3205 305 3264 militatis
318 3204 482 3272 mendacio,
498 3208 532 3260 ut
545 3210 577 3261 tu
593 3206 807 3279 interpreteris,
824 3207 874 3264 sed
891 3224 1000 3279 pavore
1054 3221 1129 3272 cem,
1153 3205 1239 3276 cujus
1263 3209 1367 3277 preter
1390 3204 1536 3278 dicipulos
1557 3221 1644 3263 nemo
1666 3207 1826 3265 conscribit
1842 3208 1877 3265 li-

168 3293 489 3369 lragilitetisbnmane
505 3309 590 3350 auam
605 3295 817 3351 conscientiam
840 3295 1000 3352 lormidam-
1054 3295 1133 3363 bros,
1151 3300 1184 3350 ut
1212 3292 1357 3366 quidquid
1377 3293 1485 3350 videris
1510 3293 1675 3367 displicere,
1701 3313 1758 3353 non
1782 3301 1878 3366 tuum,

170 3383 222 3440 tis.
240 3381 286 3438 llli
301 3383 404 3439 dicunt
419 3397 426 3439 :
444 3404 458 3433 ιι
476 3382 518 3438 Ns
533 3399 587 3440 nos
602 3381 725 3439 inducas
747 3382 777 3438 in
804 3383 997 3442 tentationem
1054 3383 1105 3439 sed
1120 3381 1249 3439 alienum
1264 3397 1330 3439 ease
1345 3382 1516 3439 contendas.
1533 3381 1648 3455 litquis
1664 3382 1713 3440 ille
1735 3385 1808 3442 tanti
1824 3384 1880 3442 erit

168 3475 207 3526 ta
221 3487 292 3526 cum
305 3471 457 3528 Joeiniano
471 3470 612 3544 loqueris,
628 3487 679 3528 eos
696 3471 747 3545 qui
763 3471 928 3545 plenassttl
942 3473 1000 3529 ilde
1054 3470 1174 3544 ingenii,
1186 3475 1220 3527 ut
1238 3470 1367 3543 leporem
1391 3471 1436 3527 tui
1456 3472 1601 3528 sermonis
1626 3473 1721 3543 possit
1741 3472 1849 3530 imitari
1865 3475 1880 3530 i

148 3559 329 3632 ¹baptisma
349 3561 494 3618 consecuti
518 3565 598 3628 eunt,
624 3561 730 3618 tentari
754 3560 833 3618 ultra
865 3566 895 3618 et
931 3578 997 3634 pec·
1089 3561 1131 3616 17.
1146 3560 1280 3629 Quomodo
1294 3559 1414 3631 insontes
1429 3561 1489 3616 sins
1500 3563 1609 3632 peccate
1623 3562 1688 3615 siut.
1706 3591 1741 3602 —
1766 3563 1794 3618 C.
1814 3563 1877 3619 Non

173 3661 245 3704 aare
266 3663 324 3703 non
348 3663 439 3721 posse.
468 3649 515 3704 Ad
543 3653 707 3708 extremum
731 3649 879 3707 inferunt:
896 3673 910 3700 ιι
941 3649 997 3706 Sed
1053 3647 1397 3722 possumultradiilerre
1413 3667 1420 3718 ;
1437 3648 1878 3721 omnisvinciturpatientiave·

166 3736 267 3795 libers
282 3751 367 3793 noea
387 3736 476 3794 malo.
498 3759 513 3787 u
538 3737 613 3804 uuit
637 3743 794 3810 precantur
817 3755 834 3794 a
863 3737 996 3806 Domino,
1051 3741 1180 3793 atrorum
1195 3735 1350 3808 iniquitate
1365 3737 1591 3809 perborumoro
1605 3736 1718 3809 te,quid
1735 3736 1874 3794 infantuli

163 3826 250 3899 quod
265 3825 377 3883 habent
392 3827 423 3883 in
439 3826 523 3883 liberi
539 3826 652 3883 arbitrii
665 3831 810 3901 potestate
823 3827 873 3883 ‘to
899 3827 996 3895 bomo,
1052 3840 1207 3898 peccavero
1222 3823 1237 3878 ‘l
1251 3840 1304 3882 nec
1319 3825 1548 3883 conscientiseia
1562 3824 1660 3882 delicti
1672 3825 1811 3900 imputari
1825 3844 1877 3902 po·

161 3927 250 3971 nano
265 3915 398 3972 mundus
409 3915 504 3972 iactus
518 3919 564 3972 est
575 3913 769 3984 inlavacro,et
784 3917 820 3972 da
835 3920 863 3972 te
878 3915 996 3972 dicitur:
1050 3917 1109 3970 test
1120 3929 1173 3970 nec
1189 3912 1365 3987 ignorantia,
1393 3902 1442 3986 qui
1465 3914 1549 3986 juxta
1572 3915 1677 3972 Jonam
1703 3916 1877 3991 prophetam

160 4025 173 4052 ι
194 4003 266 4067 Quo
281 4007 330 4060 est
347 4004 417 4072 ista,
445 4021 508 4078 qua
536 4003 669 4061 ascendit
696 4004 843 4076 dealbata,
867 4005 996 4062 innitens
1051 4019 1172 4058 manum
1188 4002 1338 4058 dexteram
1353 4002 1488 4060 nesciunt
1501 4007 1530 4060 st
1542 4003 1693 4060 sinistram
1710 4005 1781 4078 (ton.
1798 4007 1875 4077 ult).

152 4107 255 4166 super
269 4092 442 4150 fratruelem
464 4109 553 4150 suum
579 4093 669 4164 (Cant.
695 4111 757 4166 vrrr,
774 4095 801 4168 5)
819 4097 831 4151 t
847 4117 862 4146 ι
877 4098 910 4150 ut
936 4093 996 4151 lota
1051 4090 1174 4147 Peccare
1187 4106 1244 4146 oon
1256 4093 1389 4163 possunt,
1406 4097 1433 4146 ct
1447 4095 1572 4163 possunt
1587 4091 1682 4163 perire
1699 4109 1705 4160 ;
1723 4091 1822 4150 benus
1837 4092 1878 4150 la-

149 4179 286 4255 quidem
303 4180 354 4248 ait,
370 4180 421 4237 aad
441 4181 589 4239 custodire
614 4199 673 4239 non
700 4182 796 4239 valeat
823 4182 994 4256 puritatem,
1050 4179 1134 4246 bant,
1150 4177 1266 4253 vagitus
1280 4179 1368 4236 verba
1382 4195 1439 4234 non
1455 4177 1614 4251 explicant,
1635 4179 1803 4237 balbutiens
1818 4181 1874 4238 lin·

147 4267 398 4328 nisisDomino
420 4274 479 4327 Deo
508 4274 700 4328 sustentetur.
731 4271 882 4335 Quomodo
911 4271 995 4344 cupis
1051 4284 1109 4343 gua
1121 4267 1234 4324 ridetur
1247 4269 1269 4336 ³,
1285 4272 1314 4324 st
1328 4271 1441 4324 eterne
1455 4265 1581 4324 miseria
1596 4267 1745 4324 cruciatus
1760 4268 1877 4328 miseris

146 4357 206 4416 nei
224 4355 436 4414 misericordia
450 4355 579 4427 liberari,
595 4358 647 4431 qui
669 4357 756 4432 paulo
771 4363 839 4416 ante
853 4358 995 4416 liberatus
1049 4356 1343 4430 preparantur.A.Ab
1360 4357 1366 4413 l
1383 4355 1508 4413 nimium
1524 4355 1654 4413 disertus
1668 4372 1733 4414 osae
1748 4357 1876 4429 coepisti,

144 4463 182 4504 aa
199 4463 222 4504 ι
237 4445 387 4520 peccatis,
396 4446 453 4505 nisi
468 4445 524 4504 hac
538 4447 721 4520 rationeque
733 4446 875 4516 diximus,
888 4451 994 4504 utcum
1050 4450 1083 4501 ut
1097 4462 1156 4502 non
1167 4445 1262 4502 dicam
1271 4443 1582 4518 eloquens,poetquom
1596 4445 1732 4518 discipuli
1744 4446 1787 4502 tui
1799 4439 1876 4504 versi

146 4535 267 4592 omnia
282 4533 453 4604 iecerimua,
468 4551 523 4592 nos
538 4535 658 4593 inutiles
673 4551 738 4593 esse
753 4536 912 4594 tumemus?
1048 4538 1120 4592 sunt
1137 4535 1165 4590 in
1190 4536 1357 4609 magistros.
1382 4533 1525 4591 Antonius
1548 4537 1646 4590 orator
1673 4534 1818 4609 egregius,
1847 4535 1876 4590 in

148 4693 276 4767 quibus
289 4691 343 4751 alii
357 4695 470 4768 passim
487 4701 650 4753 consonant
663 4699 774 4753 Patres.
798 4695 994 4771 Hieronymus
1048 4692 1231 4760 culteret,vel
1246 4694 1324 4767 quod
1338 4695 1417 4752 sicut
1427 4695 1533 4752 Iuliam
1547 4711 1581 4751 ec
1595 4695 1701 4751 Liuium
1713 4693 1877 4766 promiscue

151 4767 263 4838 ipsam
278 4767 344 4838 ejus
360 4767 502 4824 orationis
519 4769 718 4841 prelationem
734 4767 782 4824 hic
798 4768 918 4838 indicat,
936 4785 995 4841 qua
1048 4765 1108 4822 lere
1122 4764 1258 4822 dicebant
1271 4770 1397 4835 veteres,
1424 4765 1466 4822 ita
1487 4768 1618 4823 ticonio.
1629 4782 1681 4838 pro
1699 4765 1813 4822 luliaco
1832 4779 1877 4823 so-

148 4839 187 4894 in
214 4835 370 4910 plerisque
390 4838 530 4895 omnibus
556 4837 685 4913 liturgiis
705 4840 842 4896 sacerdos
866 4856 897 4896 se
920 4839 994 4896 iadi-
1047 4836 1198 4894 leretdici.
1215 4841 1360 4893 Coeterum
1376 4835 1621 4910 Augustinusdc
1645 4835 1731 4892 Gestis
1753 4838 1875 4908 Pelopis,
1901 4867 1927 4891 ι,

144 4925 255 4984 pum
272 4910 442 4977 confitetor,
459 4910 538 4984 quod
553 4910 660 4968 audeat
674 4907 766 4967 Denm
783 4909 896 4966 Patrem
912 4927 992 4967 com·
1048 4909 1076 4964 id
1095 4907 1137 4990 illi
1151 4910 1182 4964 in
1199 4907 1422 4991 Diospolitanas
1443 4909 1518 4964 nodo
1532 4907 1682 4990 obJectum
1695 4908 1874 4981 relert,quod

142 4979 367 5056 pellarallid.
384 4981 464 5037 card.
482 4981 686 5050 decadarum
702 4983 782 5038 bitur
801 4982 869 5037 icor.
892 4981 943 5037 lib.
961 4997 992 5051 ιι,
1048 4981 1180 5037 scribens
1196 4980 1231 5036 ud
1247 4980 1409 5047 viduam,a
1433 4978 1557 5060 alutaris
1570 4980 1676 5060 durarit
1692 4994 1697 5034 :
1715 5001 1728 5030 ιι
1745 4978 1876 5038 Inveniat

143 5071 223 5128 cap.
245 5055 295 5109 15.
313 5051 456 5108 catarum
482 5051 613 5109 solemne
631 5058 677 5110 est
701 4997 846 5122 scirtius,
869 5057 897 5109 et
921 5068 993 5126 pra·
1049 5051 1126 5134 apud
1134 5055 1162 5108 te
1177 5051 1282 5124 pistae,
1297 5067 1361 5123 quae
1377 5065 1524 5122 nusquam
1540 5053 1651 5106 invenit
1666 5049 1774 5106 locum.
1791 5052 1875 5110 love·

138 5125 568 5257 ἱιὲιιιῗῃῇιέεέιιιιὲἓθοῖιιιιι
600 5124 771 5198 Pelagianos
794 5141 828 5180 ex
864 5125 995 5182 oratione
1048 5123 1237 5252 ιιιὲιειιιιίᾳιιξ
1249 5120 1804 5267 ffirierffgffiritnigioggsgltdefftloffigiiii&
1818 5139 1874 5252 tvi?

192 5213 230 5254 m
460 5212 546 5252 nan.
1048 5212 1073 5250 r1
1124 5240 1131 5265 ,
1170 5212 1206 5252 ua
1588 5233 1596 5260 ,
1865 5213 1875 5254 ι

181 5271 192 5306 ¹
211 5210 527 5336 Juppgnoerffi'pfioequt
540 5281 631 5340 supra
644 5265 993 5334 adnotamus,Demetria-
1048 5271 1078 5323 et
1102 5211 1196 5322 carlou
1218 5267 1289 5334 ilat;
1305 5270 1334 5321 ct
1349 5264 1394 5321 lex
1418 5207 1546 5336 Deigqua
1570 5263 1606 5320 ab
1622 5265 1759 5322 omnibus
1782 5281 1874 5340 prope

138 5343 194 5398 dis
212 5337 328 5406 matri,
342 5337 379 5394 ad
394 5353 485 5411 quam
501 5338 660 5412 scripserat
680 5336 827 5411 Pclagius,
852 5341 885 5393 ut
909 5339 994 5394 docet
1048 5337 1217 5394 hominibus
1234 5336 1442 5404 contemnitur,
1458 5353 1475 5393 a
1490 5341 1518 5393 ts
1532 5333 1595 5392 sola
1606 5333 1777 5393 honoretur.
1792 5357 1807 5387 ιι

137 5409 274 5471 Uarius
290 5407 480 5466 Mereatur‘in
505 5409 733 5467 commonitorio
762 5426 852 5484 super
873 5409 993 5468 nomina
1083 5409 1094 5444 ²
1116 5407 1199 5466 Unus
1222 5409 1288 5466 Vat.
1313 5409 1381 5466 llum
1404 5409 1454 5465 Dei
1476 5407 1587 5466 uocibus
1609 5406 1718 5479 leudos,
1742 5416 1770 5464 et
1792 5405 1876 5477 duis,

138 5481 275 5543 calesti
293 5497 301 5536 :
320 5501 335 5531 ιι
350 5479 481 5554 Denique
495 5480 613 5540 libellus
628 5485 674 5538 est
688 5481 752 5552 ejus
767 5483 888 5554 (Pelopi
903 5498 992 5555 quem
1048 5483 1103 5537 etc.

138 5551 356 5615 habemusin
376 5553 523 5626 manibus,
553 5555 590 5613 ad
606 5551 768 5628 quamdam
797 5552 960 5610 Licaniam.
977 5575 992 5606 ιι
1081 5550 1199 5609 ⁸Vetus
1220 5523 1390 5614 ctit.'rttet.
1406 5553 1470 5610 tom
1493 5553 1559 5612 vat.
1575 5550 1715 5616 staulam
1728 5543 1880 5634 cruciats}

139 5631 194 5696 lta
204 5621 338 5690 voosdt
351 5625 591 5702 petracava
604 5629 640 5688 ut
661 5623 821 5690 consilium
844 5637 992 5688 suumoo·
1045 5623 1167 5696 ιιιιιιιι,
1182 5627 1238 5690 sto.
