4056 6170
277 321 355 394 ltffl

893 321 926 391 S.
948 320 1102 393 sussen
1122 321 1355 394 miscuisti.

1862 323 1920 392 lltt

274 480 337 520 sum
351 477 404 520 rae.
425 459 677 520 Considerandum
701 461 847 536 quomodo
873 477 981 536 sponsa
996 460 1093 519 dieat:
1110 465 1134 530 Α
1150 461 1184 518 et
1198 461 1268 535 quia
1282 461 1407 520 allorum
1430 459 1570 521 erubesco
1596 463 1738 539 aspectus,
1750 457 1836 522 letan
1847 477 1920 522 nean

274 553 344 612 sitit
372 553 471 609 matris
496 567 562 610 mee
594 557 787 625 pugnauerant
816 551 960 608 aduersum
988 566 1031 606 mc
1046 575 1053 616 ;
1069 555 1097 606 et
1151 554 1238 623 eaque
1271 567 1322 608 ora
1351 569 1418 609 mox
1445 558 1599 627 contegere
1627 553 1741 626 incipio.
1764 553 1825 610 Sum
1841 551 1924 627 quippe

274 643 392 716 quando
408 642 619 699 adversuseam
632 643 753 698 fratrum
766 639 1012 715 pugnasurrexit.
1024 638 1096 695 Vide
1150 655 1260 712 sponsa
1288 640 1427 708 lormosn,
1456 649 1485 698 et
1512 641 1579 698 aliis
1608 643 1714 698 nudam
1741 642 1830 698 taciem
1853 659 1923 698 nesn

274 731 397 788 l'aulnm
420 730 553 788 Doclesiae
577 734 803 804 persecutorem,
819 735 847 786 et
862 728 1007 802 intelliges
1023 744 1094 800 qua-

274 821 359 878 modo
379 819 457 877 filius
473 820 576 876 metris
588 821 651 891 ejus
667 819 838 892 pugnaverit
853 819 1006 875 adversum
1018 832 1093 872 eam.

272 910 475 967 Persecutores
490 907 624 964 Ecclesia
639 912 761 980 egerunt
775 906 986 978 paenitentiam,
1003 909 1031 960 et
1046 906 1095 960 ad-

270 998 390 1054 versarii
405 998 469 1068 ejus
480 1014 597 1053 rursum
609 997 644 1052 ed
656 996 765 1052 sororis
782 996 867 1068 signa
878 995 1009 1051 conservi
1021 1011 1091 1066 pree-

270 1087 440 1144 dicsvernnt
452 1087 537 1142 fidem
554 1103 642 1158 quam
659 1091 726 1142 auto
741 1086 941 1142 destruebant.
958 1085 1018 1141 Hoc
1029 1099 1093 1156 prc-

1151 745 1208 784 non
1221 730 1413 798 ostendo‚nlsi
1431 730 1483 786 tibi
1500 729 1553 788 soli
1565 747 1651 804 quem
1664 730 1826 803 jampridem
1837 731 1925 788 densae

1150 817 1209 872 lata
1223 833 1300 874 sum.
1333 821 1477 876 annuntia
1498 820 1570 876 milri
1585 836 1665 891 quem
1678 821 1771 875 dileait
1783 821 1863 875 anima
1874 837 1925 888 aaa,

1148 906 1307 978 altipassus,
1324 907 1372 962 abi
1387 911 1468 964 aibas
1483 910 1513 964 ia
1528 909 1653 979 meridie,
1669 908 1803 982 nequando
1813 908 1926 978 musica

1147 1005 1271 1068 cooperta
1285 1013 1367 1068 super
1381 1014 1474 1069 propes
1496 999 1634 1054 sedetiam
1656 1005 1771 1054 tuorum.
1786 997 1819 1052 Ut
1830 998 1876 1053 ista
1887 1015 1925 1054 aaa

1148 1084 1251 1157 patiar,
1270 1090 1373 1142 utnon
1389 1087 1458 1142 llam
1473 1093 1619 1160 cooperta,
1633 1091 1666 1142 ut
1680 1094 1925 1158 oranoncantegnn,

268 1176 384 1250 photino
399 1175 505 1250 spiritu
520 1193 629 1249 sponse
651 1193 730 1231 nuno
745 1180 876 1244 centana,
893 1176 950 1230 ait:
970 1175 1093 1230 Dimica·
1147 1177 1176 1230 el
1190 1174 1226 1230 ad
1242 1173 1315 1232 alios
1333 1192 1428 1248 usque
1443 1177 1624 1248 perveniens,
1641 1175 1776 1249 incipiam
1801 1174 1927 1232 lorsitanet

268 1272 364 1320 uerunt
391 1267 422 1320 in
448 1280 502 1332 me,
526 1267 677 1337 posuerunt
703 1279 747 1319 me
775 1263 911 1320 custodem
935 1265 965 1317 in
994 1263 1090 1318 uineis.
1147 1279 1196 1319 eos
1211 1279 1397 1334 amaraquos
1413 1265 1531 1332 uesaio;
1547 1264 1654 1320 idcireo
1676 1261 1927 1319 annuntiamihiuhl

268 1355 381 1410 Vineam
406 1371 498 1410 oseam
525 1369 581 1410 uon
607 1353 752 1410 euswdiui.
784 1355 841 1425 Ego
871 1351 1008 1422 Ecclesia,
1038 1367 1092 1424 ego
1146 1352 1567 1425 tequaerumetinuaninmln
1592 1352 1722 1419 meridie,
1752 1369 1785 1408 ne
1807 1351 1928 1408 lortelan

266 1461 385 1516 sponsa,
402 1460 455 1516 ego
471 1443 535 1499 sine
552 1442 676 1512 macule,
692 1442 886 1514 plurimarum
910 1444 1008 1497 custos
1024 1455 1090 1495 aum
1146 1441 1231 1516 quasi
1246 1446 1381 1514 cooperte
1396 1459 1484 1515 snper
1499 1457 1602 1516 greges
1617 1440 1763 1498 soladium
1776 1445 1887 1497 tuorum.

266 1533 362 1604 posita
374 1532 527 1589 vinearum
542 1549 559 1588 a
575 1531 643 1587 iuliis
659 1531 761 1588 matris
774 1549 856 1598 mee,
871 1531 920 1603 qui
932 1535 1091 1586 contremo
1180 1531 1207 1586 9.
1242 1530 1372 1587 Posthac
1392 1531 1481 1588 verba
1503 1547 1632 1603 sponsus
1652 1531 1678 1586 ei
1694 1529 1929 1586 communicatura

265 1620 423 1692 aliquando
439 1625 650 1693 pugnaverant.
667 1623 729 1686 Qua
752 1619 947 1676 sollicitudine
963 1635 1091 1690 caraque
1145 1619 1233 1676 dicit:
1250 1625 1309 1675 Aut
1323 1637 1465 1692 cognosce
1492 1619 1678 1692 temetipsam
1696 1620 1827 1690 quoniam
1840 1617 1929 1687 regises

265 1708 409 1778 districta,
419 1709 490 1765 dnm
498 1708 735 1780 plursscustodia
745 1709 854 1776 vineas,
868 1708 981 1763 vineam
994 1723 1089 1764 meam
1145 1725 1263 1780 sponsa,
1280 1713 1309 1765 et
1323 1709 1460 1780 lormosa,
1474 1714 1502 1764 et
1516 1726 1533 1764 a
1549 1724 1595 1764 me
1619 1708 1695 1764 lacta
1716 1708 1850 1773 lormosa3
1863 1703 1929 1775 siqui·

266 1813 323 1852 non
339 1797 459 1854 servavi.
477 1796 607 1869 intellige
623 1797 677 1853 boc
691 1798 727 1853 de
743 1797 841 1868 Paulo,
853 1801 881 1852 et
892 1796 949 1852 alio
961 1812 1090 1868 quaeun-
1144 1797 1210 1853 dem
1235 1813 1288 1870 ege
1312 1797 1384 1853 mihi
1406 1796 1524 1854 exhibui
1548 1795 1708 1869 gloriosam
1723 1794 1876 1864 Ecclesiam,
1891 1809 1930 1847 nou

265 1902 321 1958 que
332 1891 512 1954 sanctarum,
522 1886 572 1958 qui
583 1902 635 1958 pro
646 1883 1087 1952 omniurnsitsalutosollicitus;
1106 1846 1128 1910 B
1143 1885 1299 1943 habentem
1316 1886 1473 1954 maculam,
1490 1902 1584 1958 neque
1597 1901 1701 1958 rugam
1716 1886 1747 1940 ⁶⁰.
1764 1881 1930 1952 disciteque

263 1980 293 2030 et
307 1973 419 2031 videbis
434 1975 580 2047 quemodo
595 1974 709 2030 vineam
735 1991 818 2030 suam
835 1991 892 2030 non
908 1973 1088 2040 custodiens,
1143 1974 1167 2032 si
1183 1978 1211 2031 te
1224 1993 1281 2031 non
1292 1975 1471 2048 cognoveris,
1483 1979 1512 2030 et
1523 1979 1602 2030 tuam
1614 1973 1717 2030 scieris
1728 1972 1931 2046 dignitatemps·

264 2062 680 2126 eliorumvinetacustodinl,·
703 2061 1088 2136 quomodoetiamutalios
1143 2063 1224 2120 tiaris
1257 2064 1318 2120 haee
1344 2082 1408 2137 que
1432 2068 1608 2136 sequuntur.
1638 2064 1777 2128 Quaenam
1801 2057 1930 2116 istasunt?

264 2150 437 2220 lucrifaciat,
461 2151 524 2224 ipse
547 2152 577 2207 in
600 2151 776 2224 quibusdam
801 2152 910 2207 damna
924 2150 1087 2207 sustineat:
1142 2153 1234 2228 (Vere.
1252 2154 1292 2226 8.)
1307 2153 1403 2210 Sinon
1420 2155 1575 2224 cognoveris
1591 2154 1773 2224 temetipsam,
1788 2147 1931 2222 opuletrais

263 2241 371 2296 etenim
387 2258 453 2297 curn
470 2240 557 2296 luerit
572 2241 646 2296 liber
666 2258 700 2296 ex
715 2239 861 2306 omnibus,
878 2241 1009 2312 scipsum
1026 2256 1087 2294 ser-

264 2349 333 2388 vum
351 2330 426 2400 lecit,
444 2335 477 2387 ut
490 2348 594 2387 omnes
620 2331 822 2388 lucrifaceret:
847 2331 944 2386 Factus
956 2347 1027 2396 siam,
1043 2329 1088 2385 in·

263 2419 336 2494 quit,
362 2421 489 2492 infirmas
516 2422 646 2491 infirmis,
670 2421 772 2477 iudeis
783 2420 903 2486 taleas,
919 2421 964 2476 lais
978 2422 1026 2492 qai
1038 2419 1088 2474 scir

265 2509 325 2582 leae
347 2519 435 2579 erant,
466 2512 545 2582 quasi
564 2510 615 2567 suh
636 2511 738 2579 intell,
754 2513 782 2566 et
796 2514 914 2577 caetera;
931 2510 1085 2580 dicetque:

265 2601 377 2656 Vineam
391 2615 480 2657 meam
495 2615 550 2655 reon
564 2599 706 2655 custodivi.
723 2597 831 2654 Deinde
846 2598 988 2670 conspicit
999 2613 1088 2669 spen-

263 2705 341 2757 sam,
357 2689 406 2760 qui
423 2693 596 2760 conspectus
611 2687 752 2744 abscedit.
768 2688 803 2742 Et
817 2688 982 2758 frequenter
992 2686 1046 2744 hoc
1058 2688 1087 2742 in

265 2781 326 2834 toto
341 2777 470 2834 carmine
495 2777 573 2843 lacit,
598 2777 676 2848 quod
701 2775 758 2832 nisi
783 2775 850 2847 quis
873 2776 934 2847 ipse
949 2775 1086 2847 patiatur,

1142 2244 1316 2309 mulieribus,
1331 2244 1464 2312 epredere
1478 2247 1507 2297 la
1522 2244 1551 2297 ia
1568 2243 1690 2312 uestigiis
1713 2257 1830 2312 prepara,
1843 2241 1932 2308 epoto

1143 2349 1201 2388 nou
1215 2349 1319 2406 greges
1338 2333 1446 2402 ovium,
1472 2347 1531 2388 non
1560 2345 1716 2404 agnorum,
1743 2331 1791 2386 sed
1808 2329 1932 2382 Massiua

1143 2421 1256 2478 Statuet
1269 2420 1379 2494 quippe
1394 2437 1461 2477 oves
1476 2437 1493 2476 a
1507 2419 1627 2486 destris,
1643 2424 1673 2474 et
1688 2437 1706 2474 a
1720 2415 1932 2474 sinistrishudos.

1142 2512 1173 2568 Si
1186 2526 1242 2568 aaa
1255 2512 1413 2580 coqaaueris
1427 2511 1606 2580 temetipsam,
1629 2523 1644 2564 o
1666 2508 1784 2579 pulchra
1798 2508 1826 2562 in
1839 2503 1934 2560 mulieri·

1142 2601 1230 2667 ritas,
1245 2599 1374 2669 egredere
1388 2604 1418 2655 ta
1431 2601 1460 2654 in
1475 2599 1598 2666 vestique
1611 2613 1738 2669 prepara,
1755 2600 1781 2652 et
1792 2591 1934 2668 perstate

1142 2695 1203 2744 laos
1218 2691 1247 2744 in
1263 2688 1447 2744 intemeratis
1460 2695 1613 2758 pastorum.
1642 2685 1673 2742 ln
1702 2683 1841 2757 vestigiis,
1855 2679 1933 2752 inquit,

1143 2783 1291 2850 pastorum
1308 2776 1468 2832 novissima
1482 2777 1545 2846 fies,
1562 2783 1622 2830 non'
1634 2775 1714 2830 inter
1735 2791 1812 2839 oves,
1825 2772 1869 2828 sed
1882 2770 1934 2823 inlu

264 2884 322 2923 non
343 2871 438 2940 potest
452 2864 624 2938 intelligere.
641 2865 731 2936 Saepe,
749 2865 826 2920 Deus
839 2857 922 2920 testis
933 2867 988 2930 est,
999 2881 1087 2935 spon·
1142 2865 1241 2924 hedos
1256 2870 1332 2936 tuos,
1348 2882 1416 2920 cum
1431 2866 1539 2937 quibus
1563 2865 1701 2920 habitans
1713 2880 1771 2919 non
1786 2859 1882 2935 poteris
1894 2871 1934 2912 ne·

263 2973 330 3013 sum
340 2956 411 3012 mihi
424 2957 578 3012 adventare
591 2955 737 3026 conspexi,
749 2957 778 3009 et
788 2971 902 3009 mecum
914 2969 1088 3025 essequam·
1142 2973 1221 3023 cum,
1236 2956 1262 3010 id
1279 2959 1325 3012 est
1339 2971 1404 3010 eum
1417 2955 1493 3011 bono
1511 2957 1625 3024 pastore
1639 2969 1715 3009 esse.

263 3045 424 3118 plurimum
438 3063 445 3114 ;
461 3061 519 3118 quo
534 3043 632 3100 subito
647 3043 807 3108 recedente,
825 3043 1021 3098 invenirenon
1036 3058 1086 3114 po·
1178 3047 1221 3100 la.
1238 3043 1321 3100 Vere.
1341 3045 1370 3100 9.
1391 3046 1531 3116 Equitatai
1548 3057 1609 3098 naec
1625 3045 1655 3098 in
1669 3043 1799 3097 curribus
1814 3035 1935 3094 Pharaonis

262 3135 303 3190 tui
320 3135 398 3205 quod
423 3133 600 3206 querebam.
626 3132 737 3188 Rursus
761 3131 851 3202 igitur
874 3131 1008 3188 desidero
1023 3133 1087 3202 ejus
1140 3135 1294 3190 assimilavi
1308 3141 1345 3203 te,
1360 3135 1452 3188 amica
1466 3149 1536 3188 tneo.
1551 3131 1581 3187 Si
1597 3132 1641 3187 vis
1653 3130 1935 3203 intelligereospante

262 3221 431 3290 adventum,
453 3227 483 3276 et
506 3235 716 3290 nonnunquam
740 3219 845 3275 iterum
866 3219 945 3275 venit
957 3237 963 3284 ;
977 3223 1005 3274 et
1019 3235 1086 3274 anni
1103 3213 1124 3280 C
1143 3221 1288 3294 quomodo
1303 3221 1377 3275 scire
1392 3224 1419 3276 te
1435 3221 1552 3285 debeas,
1573 3233 1717 3290 cognosce
1739 3218 1786 3273 eui
1807 3223 1832 3272 te
1846 3227 1935 3283 conpa-

261 3309 437 3382 epparuerit‚
454 3308 586 3380 meisque
601 3308 738 3364 manibus
749 3307 835 3364 luerit
845 3309 1086 3380 comprehensus,
1140 3308 1275 3374 severina,
1291 3313 1323 3364 et
1334 3310 1403 3362 lunc
1417 3307 1530 3363 videbis
1544 3305 1632 3364 talem
1648 3311 1675 3362 te
1691 3323 1759 3363 esse
1779 3323 1839 3378 que
1852 3297 1936 3359 turbari

262 3413 380 3454 rursum
405 3396 540 3464 elabitur,
560 3401 589 3452 et
606 3413 673 3452 curn
690 3397 776 3452 luerit
790 3397 919 3470 clapsus,
936 3415 1054 3453 rursum
1069 3413 1086 3452 a
1140 3413 1198 3453 nan
1214 3397 1331 3464 debeas,
1348 3413 1415 3454 curn
1442 3401 1522 3451 tuam
1546 3394 1673 3468 speeiem
1700 3392 1871 3468 cognoveris.
1884 3387 1935 3454 Quid

263 3503 310 3543 me
324 3485 495 3558 inquiritur,
510 3489 539 3541 et
553 3484 607 3541 hoe
623 3485 724 3541 crebro
736 3486 812 3550 lacit,
824 3487 916 3543 donec
927 3484 1010 3542 illum
1022 3501 1086 3542 vero
1140 3491 1185 3544 est
1199 3485 1306 3558 igitur:
1323 3485 1466 3556 liquitotai
1477 3499 1536 3539 areo
1557 3485 1585 3538 in
1607 3485 1738 3539 curribus
1753 3481 1894 3540 l’lmraonis
1907 3493 1939 3531 as·

262 3581 388 3644 teneam,
403 3579 432 3632 et
446 3575 600 3632 ascendam
617 3573 719 3630 innixa
738 3574 796 3646 tl3)
812 3590 901 3648 snper
917 3573 1085 3630 fratruelem
1139 3573 1263 3631 urationi
1278 3574 1326 3630 tc‘i
1348 3573 1414 3629 Seio
1438 3573 1575 3644 equidem
1598 3588 1743 3643 sponsum
1768 3570 1896 3645 propheta
1908 3565 1937 3619 ti·

263 3682 375 3724 meum.
1141 3669 1243 3720 cente:
1260 3665 1291 3718 et
1306 3664 1437 3734 equitatio
1450 3662 1509 3733 ejas
1523 3663 1598 3716 salas
1612 3662 1642 3715 ³⁰.
1667 3659 1839 3717 assimilata
1851 3675 1878 3714 es
1889 3667 1937 3724 erga

267 3801 269 3807 .
300 3755 442 3813 saa-18
458 3757 485 3810 8.
501 3754 582 3811 Vere.
598 3755 626 3808 7.
640 3753 783 3810 denuntio
806 3755 879 3809 milti
896 3769 975 3826 quem
988 3751 1087 3808 ditescit
1140 3753 1283 3825 equitatui
1296 3769 1360 3808 meo
1376 3751 1405 3806 in
1420 3751 1556 3807 curribus
1568 3750 1739 3807 Pharaonis.
1751 3752 1888 3816 Quantum
1900 3744 1953 3798 dil·

262 3845 509 3912 caticumenum
530 3846 630 3916 poscis,
654 3843 703 3898 uhi
724 3843 807 3898 cubas
830 3845 861 3898 in
881 3843 1007 3898 meridie.
1024 3841 1086 3897 Non
1141 3843 1184 3898 ler
1197 3841 1346 3914 equitatus
1362 3855 1446 3896 moue
1469 3839 1521 3910 qui
1534 3853 1599 3894 sum
1616 3837 1773 3906 Dominus,
1788 3837 1937 3903 etdemergss

262 3932 424 4006 quesnelio
433 3933 693 4005 tempora,quando
703 3930 1087 4003 vespere,quandodiluculo
1140 3931 1170 3988 ia
1183 3930 1321 3985 llnclibus
1331 3929 1524 3996 Pharaonem,
1535 3932 1564 3983 et
1574 3926 1710 3982 cristatos
1722 3927 1767 3983 vel
1778 3928 1886 3998 aurigas
1898 3922 1938 3988 gill

262 4022 380 4093 quando
395 4021 424 4074 in
440 4020 511 4076 solis
526 4018 619 4091 pascis
634 4019 788 4086 occubitu;
816 4017 886 4073 illue
910 4023 1086 4090 tempusrn·
1141 4021 1250 4090 ejuset
1264 4034 1433 4074 ascensores
1465 4017 1530 4087 epus
1561 4021 1590 4071 et
1612 4013 1939 4086 equosetcurruaejus:

263 4111 359 4185 quire,
376 4109 493 4182 quando
509 4108 629 4164 llorento
653 4108 709 4174 die,
734 4107 851 4179 quando
876 4105 963 4178 plenu
977 4105 1042 4161 luce
1057 4105 1086 4162 in
1142 4113 1296 4180 quantum,
1314 4107 1446 4178 inquunt,
1463 4105 1560 4160 differt
1574 4103 1726 4176 equitatus
1743 4121 1826 4160 meus
1840 4097 1942 4171 abequis

265 4199 499 4272 majestatistua
525 4196 680 4268 splendore
700 4195 835 4252 versaris.
861 4194 1089 4250 Annuntiamibi
1142 4196 1314 4262 Pharaonis,
1343 4199 1424 4250 tanto
1451 4193 1557 4249 melier
1585 4209 1616 4249 es
1641 4193 1782 4250 omnibus
1797 4191 1901 4248 llliebus
1913 4192 1942 4248 tn,

263 4305 343 4362 quem
357 4287 458 4343 dilexit
481 4288 575 4342 naimo
597 4301 670 4352 mea,
696 4285 744 4340 ati
764 4285 863 4356 poscis,
889 4283 937 4339 uhi
960 4285 1043 4338 critas
1058 4285 1087 4339 in
1142 4302 1260 4358 sponsa,
1277 4291 1308 4341 tu
1325 4283 1525 4340 ecelesiastica
1539 4282 1648 4347 anima,
1665 4278 1943 4339 omnibusanimsbas

263 4377 390 4434 nteridie.
406 4374 566 4448 Diligenter
588 4373 710 4431 observa
733 4374 784 4429 ubi
804 4371 955 4428 meridiem
972 4372 1087 4440 legeris.
1143 4391 1208 4448 quie
1230 4390 1286 4430 non
1313 4375 1383 4428 sunt
1397 4371 1610 4428 ecclesiastices.
1626 4371 1719 4444 lgitur
1735 4372 1759 4428 si
1776 4363 1944 4428 ecelesiastica

265 4467 351 4540 Apud
365 4463 474 4537 ioseph
491 4464 612 4519 meridie
628 4464 733 4518 iratres
757 4462 914 4533 prandium
931 4460 1087 4518 celebrant.
1144 4464 1244 4520 anima
1258 4479 1301 4527 es,
1317 4461 1456 4517 omnibus
1471 4460 1628 4516 animabus
1643 4477 1675 4516 es
1693 4459 1816 4516 melior:
1832 4459 1855 4514 si
1869 4463 1944 4512 none

264 4554 365 4627 Angeli
389 4553 511 4609 meridie
533 4552 654 4608 Abrahae
678 4551 882 4623 suscipiuntur
907 4551 1045 4623 bospitio,
1062 4557 1091 4607 at
1148 4549 1260 4620 melier,
1276 4565 1333 4604 non
1353 4565 1385 4604 es
1399 4546 1609 4604 ecclesiastica.
1634 4549 1781 4620 Equitctui
1793 4561 1849 4602 meo
1863 4546 1944 4598 iscar·

265 4647 370 4700 cetera
384 4641 564 4698 istiusmodi.
587 4641 697 4708 Quare,
722 4643 751 4695 et
765 4639 895 4695 invenies
909 4639 1089 4712 Scriptorum
1143 4638 1218 4693 rittts
1233 4638 1390 4692 Pharaonis
1405 4635 1565 4693 assimilari
1580 4637 1617 4702 te,
1635 4635 1767 4707 prosince
1780 4650 1849 4690 mea.
1862 4625 1944 4688 asinis

265 4731 394 4790 divinam
414 4747 472 4786 non
497 4732 605 4786 l'rustre
628 4745 680 4785 seu
705 4727 826 4784 lartuita
850 4744 1098 4800 unumquemque⁸
1143 4723 1393 4799 pulchritudinem
1411 4740 1526 4796 sponsas
1549 4723 1675 4796 spiritali
1699 4739 1801 4780 umore
1822 4714 1942 4778 emeriti

265 4831 408 4894 usurpare
422 4835 598 4876 sermonem.
615 4817 685 4883 Quis
700 4821 788 4888 putes
802 4820 846 4870 est
862 4785 1097 4888 dignuseriobia'
1143 4815 1237 4886 (Vere.
1269 4813 1325 4886 l0.)
1354 4811 1437 4870 certe
1465 4817 1519 4867 tuae
1546 4819 1576 4867 ut
1604 4815 1733 4868 tartaris.
1765 4811 1873 4868 Faciem
1886 4803 1944 4863 iltius

264 4918 298 4970 ut
312 4913 347 4968 ad
365 4909 517 4967 meridiem
534 4923 627 4980 usque
643 4904 801 4979 perveniat,
825 4908 854 4960 el
874 4903 1031 4960 vidontuhi
1044 4923 1090 4976 pn·
1143 4888 1944 4974 laudat,etgenerum,ruberesuecenditurfll).Pulchri·

266 5005 338 5072 scat,
355 5001 419 5056 ubit
433 4999 520 5055 cubet
535 5013 661 5069 sponsus
671 4995 685 5050 t
697 4994 839 5049 denuntia
849 4995 919 5049 mitti
929 5009 1007 5064 quem
1017 4983 1089 5050 'dile
1143 4993 1215 5050 tuda
1231 4993 1339 5064 quippe
1355 4990 1512 5046 mulierum
1527 4989 1558 5045 in
1579 4991 1663 5062 genis
1674 4990 1943 5057 uisituressequnn·

265 5091 418 5146 stenima
444 5104 515 5156 ineat,
546 5086 594 5143 alti
618 5085 717 5158 pascis,
746 5083 795 5138 uhi
821 5082 904 5138 cubas
917 5083 946 5137 in
961 5082 1088 5138 meridie.
1144 5070 1944 5159 plurima.ltaetnospulchritudinemanimeintelliga·
1986 5063 1987 5134 l

267 5176 329 5231 Nisi
343 5179 421 5234 enirn
438 5183 469 5234 tu
482 5175 552 5233 mibi
564 5172 796 5239 annuntiaveris,
807 5171 915 5243 incipio
925 5171 1091 5228 errabunda
1145 5188 1211 5227 mus
1227 5171 1256 5225 in
1273 5167 1366 5244 genis.
1384 5167 1473 5224 Labie
1491 5182 1557 5222 vero
1583 5168 1658 5238 ejus,
1673 5171 1702 5222 et
1715 5165 1845 5238 linguam
1859 5153 1944 5216 intelll-

265 5263 380 5333 iactari,
395 5269 425 5321 et
438 5267 666 5337 dumtequero,
677 5262 707 5318 in
720 5260 844 5318 eliorum
857 5275 959 5332 greges
972 5260 1089 5318 incurro
1145 5259 1273 5332 gentiam
1303 5255 1500 5331 praedicimus.
1531 5255 1638 5311 Collum
1666 5239 1944 5311 sermocinamini

302 5379 324 5413 ²⁸
341 5377 351 5434 l
366 5381 430 5435 Gor.
449 5394 490 5446 1x,
507 5383 551 5434 20.
568 5381 614 5450 21,
628 5383 674 5449 22,
690 5379 712 5414 ⁶⁹
727 5376 800 5448 llph.
816 5391 844 5443 v,
861 5378 906 5432 27,
930 5375 1052 5432 wilbac.
1065 5393 1108 5444 111,
1123 5377 1151 5432 8.

285 5507 288 5512 “
319 5503 681 5576 l3llllss.,inntxo.Libb.
699 5503 780 5568 edit,
803 5503 930 5557 innisus.
1183 5501 1240 5572 (15)
1265 5499 1360 5555 Gades
1388 5495 1551 5566 Beecensis,
1584 5496 1769 5554 succenditur.
1800 5481 1939 5550 libhedil·

268 5577 362 5708 wltlpp
377 5573 565 5700 gerzppriqas.
583 5575 733 5629 Omittitur
758 5574 789 5629 in
805 5571 876 5628 libb.
893 5571 990 5638 editis,
1005 5573 1092 5630 resti·
1145 5571 1338 5646 profunditur.
