<?xml version="1.0" encoding="UTF-8"?>
<!DOCTYPE html PUBLIC "-//W3C//DTD XHTML 1.0 Transitional//EN"
    "http://www.w3.org/TR/xhtml1/DTD/xhtml1-transitional.dtd">
<html xmlns="http://www.w3.org/1999/xhtml" xml:lang="en" lang="en">
 <head>
  <title>
</title>
<meta http-equiv="Content-Type" content="text/html;charset=utf-8" />
  <meta name='ocr-system' content='tesseract 3.04.00' />
  <meta name='ocr-capabilities' content='ocr_page ocr_carea ocr_par ocr_line ocrx_word'/>
</head>
<body>
  <div class='ocr_page' id='page_1' title='image "./patrologiaecurs01goog_0695.png"; bbox 0 0 4068 6170; ppageno 0'>
   <div class='ocr_carea' id='block_1_1' title="bbox 256 277 1914 350">
    <p class='ocr_par' dir='ltr' id='par_1_1' title="bbox 256 277 1914 350">
     <span class='ocr_line' id='line_1_1' title="bbox 256 277 1914 350; baseline 0.004 -8"><span class='ocrx_word' id='word_1_1' title='bbox 256 283 340 345; x_wconf 76' lang='lat' dir='ltr'>tete</span> <span class='ocrx_word' id='word_1_2' title='bbox 1012 277 1224 345; x_wconf 78' lang='lat' dir='ltr'>aerunulx.</span> <span class='ocrx_word' id='word_1_3' title='bbox 1855 285 1914 350; x_wconf 78' lang='lat' dir='ltr'>titt</span> 
     </span>
    </p>
   </div>
   <div class='ocr_carea' id='block_1_2' title="bbox 252 409 1917 1198">
    <p class='ocr_par' dir='ltr' id='par_1_2' title="bbox 253 409 1917 1110">
     <span class='ocr_line' id='line_1_2' title="bbox 258 409 1915 491; baseline 0.005 -21"><span class='ocrx_word' id='word_1_4' title='bbox 258 415 392 487; x_wconf 91' lang='lat' dir='ltr'>iniquum</span> <span class='ocrx_word' id='word_1_5' title='bbox 406 410 488 468; x_wconf 80' lang='lat' dir='ltr'>valde</span> <span class='ocrx_word' id='word_1_6' title='bbox 499 409 555 468; x_wconf 84' lang='lat' dir='ltr'>luit</span> <span class='ocrx_word' id='word_1_7' title='bbox 569 409 727 470; x_wconf 86' lang='lat' dir='ltr'>amicitiam</span> <span class='ocrx_word' id='word_1_8' title='bbox 749 415 953 486; x_wconf 30' lang='lat' dir='ltr'>*praetendisse</span> <span class='ocrx_word' id='word_1_9' title='bbox 971 420 999 468; x_wconf 85' lang='lat' dir='ltr'>ct</span> <span class='ocrx_word' id='word_1_10' title='bbox 1017 431 1079 470; x_wconf 89' lang='lat' dir='ltr'>eum</span> <span class='ocrx_word' id='word_1_11' title='bbox 1097 420 1122 482; x_wconf 82' lang='grc' dir='ltr'>Α</span> <span class='ocrx_word' id='word_1_12' title='bbox 1138 416 1258 472; x_wconf 88' lang='lat' dir='ltr'>victorie</span> <span class='ocrx_word' id='word_1_13' title='bbox 1273 421 1301 472; x_wconf 90' lang='lat' dir='ltr'>et</span> <span class='ocrx_word' id='word_1_14' title='bbox 1317 416 1413 488; x_wconf 91' lang='lat' dir='ltr'>potius</span> <span class='ocrx_word' id='word_1_15' title='bbox 1424 414 1501 474; x_wconf 79' lang='lat' dir='ltr'>crede</span> <span class='ocrx_word' id='word_1_16' title='bbox 1516 415 1645 491; x_wconf 88' lang='lat' dir='ltr'>gloriari,</span> <span class='ocrx_word' id='word_1_17' title='bbox 1660 415 1690 474; x_wconf 89' lang='lat' dir='ltr'>in</span> <span class='ocrx_word' id='word_1_18' title='bbox 1706 434 1760 491; x_wconf 89' lang='lat' dir='ltr'>qua</span> <span class='ocrx_word' id='word_1_19' title='bbox 1775 435 1826 476; x_wconf 91' lang='lat' dir='ltr'>non</span> <span class='ocrx_word' id='word_1_20' title='bbox 1845 420 1915 479; x_wconf 81' lang='lat' dir='ltr'>rictus</span> 
     </span>
     <span class='ocr_line' id='line_1_3' title="bbox 257 501 1916 578; baseline 0.004 -20"><span class='ocrx_word' id='word_1_21' title='bbox 257 508 358 575; x_wconf 89' lang='lat' dir='ltr'>postea</span> <span class='ocrx_word' id='word_1_22' title='bbox 373 501 545 574; x_wconf 80' lang='lat' dir='ltr'>prodidisse.</span> <span class='ocrx_word' id='word_1_23' title='bbox 562 503 593 558; x_wconf 85' lang='lat' dir='ltr'>la</span> <span class='ocrx_word' id='word_1_24' title='bbox 608 503 723 559; x_wconf 85' lang='lat' dir='ltr'>consilio</span> <span class='ocrx_word' id='word_1_25' title='bbox 745 520 841 560; x_wconf 84' lang='lat' dir='ltr'>cerum</span> <span class='ocrx_word' id='word_1_26' title='bbox 864 519 898 559; x_wconf 85' lang='lat' dir='ltr'>ne</span> <span class='ocrx_word' id='word_1_27' title='bbox 912 505 1003 559; x_wconf 71' lang='lat' dir='ltr'>ueremi</span> <span class='ocrx_word' id='word_1_28' title='bbox 1017 507 1080 558; x_wconf 85' lang='lat' dir='ltr'>ani·</span> <span class='ocrx_word' id='word_1_29' title='bbox 1136 503 1287 560; x_wconf 87' lang='lat' dir='ltr'>bellatoris</span> <span class='ocrx_word' id='word_1_30' title='bbox 1300 509 1413 576; x_wconf 87' lang='lat' dir='ltr'>poterat</span> <span class='ocrx_word' id='word_1_31' title='bbox 1435 505 1559 576; x_wconf 88' lang='lat' dir='ltr'>laudari,</span> <span class='ocrx_word' id='word_1_32' title='bbox 1585 507 1636 562; x_wconf 91' lang='lat' dir='ltr'>sed</span> <span class='ocrx_word' id='word_1_33' title='bbox 1655 507 1749 578; x_wconf 93' lang='lat' dir='ltr'>petius</span> <span class='ocrx_word' id='word_1_34' title='bbox 1771 506 1866 564; x_wconf 85' lang='lat' dir='ltr'>lalaitas</span> <span class='ocrx_word' id='word_1_35' title='bbox 1882 512 1916 566; x_wconf 85' lang='lat' dir='ltr'>de</span> 
     </span>
     <span class='ocr_line' id='line_1_4' title="bbox 256 591 1915 666; baseline 0.004 -20"><span class='ocrx_word' id='word_1_36' title='bbox 256 591 473 663; x_wconf 71' lang='lat' dir='ltr'>uecmeatllu&#39;d.</span> <span class='ocrx_word' id='word_1_37' title='bbox 500 593 539 660; x_wconf 87' lang='grc'>6).</span> <span class='ocrx_word' id='word_1_38' title='bbox 565 591 699 648; x_wconf 90' lang='lat' dir='ltr'>videlicet</span> <span class='ocrx_word' id='word_1_39' title='bbox 714 609 868 649; x_wconf 85' lang='lat' dir='ltr'>exsecrans</span> <span class='ocrx_word' id='word_1_40' title='bbox 895 609 1013 648; x_wconf 91' lang='lat' dir='ltr'>omnem</span> <span class='ocrx_word' id='word_1_41' title='bbox 1042 593 1082 648; x_wconf 88' lang='lat' dir='ltr'>si·</span> <span class='ocrx_word' id='word_1_42' title='bbox 1135 595 1644 666; x_wconf 70' lang='lat' dir='ltr'>ceptoriscoargui.Qaiainsarcre</span> <span class='ocrx_word' id='word_1_43' title='bbox 1669 597 1868 654; x_wconf 83' lang='lat' dir='ltr'>suooccideruut</span> <span class='ocrx_word' id='word_1_44' title='bbox 1886 601 1915 654; x_wconf 85' lang='lat' dir='ltr'>ri-</span> 
     </span>
     <span class='ocr_line' id='line_1_5' title="bbox 257 679 1915 755; baseline 0.004 -21"><span class='ocrx_word' id='word_1_45' title='bbox 257 681 397 735; x_wconf 87' lang='lat' dir='ltr'>mulatam</span> <span class='ocrx_word' id='word_1_46' title='bbox 429 695 540 752; x_wconf 90' lang='lat' dir='ltr'>paoem.</span> <span class='ocrx_word' id='word_1_47' title='bbox 570 679 651 736; x_wconf 91' lang='lat' dir='ltr'>Unde</span> <span class='ocrx_word' id='word_1_48' title='bbox 680 687 709 736; x_wconf 88' lang='lat' dir='ltr'>et</span> <span class='ocrx_word' id='word_1_49' title='bbox 733 683 836 737; x_wconf 86' lang='lat' dir='ltr'>heatus</span> <span class='ocrx_word' id='word_1_50' title='bbox 861 681 949 736; x_wconf 82' lang='lat' dir='ltr'>David</span> <span class='ocrx_word' id='word_1_51' title='bbox 972 681 1080 738; x_wconf 85' lang='lat' dir='ltr'>talibus</span> <span class='ocrx_word' id='word_1_52' title='bbox 1116 699 1208 754; x_wconf 67' lang='lat' dir='ltr'>⁸ric-ru,</span> <span class='ocrx_word' id='word_1_53' title='bbox 1237 690 1263 738; x_wconf 91' lang='lat' dir='ltr'>ct</span> <span class='ocrx_word' id='word_1_54' title='bbox 1285 683 1427 738; x_wconf 84' lang='lat' dir='ltr'>voluntale</span> <span class='ocrx_word' id='word_1_55' title='bbox 1451 699 1502 738; x_wconf 81' lang='lat' dir='ltr'>sue</span> <span class='ocrx_word' id='word_1_56' title='bbox 1524 684 1695 755; x_wconf 75' lang='lat' dir='ltr'>staffodcrunt</span> <span class='ocrx_word' id='word_1_57' title='bbox 1716 702 1819 740; x_wconf 86' lang='lat' dir='ltr'>murum</span> <span class='ocrx_word' id='word_1_58' title='bbox 1839 687 1915 755; x_wconf 78' lang='lat' dir='ltr'>(Hit).</span> 
     </span>
     <span class='ocr_line' id='line_1_6' title="bbox 255 769 1917 846; baseline 0.004 -24"><span class='ocrx_word' id='word_1_59' title='bbox 255 769 422 841; x_wconf 85' lang='lat' dir='ltr'>quibusque</span> <span class='ocrx_word' id='word_1_60' title='bbox 437 769 512 823; x_wconf 88' lang='lat' dir='ltr'>Hctis</span> <span class='ocrx_word' id='word_1_61' title='bbox 528 769 715 841; x_wconf 82' lang='lat' dir='ltr'>imprecatur,</span> <span class='ocrx_word' id='word_1_62' title='bbox 741 772 789 841; x_wconf 80' lang='lat' dir='ltr'>qui</span> <span class='ocrx_word' id='word_1_63' title='bbox 813 771 964 840; x_wconf 79' lang='lat' dir='ltr'>loquuntur</span> <span class='ocrx_word' id='word_1_64' title='bbox 986 787 1081 842; x_wconf 84' lang='lat' dir='ltr'>pacem</span> <span class='ocrx_word' id='word_1_65' title='bbox 1135 770 1297 826; x_wconf 77' lang='lat' dir='ltr'>Persicum</span> <span class='ocrx_word' id='word_1_66' title='bbox 1315 771 1438 843; x_wconf 87' lang='lat' dir='ltr'>Sychem</span> <span class='ocrx_word' id='word_1_67' title='bbox 1455 770 1577 844; x_wconf 75' lang='lat' dir='ltr'>intelligi</span> <span class='ocrx_word' id='word_1_68' title='bbox 1595 773 1690 838; x_wconf 87' lang='lat' dir='ltr'>debet,</span> <span class='ocrx_word' id='word_1_69' title='bbox 1705 778 1734 828; x_wconf 89' lang='lat' dir='ltr'>et</span> <span class='ocrx_word' id='word_1_70' title='bbox 1745 790 1858 846; x_wconf 90' lang='lat' dir='ltr'>pereum</span> <span class='ocrx_word' id='word_1_71' title='bbox 1870 790 1917 830; x_wconf 90' lang='lat' dir='ltr'>ou·</span> 
     </span>
     <span class='ocr_line' id='line_1_7' title="bbox 253 858 1917 939; baseline 0.004 -27"><span class='ocrx_word' id='word_1_72' title='bbox 253 873 317 912; x_wconf 78' lang='lat' dir='ltr'>curn</span> <span class='ocrx_word' id='word_1_73' title='bbox 342 859 469 930; x_wconf 78' lang='lat' dir='ltr'>proximo</span> <span class='ocrx_word' id='word_1_74' title='bbox 492 858 655 924; x_wconf 63' lang='lat' dir='ltr'>summota</span> <span class='ocrx_word' id='word_1_75' title='bbox 682 866 777 939; x_wconf 67' lang='lat' dir='ltr'>arctarer</span> <span class='ocrx_word' id='word_1_76' title='bbox 805 867 870 914; x_wconf 78' lang='lat' dir='ltr'>sura</span> <span class='ocrx_word' id='word_1_77' title='bbox 899 860 928 914; x_wconf 88' lang='lat' dir='ltr'>in</span> <span class='ocrx_word' id='word_1_78' title='bbox 952 859 1080 914; x_wconf 76' lang='lat' dir='ltr'>cordibus</span> <span class='ocrx_word' id='word_1_79' title='bbox 1134 877 1187 914; x_wconf 91' lang='lat' dir='ltr'>nes</span> <span class='ocrx_word' id='word_1_80' title='bbox 1203 859 1251 931; x_wconf 91' lang='lat' dir='ltr'>qui</span> <span class='ocrx_word' id='word_1_81' title='bbox 1269 861 1332 929; x_wconf 87' lang='lat' dir='ltr'>ejus</span> <span class='ocrx_word' id='word_1_82' title='bbox 1348 877 1436 914; x_wconf 78' lang='lat' dir='ltr'>carisa</span> <span class='ocrx_word' id='word_1_83' title='bbox 1452 861 1595 932; x_wconf 90' lang='lat' dir='ltr'>perempti</span> <span class='ocrx_word' id='word_1_84' title='bbox 1611 867 1682 916; x_wconf 90' lang='lat' dir='ltr'>sunt</span> <span class='ocrx_word' id='word_1_85' title='bbox 1708 863 1917 933; x_wconf 54' lang='lat' dir='ltr'>(consisted</span> 
     </span>
     <span class='ocr_line' id='line_1_8' title="bbox 254 946 1917 1022; baseline 0.002 -21"><span class='ocrx_word' id='word_1_86' title='bbox 254 962 357 1002; x_wconf 87' lang='lat' dir='ltr'>eorum.</span> <span class='ocrx_word' id='word_1_87' title='bbox 383 947 420 1000; x_wconf 87' lang='lat' dir='ltr'>He</span> <span class='ocrx_word' id='word_1_88' title='bbox 456 946 504 1000; x_wconf 86' lang='lat' dir='ltr'>itte</span> <span class='ocrx_word' id='word_1_89' title='bbox 532 946 680 1001; x_wconf 71' lang='lat' dir='ltr'>servandam</span> <span class='ocrx_word' id='word_1_90' title='bbox 712 963 794 1018; x_wconf 80' lang='lat' dir='ltr'>opera</span> <span class='ocrx_word' id='word_1_91' title='bbox 831 949 953 1020; x_wconf 83' lang='lat' dir='ltr'>ipsoram</span> <span class='ocrx_word' id='word_1_92' title='bbox 992 948 1077 1018; x_wconf 83' lang='lat' dir='ltr'>(Psal.</span> <span class='ocrx_word' id='word_1_93' title='bbox 1132 953 1216 1020; x_wconf 82' lang='lat' dir='ltr'>seqq).</span> <span class='ocrx_word' id='word_1_94' title='bbox 1234 949 1375 1004; x_wconf 81' lang='lat' dir='ltr'>SrrHossio</span> <span class='ocrx_word' id='word_1_95' title='bbox 1399 954 1498 1004; x_wconf 90' lang='lat' dir='ltr'>autem</span> <span class='ocrx_word' id='word_1_96' title='bbox 1515 949 1590 1004; x_wconf 91' lang='lat' dir='ltr'>muri</span> <span class='ocrx_word' id='word_1_97' title='bbox 1607 967 1663 1004; x_wconf 91' lang='lat' dir='ltr'>non</span> <span class='ocrx_word' id='word_1_98' title='bbox 1688 950 1801 1022; x_wconf 88' lang='lat' dir='ltr'>quidem</span> <span class='ocrx_word' id='word_1_99' title='bbox 1823 952 1848 1005; x_wconf 94' lang='lat' dir='ltr'>in</span> <span class='ocrx_word' id='word_1_100' title='bbox 1862 950 1917 1006; x_wconf 90' lang='lat' dir='ltr'>libro</span> 
     </span>
     <span class='ocr_line' id='line_1_9' title="bbox 253 1034 1765 1110; baseline 0.001 -19"><span class='ocrx_word' id='word_1_101' title='bbox 253 1053 341 1101; x_wconf 80' lang='lat' dir='ltr'>xxvu,</span> <span class='ocrx_word' id='word_1_102' title='bbox 352 1035 379 1102; x_wconf 90' lang='lat'>3,</span> <span class='ocrx_word' id='word_1_103' title='bbox 395 1035 435 1102; x_wconf 80' lang='lat' dir='ltr'>i).</span> <span class='ocrx_word' id='word_1_104' title='bbox 455 1034 535 1100; x_wconf 88' lang='lat' dir='ltr'>Oucd</span> <span class='ocrx_word' id='word_1_105' title='bbox 548 1051 613 1088; x_wconf 91' lang='lat' dir='ltr'>vero</span> <span class='ocrx_word' id='word_1_106' title='bbox 629 1036 793 1108; x_wconf 82' lang='lat' dir='ltr'>subjungit,</span> <span class='ocrx_word' id='word_1_107' title='bbox 806 1040 834 1092; x_wconf 91' lang='lat' dir='ltr'>et</span> <span class='ocrx_word' id='word_1_108' title='bbox 844 1039 874 1093; x_wconf 85' lang='lat' dir='ltr'>in</span> <span class='ocrx_word' id='word_1_109' title='bbox 885 1037 1077 1092; x_wconf 83' lang='lat' dir='ltr'>coetuilterum</span> <span class='ocrx_word' id='word_1_110' title='bbox 1133 1037 1277 1094; x_wconf 87' lang='lat' dir='ltr'>Geneaces</span> <span class='ocrx_word' id='word_1_111' title='bbox 1292 1036 1398 1110; x_wconf 85' lang='lat' dir='ltr'>legitur</span> <span class='ocrx_word' id='word_1_112' title='bbox 1414 1038 1522 1093; x_wconf 90' lang='lat' dir='ltr'>ibidem</span> <span class='ocrx_word' id='word_1_113' title='bbox 1541 1037 1630 1094; x_wconf 88' lang='lat' dir='ltr'>luisse</span> <span class='ocrx_word' id='word_1_114' title='bbox 1643 1043 1765 1110; x_wconf 88' lang='lat' dir='ltr'>patrata.</span> 
     </span>
    </p>

    <p class='ocr_par' dir='ltr' id='par_1_3' title="bbox 252 1121 1077 1198">
     <span class='ocr_line' id='line_1_10' title="bbox 252 1121 1077 1198; baseline 0.002 -20"><span class='ocrx_word' id='word_1_115' title='bbox 252 1140 307 1180; x_wconf 80' lang='lat' dir='ltr'>nori</span> <span class='ocrx_word' id='word_1_116' title='bbox 322 1126 357 1179; x_wconf 81' lang='lat' dir='ltr'>sit</span> <span class='ocrx_word' id='word_1_117' title='bbox 371 1123 461 1194; x_wconf 80' lang='lat' dir='ltr'>ytoria</span> <span class='ocrx_word' id='word_1_118' title='bbox 474 1137 536 1176; x_wconf 86' lang='lat' dir='ltr'>mea</span> <span class='ocrx_word' id='word_1_119' title='bbox 550 1121 626 1192; x_wconf 83' lang='lat' dir='ltr'>(Gen.</span> <span class='ocrx_word' id='word_1_120' title='bbox 641 1141 715 1196; x_wconf 77' lang='lat' dir='ltr'>sarx,</span> <span class='ocrx_word' id='word_1_121' title='bbox 732 1125 770 1196; x_wconf 88' lang='grc'>6),</span> <span class='ocrx_word' id='word_1_122' title='bbox 782 1125 898 1182; x_wconf 88' lang='lat' dir='ltr'>nolebat</span> <span class='ocrx_word' id='word_1_123' title='bbox 910 1125 1010 1198; x_wconf 91' lang='lat' dir='ltr'>utique</span> <span class='ocrx_word' id='word_1_124' title='bbox 1027 1125 1077 1181; x_wconf 89' lang='lat' dir='ltr'>tali</span> 
     </span>
    </p>
   </div>
   <div class='ocr_carea' id='block_1_3' title="bbox 662 1482 1545 1548">
    <p class='ocr_par' dir='ltr' id='par_1_4' title="bbox 662 1482 1545 1548">
     <span class='ocr_line' id='line_1_11' title="bbox 662 1482 1545 1548; baseline 0.005 -10"><span class='ocrx_word' id='word_1_125' title='bbox 662 1483 862 1540; x_wconf 76' lang='lat' dir='ltr'>AHMONlTIO</span> <span class='ocrx_word' id='word_1_126' title='bbox 891 1483 927 1540; x_wconf 89' lang='lat' dir='ltr'>IN</span> <span class='ocrx_word' id='word_1_127' title='bbox 952 1482 1046 1540; x_wconf 84' lang='lat' dir='ltr'>DUOS</span> <span class='ocrx_word' id='word_1_128' title='bbox 1073 1482 1279 1548; x_wconf 79' lang='lat' dir='ltr'>SEQUHNTES</span> <span class='ocrx_word' id='word_1_129' title='bbox 1296 1485 1545 1542; x_wconf 65' lang='lat' dir='ltr'>succretust</span> 
     </span>
    </p>
   </div>
   <div class='ocr_carea' id='block_1_4' title="bbox 221 1778 1991 3256">
    <p class='ocr_par' dir='ltr' id='par_1_5' title="bbox 246 1778 1991 2917">
     <span class='ocr_line' id='line_1_12' title="bbox 287 1778 1921 1854; baseline -0.001 -13"><span class='ocrx_word' id='word_1_130' title='bbox 287 1781 502 1850; x_wconf 82' lang='lat' dir='ltr'>Questianibus</span> <span class='ocrx_word' id='word_1_131' title='bbox 517 1778 665 1836; x_wconf 79' lang='lat' dir='ltr'>Hebraicis</span> <span class='ocrx_word' id='word_1_132' title='bbox 679 1779 708 1835; x_wconf 89' lang='lat' dir='ltr'>in</span> <span class='ocrx_word' id='word_1_133' title='bbox 725 1780 871 1851; x_wconf 77' lang='lat' dir='ltr'>Genesim,</span> <span class='ocrx_word' id='word_1_134' title='bbox 887 1779 1015 1852; x_wconf 83' lang='lat' dir='ltr'>genuino</span> <span class='ocrx_word' id='word_1_135' title='bbox 1045 1780 1210 1853; x_wconf 78' lang='lat' dir='ltr'>Hieronymi</span> <span class='ocrx_word' id='word_1_136' title='bbox 1227 1781 1317 1851; x_wconf 91' lang='lat' dir='ltr'>operi,</span> <span class='ocrx_word' id='word_1_137' title='bbox 1335 1781 1412 1852; x_wconf 91' lang='lat' dir='ltr'>quod</span> <span class='ocrx_word' id='word_1_138' title='bbox 1429 1797 1520 1854; x_wconf 90' lang='lat' dir='ltr'>supra</span> <span class='ocrx_word' id='word_1_139' title='bbox 1533 1780 1754 1849; x_wconf 77' lang='lat' dir='ltr'>recensuimus,</span> <span class='ocrx_word' id='word_1_140' title='bbox 1769 1782 1838 1838; x_wconf 91' lang='lat' dir='ltr'>dnos</span> <span class='ocrx_word' id='word_1_141' title='bbox 1857 1781 1921 1839; x_wconf 85' lang='lat' dir='ltr'>bosca</span> 
     </span>
     <span class='ocr_line' id='line_1_13' title="bbox 251 1868 1920 1947; baseline -0.002 -17"><span class='ocrx_word' id='word_1_142' title='bbox 251 1872 431 1947; x_wconf 86' lang='lat' dir='ltr'>apocryphos</span> <span class='ocrx_word' id='word_1_143' title='bbox 443 1871 595 1927; x_wconf 75' lang='lat' dir='ltr'>&#39;tractatus</span> <span class='ocrx_word' id='word_1_144' title='bbox 611 1869 748 1925; x_wconf 92' lang='lat' dir='ltr'>continuo</span> <span class='ocrx_word' id='word_1_145' title='bbox 763 1870 896 1925; x_wconf 90' lang='lat' dir='ltr'>subdunt</span> <span class='ocrx_word' id='word_1_146' title='bbox 911 1868 1043 1942; x_wconf 88' lang='lat' dir='ltr'>plerique</span> <span class='ocrx_word' id='word_1_147' title='bbox 1060 1887 1132 1925; x_wconf 91' lang='lat' dir='ltr'>mss.</span> <span class='ocrx_word' id='word_1_148' title='bbox 1149 1868 1228 1936; x_wconf 85' lang='lat' dir='ltr'>libri,</span> <span class='ocrx_word' id='word_1_149' title='bbox 1243 1885 1318 1942; x_wconf 85' lang='lat' dir='ltr'>qnos</span> <span class='ocrx_word' id='word_1_150' title='bbox 1334 1869 1409 1925; x_wconf 92' lang='lat' dir='ltr'>inter</span> <span class='ocrx_word' id='word_1_151' title='bbox 1422 1877 1452 1926; x_wconf 89' lang='lat' dir='ltr'>et</span> <span class='ocrx_word' id='word_1_152' title='bbox 1463 1885 1557 1938; x_wconf 87' lang='lat' dir='ltr'>meus,</span> <span class='ocrx_word' id='word_1_153' title='bbox 1573 1886 1632 1943; x_wconf 91' lang='lat' dir='ltr'>quo</span> <span class='ocrx_word' id='word_1_154' title='bbox 1642 1871 1805 1943; x_wconf 73' lang='lat' dir='ltr'>sepissime</span> <span class='ocrx_word' id='word_1_155' title='bbox 1815 1875 1872 1926; x_wconf 90' lang='lat' dir='ltr'>utor</span> <span class='ocrx_word' id='word_1_156' title='bbox 1882 1871 1920 1926; x_wconf 88' lang='lat' dir='ltr'>hoe</span> 
     </span>
     <span class='ocr_line' id='line_1_14' title="bbox 251 1957 1921 2032; baseline -0.002 -14"><span class='ocrx_word' id='word_1_157' title='bbox 251 1967 341 2020; x_wconf 89' lang='lat' dir='ltr'>tomo.</span> <span class='ocrx_word' id='word_1_158' title='bbox 358 1963 394 2016; x_wconf 73' lang='grc' dir='ltr'>Εἰ</span> <span class='ocrx_word' id='word_1_159' title='bbox 405 1960 482 2032; x_wconf 89' lang='lat' dir='ltr'>prior</span> <span class='ocrx_word' id='word_1_160' title='bbox 498 1957 627 2032; x_wconf 89' lang='lat' dir='ltr'>quidem,</span> <span class='ocrx_word' id='word_1_161' title='bbox 643 1957 692 2030; x_wconf 90' lang='lat' dir='ltr'>qui</span> <span class='ocrx_word' id='word_1_162' title='bbox 704 1958 744 2012; x_wconf 88' lang='lat' dir='ltr'>ibi</span> <span class='ocrx_word' id='word_1_163' title='bbox 760 1959 929 2029; x_wconf 79' lang='lat' dir='ltr'>Haplnuatio</span> <span class='ocrx_word' id='word_1_164' title='bbox 944 1958 1035 2014; x_wconf 77' lang='lat' dir='ltr'>aecem</span> <span class='ocrx_word' id='word_1_165' title='bbox 1063 1959 1252 2014; x_wconf 73' lang='lat' dir='ltr'>tentationum</span> <span class='ocrx_word' id='word_1_166' title='bbox 1274 1975 1309 2014; x_wconf 85' lang='lat' dir='ltr'>ae</span> <span class='ocrx_word' id='word_1_167' title='bbox 1330 1960 1538 2015; x_wconf 78' lang='lat' dir='ltr'>Deuteronomio</span> <span class='ocrx_word' id='word_1_168' title='bbox 1562 1958 1745 2026; x_wconf 87' lang='lat' dir='ltr'>inscribitur,</span> <span class='ocrx_word' id='word_1_169' title='bbox 1768 1960 1868 2031; x_wconf 81' lang='lat' dir='ltr'>jamdiu</span> <span class='ocrx_word' id='word_1_170' title='bbox 1886 1977 1921 2015; x_wconf 89' lang='lat' dir='ltr'>an·</span> 
     </span>
     <span class='ocr_line' id='line_1_15' title="bbox 250 2046 1921 2119; baseline -0.003 -12"><span class='ocrx_word' id='word_1_171' title='bbox 250 2055 297 2107; x_wconf 85' lang='lat' dir='ltr'>tea</span> <span class='ocrx_word' id='word_1_172' title='bbox 311 2049 408 2106; x_wconf 92' lang='lat' dir='ltr'>locum</span> <span class='ocrx_word' id='word_1_173' title='bbox 426 2049 502 2102; x_wconf 89' lang='lat' dir='ltr'>inter</span> <span class='ocrx_word' id='word_1_174' title='bbox 523 2047 594 2104; x_wconf 77' lang='lat' dir='ltr'>falso</span> <span class='ocrx_word' id='word_1_175' title='bbox 610 2047 757 2102; x_wconf 77' lang='lat' dir='ltr'>tributas.</span> <span class='ocrx_word' id='word_1_176' title='bbox 772 2046 886 2103; x_wconf 84' lang='lat' dir='ltr'>Ductori</span> <span class='ocrx_word' id='word_1_177' title='bbox 903 2062 990 2119; x_wconf 83' lang='lat' dir='ltr'>opera</span> <span class='ocrx_word' id='word_1_178' title='bbox 1007 2047 1174 2114; x_wconf 78' lang='lat' dir='ltr'>obtinebat,</span> <span class='ocrx_word' id='word_1_179' title='bbox 1191 2047 1265 2103; x_wconf 91' lang='lat' dir='ltr'>alter</span> <span class='ocrx_word' id='word_1_180' title='bbox 1278 2064 1356 2112; x_wconf 92' lang='lat' dir='ltr'>vero,</span> <span class='ocrx_word' id='word_1_181' title='bbox 1372 2049 1458 2118; x_wconf 86' lang='lat' dir='ltr'>cnjus</span> <span class='ocrx_word' id='word_1_182' title='bbox 1482 2048 1551 2104; x_wconf 88' lang='lat' dir='ltr'>item</span> <span class='ocrx_word' id='word_1_183' title='bbox 1581 2047 1683 2104; x_wconf 90' lang='lat' dir='ltr'>titulus</span> <span class='ocrx_word' id='word_1_184' title='bbox 1707 2049 1736 2104; x_wconf 92' lang='lat' dir='ltr'>in</span> <span class='ocrx_word' id='word_1_185' title='bbox 1761 2064 1794 2104; x_wconf 90' lang='lat' dir='ltr'>eo</span> <span class='ocrx_word' id='word_1_186' title='bbox 1817 2065 1865 2106; x_wconf 88' lang='lat' dir='ltr'>ms.</span> <span class='ocrx_word' id='word_1_187' title='bbox 1884 2051 1921 2111; x_wconf 86' lang='lat' dir='ltr'>est,</span> 
     </span>
     <span class='ocr_line' id='line_1_16' title="bbox 249 2135 1991 2212; baseline -0.003 -17"><span class='ocrx_word' id='word_1_188' title='bbox 249 2139 414 2212; x_wconf 76' lang='lat' dir='ltr'>deplanatio</span> <span class='ocrx_word' id='word_1_189' title='bbox 426 2137 533 2193; x_wconf 75' lang='lat' dir='ltr'>Cantici</span> <span class='ocrx_word' id='word_1_190' title='bbox 546 2135 676 2193; x_wconf 80' lang='lat' dir='ltr'>necaore</span> <span class='ocrx_word' id='word_1_191' title='bbox 686 2141 712 2191; x_wconf 90' lang='lat' dir='ltr'>et</span> <span class='ocrx_word' id='word_1_192' title='bbox 723 2136 830 2191; x_wconf 81' lang='lat' dir='ltr'>Buraclr</span> <span class='ocrx_word' id='word_1_193' title='bbox 844 2153 879 2190; x_wconf 74' lang='lat' dir='ltr'>ac</span> <span class='ocrx_word' id='word_1_194' title='bbox 892 2136 962 2191; x_wconf 83' lang='lat' dir='ltr'>libro</span> <span class='ocrx_word' id='word_1_195' title='bbox 976 2135 1112 2202; x_wconf 78' lang='lat' dir='ltr'>iudicum,</span> <span class='ocrx_word' id='word_1_196' title='bbox 1131 2136 1258 2207; x_wconf 89' lang='lat' dir='ltr'>primum</span> <span class='ocrx_word' id='word_1_197' title='bbox 1275 2136 1435 2191; x_wconf 89' lang='lat' dir='ltr'>subdititiis</span> <span class='ocrx_word' id='word_1_198' title='bbox 1451 2137 1558 2191; x_wconf 82' lang='lat' dir='ltr'>tatibus</span> <span class='ocrx_word' id='word_1_199' title='bbox 1574 2153 1590 2192; x_wconf 89' lang='lat' dir='ltr'>a</span> <span class='ocrx_word' id='word_1_200' title='bbox 1604 2137 1775 2192; x_wconf 84' lang='lat' dir='ltr'>Martianaeo</span> <span class='ocrx_word' id='word_1_201' title='bbox 1800 2136 1923 2206; x_wconf 83' lang='lat' dir='ltr'>adjunctus</span> <span class='ocrx_word' id='word_1_202' title='bbox 1990 2157 1991 2196; x_wconf 70' lang='lat' dir='ltr'>r</span> 
     </span>
     <span class='ocr_line' id='line_1_17' title="bbox 250 2199 1991 2298; baseline -0.002 -15"><span class='ocrx_word' id='word_1_203' title='bbox 250 2232 296 2284; x_wconf 88' lang='lat' dir='ltr'>est</span> <span class='ocrx_word' id='word_1_204' title='bbox 308 2243 341 2284; x_wconf 89' lang='lat' dir='ltr'>ac</span> <span class='ocrx_word' id='word_1_205' title='bbox 358 2226 504 2298; x_wconf 84' lang='lat' dir='ltr'>vulgatus.</span> <span class='ocrx_word' id='word_1_206' title='bbox 521 2224 678 2297; x_wconf 86' lang='lat' dir='ltr'>Utriusque</span> <span class='ocrx_word' id='word_1_207' title='bbox 691 2227 857 2290; x_wconf 82' lang='lat' dir='ltr'>Auctorem,</span> <span class='ocrx_word' id='word_1_208' title='bbox 875 2240 962 2296; x_wconf 86' lang='lat' dir='ltr'>quem</span> <span class='ocrx_word' id='word_1_209' title='bbox 979 2241 1072 2281; x_wconf 91' lang='lat' dir='ltr'>unum</span> <span class='ocrx_word' id='word_1_210' title='bbox 1087 2223 1283 2294; x_wconf 89' lang='lat' dir='ltr'>eumdemque</span> <span class='ocrx_word' id='word_1_211' title='bbox 1296 2240 1360 2279; x_wconf 90' lang='lat' dir='ltr'>esee</span> <span class='ocrx_word' id='word_1_212' title='bbox 1382 2240 1417 2279; x_wconf 87' lang='lat' dir='ltr'>ex</span> <span class='ocrx_word' id='word_1_213' title='bbox 1440 2223 1506 2296; x_wconf 84' lang='lat' dir='ltr'>styli</span> <span class='ocrx_word' id='word_1_214' title='bbox 1529 2240 1562 2279; x_wconf 89' lang='lat' dir='ltr'>ae</span> <span class='ocrx_word' id='word_1_215' title='bbox 1586 2225 1797 2281; x_wconf 88' lang='lat' dir='ltr'>sententiarum</span> <span class='ocrx_word' id='word_1_216' title='bbox 1819 2225 1924 2280; x_wconf 89' lang='lat' dir='ltr'>similitu·</span> <span class='ocrx_word' id='word_1_217' title='bbox 1990 2199 1991 2232; x_wconf 72' lang='lat' dir='ltr'>r</span> 
     </span>
     <span class='ocr_line' id='line_1_18' title="bbox 253 2311 1922 2386; baseline -0.004 -14"><span class='ocrx_word' id='word_1_218' title='bbox 253 2316 321 2372; x_wconf 92' lang='lat' dir='ltr'>dine</span> <span class='ocrx_word' id='word_1_219' title='bbox 336 2315 408 2371; x_wconf 90' lang='lat' dir='ltr'>nibil</span> <span class='ocrx_word' id='word_1_220' title='bbox 423 2320 468 2370; x_wconf 89' lang='lat' dir='ltr'>est</span> <span class='ocrx_word' id='word_1_221' title='bbox 482 2314 617 2378; x_wconf 91' lang='lat' dir='ltr'>dubium,</span> <span class='ocrx_word' id='word_1_222' title='bbox 633 2313 727 2369; x_wconf 88' lang='lat' dir='ltr'>editor</span> <span class='ocrx_word' id='word_1_223' title='bbox 741 2311 949 2368; x_wconf 85' lang='lat' dir='ltr'>Benedictinus</span> <span class='ocrx_word' id='word_1_224' title='bbox 964 2330 1030 2369; x_wconf 91' lang='lat' dir='ltr'>eum</span> <span class='ocrx_word' id='word_1_225' title='bbox 1048 2317 1130 2386; x_wconf 90' lang='lat' dir='ltr'>putat</span> <span class='ocrx_word' id='word_1_226' title='bbox 1143 2328 1207 2368; x_wconf 87' lang='lat' dir='ltr'>esse</span> <span class='ocrx_word' id='word_1_227' title='bbox 1225 2312 1385 2383; x_wconf 84' lang='lat' dir='ltr'>Hebraeum,</span> <span class='ocrx_word' id='word_1_228' title='bbox 1403 2312 1501 2368; x_wconf 90' lang='lat' dir='ltr'>nescio</span> <span class='ocrx_word' id='word_1_229' title='bbox 1516 2329 1603 2385; x_wconf 91' lang='lat' dir='ltr'>quem</span> <span class='ocrx_word' id='word_1_230' title='bbox 1620 2331 1637 2369; x_wconf 89' lang='lat' dir='ltr'>a</span> <span class='ocrx_word' id='word_1_231' title='bbox 1652 2313 1774 2370; x_wconf 79' lang='lat' dir='ltr'>liubane</span> <span class='ocrx_word' id='word_1_232' title='bbox 1802 2313 1922 2370; x_wconf 86' lang='lat' dir='ltr'>laudatum</span> 
     </span>
     <span class='ocr_line' id='line_1_19' title="bbox 246 2399 1922 2474; baseline -0.002 -16"><span class='ocrx_word' id='word_1_233' title='bbox 246 2403 475 2460; x_wconf 79' lang='lat' dir='ltr'>·Prceiotionibus</span> <span class='ocrx_word' id='word_1_234' title='bbox 490 2401 740 2458; x_wconf 75' lang='lat' dir='ltr'>commentarium</span> <span class='ocrx_word' id='word_1_235' title='bbox 757 2401 786 2456; x_wconf 90' lang='lat' dir='ltr'>in</span> <span class='ocrx_word' id='word_1_236' title='bbox 799 2399 890 2457; x_wconf 90' lang='lat' dir='ltr'>libros</span> <span class='ocrx_word' id='word_1_237' title='bbox 910 2402 1061 2474; x_wconf 82' lang='lat' dir='ltr'>Regumet</span> <span class='ocrx_word' id='word_1_238' title='bbox 1075 2399 1328 2473; x_wconf 79' lang='lat' dir='ltr'>Paralipomenon,</span> <span class='ocrx_word' id='word_1_239' title='bbox 1344 2416 1432 2472; x_wconf 90' lang='lat' dir='ltr'>quem</span> <span class='ocrx_word' id='word_1_240' title='bbox 1448 2417 1552 2456; x_wconf 85' lang='lat' dir='ltr'>rursus</span> <span class='ocrx_word' id='word_1_241' title='bbox 1565 2402 1705 2457; x_wconf 90' lang='lat' dir='ltr'>eumdem</span> <span class='ocrx_word' id='word_1_242' title='bbox 1720 2419 1787 2458; x_wconf 90' lang='lat' dir='ltr'>cum</span> <span class='ocrx_word' id='word_1_243' title='bbox 1814 2419 1844 2458; x_wconf 92' lang='lat' dir='ltr'>eo</span> <span class='ocrx_word' id='word_1_244' title='bbox 1865 2401 1922 2468; x_wconf 82' lang='lat' dir='ltr'>lecit,</span> 
     </span>
     <span class='ocr_line' id='line_1_20' title="bbox 251 2487 1922 2564; baseline -0.002 -17"><span class='ocrx_word' id='word_1_245' title='bbox 251 2491 347 2564; x_wconf 90' lang='lat' dir='ltr'>quiin</span> <span class='ocrx_word' id='word_1_246' title='bbox 370 2491 450 2563; x_wconf 91' lang='lat' dir='ltr'>ipsos</span> <span class='ocrx_word' id='word_1_247' title='bbox 478 2488 590 2561; x_wconf 84' lang='lat' dir='ltr'>Regum</span> <span class='ocrx_word' id='word_1_248' title='bbox 606 2493 634 2544; x_wconf 91' lang='lat' dir='ltr'>et</span> <span class='ocrx_word' id='word_1_249' title='bbox 647 2488 887 2560; x_wconf 77' lang='lat' dir='ltr'>Paralipomenon</span> <span class='ocrx_word' id='word_1_250' title='bbox 903 2488 993 2546; x_wconf 89' lang='lat' dir='ltr'>libros</span> <span class='ocrx_word' id='word_1_251' title='bbox 1010 2490 1175 2558; x_wconf 79' lang='lat' dir='ltr'>Qaaeetioncs</span> <span class='ocrx_word' id='word_1_252' title='bbox 1190 2489 1344 2556; x_wconf 82' lang='lat' dir='ltr'>Hebraiccs,</span> <span class='ocrx_word' id='word_1_253' title='bbox 1363 2487 1435 2545; x_wconf 90' lang='lat' dir='ltr'>lulso</span> <span class='ocrx_word' id='word_1_254' title='bbox 1458 2489 1560 2545; x_wconf 87' lang='lat' dir='ltr'>itidem</span> <span class='ocrx_word' id='word_1_255' title='bbox 1585 2490 1762 2564; x_wconf 79' lang='lat' dir='ltr'>Hieronymo</span> <span class='ocrx_word' id='word_1_256' title='bbox 1788 2491 1922 2562; x_wconf 85' lang='lat' dir='ltr'>inscriptas,</span> 
     </span>
     <span class='ocr_line' id='line_1_21' title="bbox 251 2577 1923 2653; baseline -0.004 -16"><span class='ocrx_word' id='word_1_257' title='bbox 251 2596 379 2653; x_wconf 81' lang='lat' dir='ltr'>moxque</span> <span class='ocrx_word' id='word_1_258' title='bbox 393 2595 411 2634; x_wconf 87' lang='lat' dir='ltr'>a</span> <span class='ocrx_word' id='word_1_259' title='bbox 426 2578 510 2635; x_wconf 92' lang='lat' dir='ltr'>nobis</span> <span class='ocrx_word' id='word_1_260' title='bbox 528 2578 776 2648; x_wconf 84' lang='lat' dir='ltr'>recognoscendas</span> <span class='ocrx_word' id='word_1_261' title='bbox 791 2577 986 2636; x_wconf 77' lang='lat' dir='ltr'>concinuerit.</span> <span class='ocrx_word' id='word_1_262' title='bbox 1003 2578 1131 2650; x_wconf 87' lang='lat' dir='ltr'>lnqunm</span> <span class='ocrx_word' id='word_1_263' title='bbox 1148 2593 1202 2649; x_wconf 87' lang='lat' dir='ltr'>ego</span> <span class='ocrx_word' id='word_1_264' title='bbox 1222 2577 1397 2633; x_wconf 89' lang='lat' dir='ltr'>sententiam</span> <span class='ocrx_word' id='word_1_265' title='bbox 1413 2593 1471 2633; x_wconf 91' lang='lat' dir='ltr'>uon</span> <span class='ocrx_word' id='word_1_266' title='bbox 1487 2577 1595 2633; x_wconf 91' lang='lat' dir='ltr'>invitus</span> <span class='ocrx_word' id='word_1_267' title='bbox 1615 2579 1827 2636; x_wconf 72' lang='lat' dir='ltr'>concesserim:</span> <span class='ocrx_word' id='word_1_268' title='bbox 1854 2577 1923 2650; x_wconf 86' lang='lat' dir='ltr'>siqui·</span> 
     </span>
     <span class='ocr_line' id='line_1_22' title="bbox 254 2665 1922 2740; baseline -0.004 -15"><span class='ocrx_word' id='word_1_269' title='bbox 254 2670 320 2725; x_wconf 90' lang='lat' dir='ltr'>dem</span> <span class='ocrx_word' id='word_1_270' title='bbox 337 2667 464 2724; x_wconf 86' lang='lat' dir='ltr'>maxims</span> <span class='ocrx_word' id='word_1_271' title='bbox 478 2666 508 2721; x_wconf 90' lang='lat' dir='ltr'>in</span> <span class='ocrx_word' id='word_1_272' title='bbox 525 2665 680 2722; x_wconf 89' lang='lat' dir='ltr'>scribendo</span> <span class='ocrx_word' id='word_1_273' title='bbox 693 2667 769 2722; x_wconf 88' lang='lat' dir='ltr'>iuter</span> <span class='ocrx_word' id='word_1_274' title='bbox 783 2670 942 2739; x_wconf 91' lang='lat' dir='ltr'>utrumque</span> <span class='ocrx_word' id='word_1_275' title='bbox 957 2667 1110 2724; x_wconf 88' lang='lat' dir='ltr'>intercedit</span> <span class='ocrx_word' id='word_1_276' title='bbox 1124 2665 1233 2738; x_wconf 82' lang='lat' dir='ltr'>ingenii</span> <span class='ocrx_word' id='word_1_277' title='bbox 1250 2665 1423 2721; x_wconf 89' lang='lat' dir='ltr'>similitudo.</span> <span class='ocrx_word' id='word_1_278' title='bbox 1440 2666 1547 2722; x_wconf 90' lang='lat' dir='ltr'>Verum</span> <span class='ocrx_word' id='word_1_279' title='bbox 1564 2682 1658 2740; x_wconf 88' lang='lat' dir='ltr'>neque</span> <span class='ocrx_word' id='word_1_280' title='bbox 1673 2668 1757 2724; x_wconf 89' lang='lat' dir='ltr'>istud</span> <span class='ocrx_word' id='word_1_281' title='bbox 1787 2671 1922 2740; x_wconf 80' lang='lat' dir='ltr'>preteream</span> 
     </span>
     <span class='ocr_line' id='line_1_23' title="bbox 252 2754 1925 2834; baseline -0.004 -20"><span class='ocrx_word' id='word_1_282' title='bbox 252 2757 493 2821; x_wconf 89' lang='lat' dir='ltr'>animadvertere,</span> <span class='ocrx_word' id='word_1_283' title='bbox 511 2771 568 2810; x_wconf 92' lang='lat' dir='ltr'>non</span> <span class='ocrx_word' id='word_1_284' title='bbox 584 2754 675 2810; x_wconf 92' lang='lat' dir='ltr'>videri</span> <span class='ocrx_word' id='word_1_285' title='bbox 692 2756 845 2811; x_wconf 78' lang='lat' dir='ltr'>&#39;tractatus</span> <span class='ocrx_word' id='word_1_286' title='bbox 856 2755 929 2834; x_wconf 81' lang='lat' dir='ltr'>istos</span> <span class='ocrx_word' id='word_1_287' title='bbox 943 2772 1102 2828; x_wconf 87' lang='lat' dir='ltr'>eorumque</span> <span class='ocrx_word' id='word_1_288' title='bbox 1116 2757 1271 2810; x_wconf 79' lang='lat' dir='ltr'>Auctorem</span> <span class='ocrx_word' id='word_1_289' title='bbox 1287 2754 1405 2810; x_wconf 88' lang='lat' dir='ltr'>Habano</span> <span class='ocrx_word' id='word_1_290' title='bbox 1421 2754 1594 2821; x_wconf 86' lang='lat' dir='ltr'>innotuisse,</span> <span class='ocrx_word' id='word_1_291' title='bbox 1606 2771 1672 2810; x_wconf 89' lang='lat' dir='ltr'>cum</span> <span class='ocrx_word' id='word_1_292' title='bbox 1690 2755 1890 2813; x_wconf 87' lang='lat' dir='ltr'>Deuteronomii</span> <span class='ocrx_word' id='word_1_293' title='bbox 1901 2769 1925 2808; x_wconf 82' lang='lat' dir='ltr'>aa</span> 
     </span>
     <span class='ocr_line' id='line_1_24' title="bbox 253 2842 1925 2917; baseline -0.005 -15"><span class='ocrx_word' id='word_1_294' title='bbox 253 2845 269 2902; x_wconf 87' lang='lat' dir='ltr'><strong>J</strong></span> <span class='ocrx_word' id='word_1_295' title='bbox 274 2845 391 2902; x_wconf 90' lang='lat' dir='ltr'>udicum</span> <span class='ocrx_word' id='word_1_296' title='bbox 407 2844 497 2900; x_wconf 87' lang='lat' dir='ltr'>libres</span> <span class='ocrx_word' id='word_1_297' title='bbox 513 2843 761 2912; x_wconf 77' lang='lat' dir='ltr'>interpretaretur.</span> <span class='ocrx_word' id='word_1_298' title='bbox 778 2843 908 2915; x_wconf 89' lang='lat' dir='ltr'>Denique</span> <span class='ocrx_word' id='word_1_299' title='bbox 923 2845 1116 2913; x_wconf 68' lang='lat' dir='ltr'>Erasmusde</span> <span class='ocrx_word' id='word_1_300' title='bbox 1132 2843 1237 2916; x_wconf 89' lang='lat' dir='ltr'>priore,</span> <span class='ocrx_word' id='word_1_301' title='bbox 1254 2843 1333 2914; x_wconf 95' lang='lat' dir='ltr'>quod</span> <span class='ocrx_word' id='word_1_302' title='bbox 1349 2843 1433 2917; x_wconf 89' lang='lat' dir='ltr'>plane</span> <span class='ocrx_word' id='word_1_303' title='bbox 1447 2843 1527 2899; x_wconf 89' lang='lat' dir='ltr'>dicus</span> <span class='ocrx_word' id='word_1_304' title='bbox 1542 2848 1570 2900; x_wconf 88' lang='lat' dir='ltr'>et</span> <span class='ocrx_word' id='word_1_305' title='bbox 1585 2844 1620 2898; x_wconf 94' lang='lat' dir='ltr'>de</span> <span class='ocrx_word' id='word_1_306' title='bbox 1635 2843 1739 2915; x_wconf 86' lang='lat' dir='ltr'>altero,</span> <span class='ocrx_word' id='word_1_307' title='bbox 1768 2845 1809 2900; x_wconf 92' lang='lat' dir='ltr'>sic</span> <span class='ocrx_word' id='word_1_308' title='bbox 1834 2842 1925 2914; x_wconf 86' lang='lat' dir='ltr'>judiea-</span> 
     </span>
    </p>

    <p class='ocr_par' dir='ltr' id='par_1_6' title="bbox 221 2913 1925 3256">
     <span class='ocr_line' id='line_1_25' title="bbox 221 2913 1924 3008; baseline -0.004 -17"><span class='ocrx_word' id='word_1_309' title='bbox 221 2913 236 2936; x_wconf 54' lang='lat'>⁸</span> <span class='ocrx_word' id='word_1_310' title='bbox 250 2934 302 2992; x_wconf 87' lang='lat' dir='ltr'>vit.</span> <span class='ocrx_word' id='word_1_311' title='bbox 319 2934 418 3008; x_wconf 85' lang='lat' dir='ltr'>Stylus</span> <span class='ocrx_word' id='word_1_312' title='bbox 432 2937 477 2990; x_wconf 91' lang='lat' dir='ltr'>est</span> <span class='ocrx_word' id='word_1_313' title='bbox 492 2951 550 2989; x_wconf 90' lang='lat' dir='ltr'>non</span> <span class='ocrx_word' id='word_1_314' title='bbox 566 2931 691 3002; x_wconf 85' lang='lat' dir='ltr'>alicujus</span> <span class='ocrx_word' id='word_1_315' title='bbox 707 2932 877 2988; x_wconf 87' lang='lat' dir='ltr'>recentioris</span> <span class='ocrx_word' id='word_1_316' title='bbox 893 2949 899 2988; x_wconf 93' lang='lat'><strong>:</strong></span> <span class='ocrx_word' id='word_1_317' title='bbox 916 2939 1034 3004; x_wconf 86' lang='lat' dir='ltr'>apparet</span> <span class='ocrx_word' id='word_1_318' title='bbox 1055 2933 1251 3005; x_wconf 83' lang='lat' dir='ltr'>lragmentum</span> <span class='ocrx_word' id='word_1_319' title='bbox 1267 2948 1331 2988; x_wconf 88' lang='lat' dir='ltr'>esse</span> <span class='ocrx_word' id='word_1_320' title='bbox 1359 2933 1528 3004; x_wconf 89' lang='lat' dir='ltr'>decerptum</span> <span class='ocrx_word' id='word_1_321' title='bbox 1553 2948 1587 2988; x_wconf 86' lang='lat' dir='ltr'>cx</span> <span class='ocrx_word' id='word_1_322' title='bbox 1612 2933 1835 2990; x_wconf 78' lang='lat' dir='ltr'>Commentariis</span> <span class='ocrx_word' id='word_1_323' title='bbox 1855 2930 1924 2987; x_wconf 87' lang='lat' dir='ltr'>alicn-</span> 
     </span>
     <span class='ocr_line' id='line_1_26' title="bbox 248 3018 1924 3097; baseline -0.005 -16"><span class='ocrx_word' id='word_1_324' title='bbox 248 3026 320 3097; x_wconf 79' lang='lat' dir='ltr'>J&#39;us:</span> <span class='ocrx_word' id='word_1_325' title='bbox 338 3040 406 3079; x_wconf 92' lang='lat' dir='ltr'>nam</span> <span class='ocrx_word' id='word_1_326' title='bbox 422 3028 451 3079; x_wconf 90' lang='lat' dir='ltr'>et</span> <span class='ocrx_word' id='word_1_327' title='bbox 466 3023 623 3093; x_wconf 91' lang='lat' dir='ltr'>abruptum</span> <span class='ocrx_word' id='word_1_328' title='bbox 639 3027 684 3078; x_wconf 88' lang='lat' dir='ltr'>est</span> <span class='ocrx_word' id='word_1_329' title='bbox 700 3021 818 3077; x_wconf 90' lang='lat' dir='ltr'>initium</span> <span class='ocrx_word' id='word_1_330' title='bbox 833 3027 863 3077; x_wconf 89' lang='lat' dir='ltr'>et</span> <span class='ocrx_word' id='word_1_331' title='bbox 876 3021 1011 3078; x_wconf 89' lang='lat' dir='ltr'>similiter</span> <span class='ocrx_word' id='word_1_332' title='bbox 1026 3021 1143 3090; x_wconf 90' lang='lat' dir='ltr'>desiuit,</span> <span class='ocrx_word' id='word_1_333' title='bbox 1158 3026 1190 3076; x_wconf 91' lang='lat' dir='ltr'>ut</span> <span class='ocrx_word' id='word_1_334' title='bbox 1204 3021 1315 3094; x_wconf 89' lang='lat' dir='ltr'>incipit.</span> <span class='ocrx_word' id='word_1_335' title='bbox 1332 3021 1429 3094; x_wconf 89' lang='lat' dir='ltr'>Neque</span> <span class='ocrx_word' id='word_1_336' title='bbox 1444 3022 1526 3078; x_wconf 84' lang='lat' dir='ltr'>video</span> <span class='ocrx_word' id='word_1_337' title='bbox 1557 3038 1609 3077; x_wconf 91' lang='lat' dir='ltr'>cur</span> <span class='ocrx_word' id='word_1_338' title='bbox 1624 3022 1785 3096; x_wconf 88' lang='lat' dir='ltr'>quisquam</span> <span class='ocrx_word' id='word_1_339' title='bbox 1808 3022 1857 3078; x_wconf 91' lang='lat' dir='ltr'>hec</span> <span class='ocrx_word' id='word_1_340' title='bbox 1880 3018 1924 3076; x_wconf 86' lang='lat' dir='ltr'>exi·</span> 
     </span>
     <span class='ocr_line' id='line_1_27' title="bbox 252 3109 1925 3196; baseline -0.004 -27"><span class='ocrx_word' id='word_1_341' title='bbox 252 3112 381 3169; x_wconf 84' lang='lat' dir='ltr'>stimaiit</span> <span class='ocrx_word' id='word_1_342' title='bbox 396 3111 569 3184; x_wconf 90' lang='lat' dir='ltr'>Hieronymo</span> <span class='ocrx_word' id='word_1_343' title='bbox 585 3110 785 3196; x_wconf 74' lang='lat' dir='ltr'>tribuendum,</span> <span class='ocrx_word' id='word_1_344' title='bbox 802 3110 859 3166; x_wconf 89' lang='lat' dir='ltr'>nisi</span> <span class='ocrx_word' id='word_1_345' title='bbox 875 3110 947 3166; x_wconf 84' lang='lat' dir='ltr'>torte</span> <span class='ocrx_word' id='word_1_346' title='bbox 962 3111 1102 3182; x_wconf 86' lang='lat' dir='ltr'>deeeptus</span> <span class='ocrx_word' id='word_1_347' title='bbox 1116 3109 1170 3166; x_wconf 89' lang='lat' dir='ltr'>hac</span> <span class='ocrx_word' id='word_1_348' title='bbox 1186 3110 1364 3182; x_wconf 86' lang='lat' dir='ltr'>conjectura,</span> <span class='ocrx_word' id='word_1_349' title='bbox 1394 3110 1470 3183; x_wconf 93' lang='lat' dir='ltr'>quod</span> <span class='ocrx_word' id='word_1_350' title='bbox 1501 3109 1712 3182; x_wconf 89' lang='lat' dir='ltr'>interpretatur</span> <span class='ocrx_word' id='word_1_351' title='bbox 1736 3110 1843 3184; x_wconf 87' lang='lat' dir='ltr'>aliquot</span> <span class='ocrx_word' id='word_1_352' title='bbox 1862 3121 1925 3164; x_wconf 80' lang='lat' dir='ltr'>voces</span> 
     </span>
     <span class='ocr_line' id='line_1_28' title="bbox 254 3199 419 3256; baseline -0.006 0"><span class='ocrx_word' id='word_1_353' title='bbox 254 3199 419 3256; x_wconf 88' lang='lat' dir='ltr'>Hebraicas.</span> 
     </span>
    </p>
   </div>
   <div class='ocr_carea' id='block_1_5' title="bbox 284 3501 1903 3603">
    <p class='ocr_par' dir='ltr' id='par_1_7' title="bbox 284 3501 1903 3603">
     <span class='ocr_line' id='line_1_29' title="bbox 284 3501 1903 3603; baseline -0.004 -3"><span class='ocrx_word' id='word_1_354' title='bbox 284 3505 499 3602; x_wconf 84' lang='lat' dir='ltr'>DECEM</span> <span class='ocrx_word' id='word_1_355' title='bbox 534 3506 966 3603; x_wconf 85' lang='lat' dir='ltr'><strong>TENTATIONES</strong></span> <span class='ocrx_word' id='word_1_356' title='bbox 1001 3506 1227 3601; x_wconf 91' lang='lat' dir='ltr'>POPULI</span> <span class='ocrx_word' id='word_1_357' title='bbox 1264 3505 1489 3600; x_wconf 83' lang='lat' dir='ltr'>lSRAEL</span> <span class='ocrx_word' id='word_1_358' title='bbox 1524 3505 1589 3600; x_wconf 90' lang='lat' dir='ltr'>IN</span> <span class='ocrx_word' id='word_1_359' title='bbox 1616 3501 1903 3600; x_wconf 86' lang='lat' dir='ltr'>DESERTO.</span> 
     </span>
    </p>
   </div>
   <div class='ocr_carea' id='block_1_6' title="bbox 247 3863 1991 5359">
    <p class='ocr_par' dir='ltr' id='par_1_8' title="bbox 247 3863 1991 5359">
     <span class='ocr_line' id='line_1_30' title="bbox 287 3863 1924 3938; baseline -0.008 -14"><span class='ocrx_word' id='word_1_360' title='bbox 287 3865 535 3935; x_wconf 74' lang='lat' dir='ltr'>Hcccsuntoerbo,</span> <span class='ocrx_word' id='word_1_361' title='bbox 552 3865 738 3937; x_wconf 68' lang='lat' dir='ltr'>quateretur</span> <span class='ocrx_word' id='word_1_362' title='bbox 765 3873 805 3922; x_wconf 83' lang='lat' dir='ltr'>eat</span> <span class='ocrx_word' id='word_1_363' title='bbox 831 3866 934 3937; x_wconf 78' lang='lat' dir='ltr'>Moyses</span> <span class='ocrx_word' id='word_1_364' title='bbox 956 3863 992 3920; x_wconf 85' lang='lat' dir='ltr'>ad</span> <span class='ocrx_word' id='word_1_365' title='bbox 1014 3881 1072 3922; x_wconf 88' lang='lat' dir='ltr'>oru-</span> <span class='ocrx_word' id='word_1_366' title='bbox 1127 3865 1156 3919; x_wconf 94' lang='lat' dir='ltr'>in</span> <span class='ocrx_word' id='word_1_367' title='bbox 1174 3865 1269 3920; x_wconf 83' lang='lat' dir='ltr'>ondo</span> <span class='ocrx_word' id='word_1_368' title='bbox 1285 3863 1411 3938; x_wconf 84' lang='lat' dir='ltr'>legitur:</span> <span class='ocrx_word' id='word_1_369' title='bbox 1427 3865 1558 3934; x_wconf 67' lang='lat' dir='ltr'>carpana</span> <span class='ocrx_word' id='word_1_370' title='bbox 1569 3863 1690 3935; x_wconf 83' lang='lat' dir='ltr'>populus</span> <span class='ocrx_word' id='word_1_371' title='bbox 1714 3867 1810 3920; x_wconf 86' lang='lat' dir='ltr'>contra</span> <span class='ocrx_word' id='word_1_372' title='bbox 1837 3863 1924 3930; x_wconf 80' lang='lat' dir='ltr'>Moysen</span> 
     </span>
     <span class='ocr_line' id='line_1_31' title="bbox 249 3945 1925 4027; baseline -0.005 -15"><span class='ocrx_word' id='word_1_373' title='bbox 249 3973 313 4012; x_wconf 86' lang='lat' dir='ltr'>nem</span> <span class='ocrx_word' id='word_1_374' title='bbox 335 3955 431 4021; x_wconf 87' lang='lat' dir='ltr'>lsrael,</span> <span class='ocrx_word' id='word_1_375' title='bbox 455 3956 485 4010; x_wconf 85' lang='lat' dir='ltr'>in</span> <span class='ocrx_word' id='word_1_376' title='bbox 508 3957 629 4010; x_wconf 82' lang='lat' dir='ltr'>transitu</span> <span class='ocrx_word' id='word_1_377' title='bbox 649 3955 788 4020; x_wconf 81' lang='lat' dir='ltr'>iordanis,</span> <span class='ocrx_word' id='word_1_378' title='bbox 810 3957 841 4009; x_wconf 83' lang='lat' dir='ltr'>ie</span> <span class='ocrx_word' id='word_1_379' title='bbox 859 3954 1017 4025; x_wconf 74' lang='lat' dir='ltr'>solitudine,</span> <span class='ocrx_word' id='word_1_380' title='bbox 1043 3955 1074 4010; x_wconf 87' lang='lat' dir='ltr'>in</span> <span class='ocrx_word' id='word_1_381' title='bbox 1129 3955 1182 4010; x_wconf 90' lang='lat' dir='ltr'>ait:</span> <span class='ocrx_word' id='word_1_382' title='bbox 1200 3955 1239 4010; x_wconf 85' lang='lat' dir='ltr'>Dc</span> <span class='ocrx_word' id='word_1_383' title='bbox 1253 3954 1331 4010; x_wconf 85' lang='lat' dir='ltr'>notris</span> <span class='ocrx_word' id='word_1_384' title='bbox 1350 3969 1453 4027; x_wconf 76' lang='lat' dir='ltr'>apicem</span> <span class='ocrx_word' id='word_1_385' title='bbox 1480 3955 1511 4007; x_wconf 89' lang='lat' dir='ltr'>at</span> <span class='ocrx_word' id='word_1_386' title='bbox 1538 3951 1664 4008; x_wconf 79' lang='lat' dir='ltr'>bibamus</span> <span class='ocrx_word' id='word_1_387' title='bbox 1690 3953 1791 4024; x_wconf 77' lang='lat' dir='ltr'>(deod.</span> <span class='ocrx_word' id='word_1_388' title='bbox 1815 3966 1874 4018; x_wconf 87' lang='lat' dir='ltr'>xur,</span> <span class='ocrx_word' id='word_1_389' title='bbox 1896 3945 1925 4014; x_wconf 82' lang='lat'>2).</span> 
     </span>
     <span class='ocr_line' id='line_1_32' title="bbox 250 4040 1925 4114; baseline -0.004 -15"><span class='ocrx_word' id='word_1_390' title='bbox 250 4044 405 4114; x_wconf 83' lang='lat' dir='ltr'>campestri,</span> <span class='ocrx_word' id='word_1_391' title='bbox 433 4047 528 4098; x_wconf 86' lang='lat' dir='ltr'>centra</span> <span class='ocrx_word' id='word_1_392' title='bbox 552 4057 627 4096; x_wconf 88' lang='lat' dir='ltr'>more</span> <span class='ocrx_word' id='word_1_393' title='bbox 656 4041 786 4108; x_wconf 81' lang='lat' dir='ltr'>Hatram,</span> <span class='ocrx_word' id='word_1_394' title='bbox 811 4040 884 4096; x_wconf 85' lang='lat' dir='ltr'>inter</span> <span class='ocrx_word' id='word_1_395' title='bbox 908 4041 1027 4096; x_wconf 79' lang='lat' dir='ltr'>Pharum</span> <span class='ocrx_word' id='word_1_396' title='bbox 1050 4048 1075 4100; x_wconf 87' lang='lat' dir='ltr'>ct</span> <span class='ocrx_word' id='word_1_397' title='bbox 1130 4043 1242 4106; x_wconf 87' lang='lat' dir='ltr'>Quibus</span> <span class='ocrx_word' id='word_1_398' title='bbox 1259 4042 1410 4114; x_wconf 90' lang='lat' dir='ltr'>respondit</span> <span class='ocrx_word' id='word_1_399' title='bbox 1433 4042 1565 4114; x_wconf 87' lang='lat' dir='ltr'>Moyses:</span> <span class='ocrx_word' id='word_1_400' title='bbox 1585 4041 1656 4110; x_wconf 81' lang='lat' dir='ltr'>Quid</span> <span class='ocrx_word' id='word_1_401' title='bbox 1679 4041 1837 4114; x_wconf 82' lang='lat' dir='ltr'>jurpemini</span> <span class='ocrx_word' id='word_1_402' title='bbox 1852 4041 1925 4093; x_wconf 72' lang='lat' dir='ltr'>coeit</span> 
     </span>
     <span class='ocr_line' id='line_1_33' title="bbox 252 4122 1926 4204; baseline -0.008 -16"><span class='ocrx_word' id='word_1_403' title='bbox 252 4131 525 4204; x_wconf 79' lang='lat' dir='ltr'>Tboplret,cttalaa</span> <span class='ocrx_word' id='word_1_404' title='bbox 550 4138 575 4186; x_wconf 93' lang='lat' dir='ltr'>ct</span> <span class='ocrx_word' id='word_1_405' title='bbox 599 4129 752 4186; x_wconf 76' lang='lat' dir='ltr'>,iserottrct</span> <span class='ocrx_word' id='word_1_406' title='bbox 774 4131 838 4185; x_wconf 81' lang='lat' dir='ltr'>oriri</span> <span class='ocrx_word' id='word_1_407' title='bbox 863 4129 1071 4188; x_wconf 72' lang='lat' dir='ltr'>(abundantiam.</span> <span class='ocrx_word' id='word_1_408' title='bbox 1129 4149 1190 4188; x_wconf 86' lang='lat' dir='ltr'>mc:</span> <span class='ocrx_word' id='word_1_409' title='bbox 1218 4148 1269 4188; x_wconf 89' lang='lat' dir='ltr'>cur</span> <span class='ocrx_word' id='word_1_410' title='bbox 1295 4133 1405 4191; x_wconf 80' lang='lat' dir='ltr'>tentetis</span> <span class='ocrx_word' id='word_1_411' title='bbox 1435 4132 1578 4188; x_wconf 85' lang='lat' dir='ltr'>Hominum</span> <span class='ocrx_word' id='word_1_412' title='bbox 1603 4131 1722 4204; x_wconf 82' lang='lat' dir='ltr'>(ibid.)?</span> <span class='ocrx_word' id='word_1_413' title='bbox 1751 4137 1789 4186; x_wconf 84' lang='lat' dir='ltr'>tte</span> <span class='ocrx_word' id='word_1_414' title='bbox 1824 4122 1926 4185; x_wconf 80' lang='lat' dir='ltr'>secunda</span> 
     </span>
     <span class='ocr_line' id='line_1_34' title="bbox 252 4213 1991 4292; baseline -0.005 -15"><span class='ocrx_word' id='word_1_415' title='bbox 252 4219 380 4278; x_wconf 84' lang='lat' dir='ltr'>Hudecim</span> <span class='ocrx_word' id='word_1_416' title='bbox 395 4219 503 4275; x_wconf 86' lang='lat' dir='ltr'>dicrum</span> <span class='ocrx_word' id='word_1_417' title='bbox 517 4221 573 4274; x_wconf 86' lang='lat' dir='ltr'>iter</span> <span class='ocrx_word' id='word_1_418' title='bbox 586 4217 619 4274; x_wconf 81' lang='lat' dir='ltr'>de</span> <span class='ocrx_word' id='word_1_419' title='bbox 640 4219 726 4274; x_wconf 87' lang='lat' dir='ltr'>Horeb</span> <span class='ocrx_word' id='word_1_420' title='bbox 747 4218 782 4274; x_wconf 86' lang='lat' dir='ltr'>ad</span> <span class='ocrx_word' id='word_1_421' title='bbox 800 4227 918 4275; x_wconf 78' lang='lat' dir='ltr'>titulatam</span> <span class='ocrx_word' id='word_1_422' title='bbox 937 4219 1007 4290; x_wconf 85' lang='lat' dir='ltr'>Scir,</span> <span class='ocrx_word' id='word_1_423' title='bbox 1031 4236 1074 4275; x_wconf 83' lang='lat' dir='ltr'>aa·</span> <span class='ocrx_word' id='word_1_424' title='bbox 1128 4222 1286 4278; x_wconf 84' lang='lat' dir='ltr'>tentatione</span> <span class='ocrx_word' id='word_1_425' title='bbox 1300 4223 1341 4276; x_wconf 88' lang='lat' dir='ltr'>ite</span> <span class='ocrx_word' id='word_1_426' title='bbox 1356 4221 1385 4274; x_wconf 90' lang='lat' dir='ltr'>in</span> <span class='ocrx_word' id='word_1_427' title='bbox 1401 4219 1475 4275; x_wconf 89' lang='lat' dir='ltr'>libro</span> <span class='ocrx_word' id='word_1_428' title='bbox 1490 4220 1685 4276; x_wconf 87' lang='lat' dir='ltr'>Humerorum</span> <span class='ocrx_word' id='word_1_429' title='bbox 1710 4217 1835 4276; x_wconf 90' lang='lat' dir='ltr'>dicitur:</span> <span class='ocrx_word' id='word_1_430' title='bbox 1862 4213 1924 4268; x_wconf 77' lang='lat' dir='ltr'>aaa·</span> <span class='ocrx_word' id='word_1_431' title='bbox 1990 4259 1991 4292; x_wconf 50' lang='lat'>3</span> 
     </span>
     <span class='ocr_line' id='line_1_35' title="bbox 249 4304 1926 4383; baseline -0.003 -18"><span class='ocrx_word' id='word_1_432' title='bbox 249 4325 301 4383; x_wconf 86' lang='lat' dir='ltr'>que</span> <span class='ocrx_word' id='word_1_433' title='bbox 315 4309 507 4365; x_wconf 78' lang='lat' dir='ltr'>Codes-Harae</span> <span class='ocrx_word' id='word_1_434' title='bbox 520 4309 608 4377; x_wconf 80' lang='lat' dir='ltr'>(Haut.</span> <span class='ocrx_word' id='word_1_435' title='bbox 625 4325 645 4372; x_wconf 93' lang='lat'>1,</span> <span class='ocrx_word' id='word_1_436' title='bbox 674 4309 698 4375; x_wconf 84' lang='lat'>1,</span> <span class='ocrx_word' id='word_1_437' title='bbox 724 4309 762 4378; x_wconf 81' lang='lat'>2).</span> <span class='ocrx_word' id='word_1_438' title='bbox 794 4307 857 4362; x_wconf 72' lang='lat' dir='ltr'>llaec</span> <span class='ocrx_word' id='word_1_439' title='bbox 883 4311 952 4364; x_wconf 92' lang='lat' dir='ltr'>sunt</span> <span class='ocrx_word' id='word_1_440' title='bbox 973 4309 1072 4376; x_wconf 84' lang='lat' dir='ltr'>verbu,</span> <span class='ocrx_word' id='word_1_441' title='bbox 1128 4311 1418 4382; x_wconf 80' lang='lat' dir='ltr'>quciuclipcrcthuu</span> <span class='ocrx_word' id='word_1_442' title='bbox 1435 4309 1566 4381; x_wconf 80' lang='lat' dir='ltr'>popalus,</span> <span class='ocrx_word' id='word_1_443' title='bbox 1593 4313 1647 4365; x_wconf 89' lang='lat' dir='ltr'>etc.</span> <span class='ocrx_word' id='word_1_444' title='bbox 1671 4311 1768 4380; x_wconf 86' lang='lat' dir='ltr'>(Mum.</span> <span class='ocrx_word' id='word_1_445' title='bbox 1791 4304 1926 4373; x_wconf 54' lang='lat' dir='ltr'>sistite</span> 
     </span>
     <span class='ocr_line' id='line_1_36' title="bbox 250 4395 1924 4471; baseline -0.002 -19"><span class='ocrx_word' id='word_1_446' title='bbox 250 4398 359 4470; x_wconf 89' lang='lat' dir='ltr'>quibus</span> <span class='ocrx_word' id='word_1_447' title='bbox 375 4397 515 4470; x_wconf 89' lang='lat' dir='ltr'>corripuit</span> <span class='ocrx_word' id='word_1_448' title='bbox 544 4401 655 4468; x_wconf 89' lang='lat' dir='ltr'>ttoyses</span> <span class='ocrx_word' id='word_1_449' title='bbox 681 4396 757 4452; x_wconf 86' lang='lat' dir='ltr'>Hlios</span> <span class='ocrx_word' id='word_1_450' title='bbox 782 4395 870 4452; x_wconf 91' lang='lat' dir='ltr'>lsrael</span> <span class='ocrx_word' id='word_1_451' title='bbox 896 4412 949 4467; x_wconf 92' lang='lat' dir='ltr'>pro</span> <span class='ocrx_word' id='word_1_452' title='bbox 973 4397 1073 4452; x_wconf 89' lang='lat' dir='ltr'>decem</span> <span class='ocrx_word' id='word_1_453' title='bbox 1129 4396 1621 4471; x_wconf 87' lang='lat' dir='ltr'>queadenmlocuminquoait:</span> <span class='ocrx_word' id='word_1_454' title='bbox 1653 4399 1707 4453; x_wconf 92' lang='lat' dir='ltr'>Hoc</span> <span class='ocrx_word' id='word_1_455' title='bbox 1728 4401 1778 4460; x_wconf 85' lang='lat' dir='ltr'>est,</span> <span class='ocrx_word' id='word_1_456' title='bbox 1801 4403 1924 4466; x_wconf 80' lang='lat' dir='ltr'>npucear·</span> 
     </span>
     <span class='ocr_line' id='line_1_37' title="bbox 250 4477 1925 4558; baseline -0.006 -16"><span class='ocrx_word' id='word_1_457' title='bbox 250 4486 472 4552; x_wconf 87' lang='lat' dir='ltr'>tentationibus,</span> <span class='ocrx_word' id='word_1_458' title='bbox 490 4484 599 4556; x_wconf 89' lang='lat' dir='ltr'>quibus</span> <span class='ocrx_word' id='word_1_459' title='bbox 615 4483 770 4540; x_wconf 91' lang='lat' dir='ltr'>Dominum</span> <span class='ocrx_word' id='word_1_460' title='bbox 785 4488 979 4541; x_wconf 80' lang='lat' dir='ltr'>tentaverunt.</span> <span class='ocrx_word' id='word_1_461' title='bbox 993 4485 1075 4540; x_wconf 94' lang='lat' dir='ltr'>Unde</span> <span class='ocrx_word' id='word_1_462' title='bbox 1130 4487 1314 4554; x_wconf 85' lang='lat' dir='ltr'>trodictienis,</span> <span class='ocrx_word' id='word_1_463' title='bbox 1328 4487 1377 4542; x_wconf 83' lang='lat' dir='ltr'>utri</span> <span class='ocrx_word' id='word_1_464' title='bbox 1387 4487 1495 4558; x_wconf 82' lang='lat' dir='ltr'>jurpnti</span> <span class='ocrx_word' id='word_1_465' title='bbox 1508 4492 1573 4542; x_wconf 83' lang='lat' dir='ltr'>sunt</span> <span class='ocrx_word' id='word_1_466' title='bbox 1602 4487 1655 4556; x_wconf 77' lang='lat' dir='ltr'>titia</span> <span class='ocrx_word' id='word_1_467' title='bbox 1677 4487 1763 4542; x_wconf 84' lang='lat' dir='ltr'>lsrael</span> <span class='ocrx_word' id='word_1_468' title='bbox 1782 4491 1868 4541; x_wconf 85' lang='lat' dir='ltr'>centro</span> <span class='ocrx_word' id='word_1_469' title='bbox 1891 4477 1925 4532; x_wconf 81' lang='lat' dir='ltr'>ao</span> 
     </span>
     <span class='ocr_line' id='line_1_38' title="bbox 250 4563 1923 4648; baseline -0.006 -18"><span class='ocrx_word' id='word_1_470' title='bbox 250 4574 392 4630; x_wconf 89' lang='lat' dir='ltr'>Dominus</span> <span class='ocrx_word' id='word_1_471' title='bbox 407 4575 436 4628; x_wconf 92' lang='lat' dir='ltr'>in</span> <span class='ocrx_word' id='word_1_472' title='bbox 454 4573 526 4628; x_wconf 90' lang='lat' dir='ltr'>libro</span> <span class='ocrx_word' id='word_1_473' title='bbox 542 4572 839 4629; x_wconf 86' lang='lat' dir='ltr'>Humerorumdicit:</span> <span class='ocrx_word' id='word_1_474' title='bbox 858 4573 890 4629; x_wconf 77' lang='lat' dir='ltr'>At</span> <span class='ocrx_word' id='word_1_475' title='bbox 905 4589 997 4629; x_wconf 83' lang='lat' dir='ltr'>omncs</span> <span class='ocrx_word' id='word_1_476' title='bbox 1026 4573 1074 4630; x_wconf 85' lang='lat' dir='ltr'>be·</span> <span class='ocrx_word' id='word_1_477' title='bbox 1127 4576 1527 4646; x_wconf 76' lang='lat' dir='ltr'>minumctsonctiticntusest</span> <span class='ocrx_word' id='word_1_478' title='bbox 1547 4577 1629 4630; x_wconf 85' lang='lat' dir='ltr'>incia</span> <span class='ocrx_word' id='word_1_479' title='bbox 1659 4575 1731 4648; x_wconf 82' lang='lat' dir='ltr'>(ibid</span> <span class='ocrx_word' id='word_1_480' title='bbox 1772 4574 1825 4640; x_wconf 86' lang='lat'>13).</span> <span class='ocrx_word' id='word_1_481' title='bbox 1851 4563 1923 4624; x_wconf 76' lang='lat' dir='ltr'>Tertii</span> 
     </span>
     <span class='ocr_line' id='line_1_39' title="bbox 250 4651 1925 4735; baseline -0.003 -16"><span class='ocrx_word' id='word_1_482' title='bbox 250 4665 338 4732; x_wconf 80' lang='lat' dir='ltr'>mines</span> <span class='ocrx_word' id='word_1_483' title='bbox 353 4663 404 4735; x_wconf 83' lang='lat' dir='ltr'>qai</span> <span class='ocrx_word' id='word_1_484' title='bbox 417 4662 545 4718; x_wconf 85' lang='lat' dir='ltr'>viderunt</span> <span class='ocrx_word' id='word_1_485' title='bbox 559 4663 728 4733; x_wconf 82' lang='lat' dir='ltr'>majestatem</span> <span class='ocrx_word' id='word_1_486' title='bbox 743 4677 841 4729; x_wconf 69' lang='lat' dir='ltr'>menan</span> <span class='ocrx_word' id='word_1_487' title='bbox 861 4668 887 4718; x_wconf 89' lang='lat' dir='ltr'>ct</span> <span class='ocrx_word' id='word_1_488' title='bbox 909 4663 989 4734; x_wconf 79' lang='lat' dir='ltr'>siyno</span> <span class='ocrx_word' id='word_1_489' title='bbox 1012 4678 1075 4735; x_wconf 81' lang='lat' dir='ltr'>quse</span> <span class='ocrx_word' id='word_1_490' title='bbox 1130 4663 1252 4721; x_wconf 89' lang='lat' dir='ltr'>tentatio</span> <span class='ocrx_word' id='word_1_491' title='bbox 1276 4663 1444 4719; x_wconf 90' lang='lat' dir='ltr'>continetur</span> <span class='ocrx_word' id='word_1_492' title='bbox 1463 4663 1492 4718; x_wconf 91' lang='lat' dir='ltr'>in</span> <span class='ocrx_word' id='word_1_493' title='bbox 1517 4679 1550 4719; x_wconf 90' lang='lat' dir='ltr'>eo</span> <span class='ocrx_word' id='word_1_494' title='bbox 1572 4663 1650 4735; x_wconf 88' lang='lat' dir='ltr'>quod</span> <span class='ocrx_word' id='word_1_495' title='bbox 1672 4661 1733 4718; x_wconf 85' lang='lat' dir='ltr'>ait:</span> <span class='ocrx_word' id='word_1_496' title='bbox 1754 4664 1785 4719; x_wconf 85' lang='lat' dir='ltr'>la</span> <span class='ocrx_word' id='word_1_497' title='bbox 1807 4651 1925 4729; x_wconf 69' lang='lat' dir='ltr'>campestri</span> 
     </span>
     <span class='ocr_line' id='line_1_40' title="bbox 249 4739 1925 4824; baseline -0.005 -16"><span class='ocrx_word' id='word_1_498' title='bbox 249 4753 303 4824; x_wconf 73' lang='lat' dir='ltr'>[cci</span> <span class='ocrx_word' id='word_1_499' title='bbox 315 4753 345 4807; x_wconf 86' lang='lat' dir='ltr'>in</span> <span class='ocrx_word' id='word_1_500' title='bbox 359 4751 474 4824; x_wconf 84' lang='lat' dir='ltr'>AEpypto</span> <span class='ocrx_word' id='word_1_501' title='bbox 499 4755 524 4808; x_wconf 84' lang='lat' dir='ltr'>ct</span> <span class='ocrx_word' id='word_1_502' title='bbox 546 4753 574 4806; x_wconf 85' lang='lat' dir='ltr'>io</span> <span class='ocrx_word' id='word_1_503' title='bbox 599 4751 758 4820; x_wconf 83' lang='lat' dir='ltr'>solitudine,</span> <span class='ocrx_word' id='word_1_504' title='bbox 783 4756 810 4806; x_wconf 90' lang='lat' dir='ltr'>ct</span> <span class='ocrx_word' id='word_1_505' title='bbox 835 4755 1008 4807; x_wconf 85' lang='lat' dir='ltr'>tentaverunt</span> <span class='ocrx_word' id='word_1_506' title='bbox 1031 4767 1076 4807; x_wconf 86' lang='lat' dir='ltr'>me</span> <span class='ocrx_word' id='word_1_507' title='bbox 1129 4761 1314 4809; x_wconf 85' lang='lat' dir='ltr'>coutramarc</span> <span class='ocrx_word' id='word_1_508' title='bbox 1337 4751 1468 4808; x_wconf 82' lang='lat' dir='ltr'>Rubrum.</span> <span class='ocrx_word' id='word_1_509' title='bbox 1495 4752 1525 4807; x_wconf 97' lang='lat' dir='ltr'>ln</span> <span class='ocrx_word' id='word_1_510' title='bbox 1542 4769 1600 4824; x_wconf 91' lang='lat' dir='ltr'>quo</span> <span class='ocrx_word' id='word_1_511' title='bbox 1613 4751 1678 4808; x_wconf 92' lang='lat' dir='ltr'>loco</span> <span class='ocrx_word' id='word_1_512' title='bbox 1695 4761 1885 4807; x_wconf 88' lang='lat' dir='ltr'>murmurasse</span> <span class='ocrx_word' id='word_1_513' title='bbox 1896 4739 1925 4796; x_wconf 83' lang='lat' dir='ltr'>di·</span> 
     </span>
     <span class='ocr_line' id='line_1_41' title="bbox 247 4829 1924 4914; baseline -0.003 -17"><span class='ocrx_word' id='word_1_514' title='bbox 247 4841 371 4914; x_wconf 73' lang='lat' dir='ltr'>iamper</span> <span class='ocrx_word' id='word_1_515' title='bbox 383 4841 474 4896; x_wconf 87' lang='lat' dir='ltr'>decem</span> <span class='ocrx_word' id='word_1_516' title='bbox 488 4843 570 4907; x_wconf 86' lang='lat' dir='ltr'>vices,</span> <span class='ocrx_word' id='word_1_517' title='bbox 598 4856 647 4895; x_wconf 89' lang='lat' dir='ltr'>nec</span> <span class='ocrx_word' id='word_1_518' title='bbox 665 4839 823 4896; x_wconf 82' lang='lat' dir='ltr'>obedierunt</span> <span class='ocrx_word' id='word_1_519' title='bbox 846 4843 906 4896; x_wconf 88' lang='lat' dir='ltr'>coci</span> <span class='ocrx_word' id='word_1_520' title='bbox 919 4857 996 4906; x_wconf 79' lang='lat' dir='ltr'>mee,</span> <span class='ocrx_word' id='word_1_521' title='bbox 1019 4857 1075 4897; x_wconf 78' lang='lat' dir='ltr'>riou</span> <span class='ocrx_word' id='word_1_522' title='bbox 1130 4845 1239 4897; x_wconf 91' lang='lat' dir='ltr'>cuntur</span> <span class='ocrx_word' id='word_1_523' title='bbox 1252 4845 1353 4897; x_wconf 88' lang='lat' dir='ltr'>contra</span> <span class='ocrx_word' id='word_1_524' title='bbox 1368 4840 1538 4909; x_wconf 89' lang='lat' dir='ltr'>Dominum,</span> <span class='ocrx_word' id='word_1_525' title='bbox 1551 4829 1924 4912; x_wconf 70' lang='lat' dir='ltr'>quiapemmptosmgypticr</span> 
     </span>
     <span class='ocr_line' id='line_1_42' title="bbox 250 4920 1924 5004; baseline -0.007 -18"><span class='ocrx_word' id='word_1_526' title='bbox 250 4930 379 4987; x_wconf 79' lang='lat' dir='ltr'>viciabant</span> <span class='ocrx_word' id='word_1_527' title='bbox 405 4933 508 4986; x_wconf 88' lang='lat' dir='ltr'>tcrrom</span> <span class='ocrx_word' id='word_1_528' title='bbox 529 4945 578 5001; x_wconf 88' lang='lat' dir='ltr'>pre</span> <span class='ocrx_word' id='word_1_529' title='bbox 606 4945 659 5001; x_wconf 83' lang='lat' dir='ltr'>qua</span> <span class='ocrx_word' id='word_1_530' title='bbox 684 4929 781 5000; x_wconf 82' lang='lat' dir='ltr'>juravi</span> <span class='ocrx_word' id='word_1_531' title='bbox 815 4930 941 5002; x_wconf 82' lang='lat' dir='ltr'>patribus</span> <span class='ocrx_word' id='word_1_532' title='bbox 979 4945 1075 4985; x_wconf 85' lang='lat' dir='ltr'>eoram</span> <span class='ocrx_word' id='word_1_533' title='bbox 1130 4931 1231 5001; x_wconf 82' lang='lat' dir='ltr'>tuisse,</span> <span class='ocrx_word' id='word_1_534' title='bbox 1247 4930 1339 5004; x_wconf 89' lang='lat' dir='ltr'>Moysi</span> <span class='ocrx_word' id='word_1_535' title='bbox 1355 4946 1412 4985; x_wconf 93' lang='lat' dir='ltr'>non</span> <span class='ocrx_word' id='word_1_536' title='bbox 1427 4928 1703 4985; x_wconf 86' lang='lat' dir='ltr'>crediderunt¹sibi</span> <span class='ocrx_word' id='word_1_537' title='bbox 1722 4929 1758 4984; x_wconf 92' lang='lat' dir='ltr'>de</span> <span class='ocrx_word' id='word_1_538' title='bbox 1784 4925 1864 4981; x_wconf 81' lang='lat' dir='ltr'>rerba</span> <span class='ocrx_word' id='word_1_539' title='bbox 1889 4920 1924 4974; x_wconf 84' lang='lat' dir='ltr'>oo</span> 
     </span>
     <span class='ocr_line' id='line_1_43' title="bbox 251 5005 1925 5092; baseline -0.007 -17"><span class='ocrx_word' id='word_1_540' title='bbox 251 5021 343 5092; x_wconf 72' lang='lat' dir='ltr'>(Num.</span> <span class='ocrx_word' id='word_1_541' title='bbox 360 5036 417 5087; x_wconf 86' lang='lat' dir='ltr'>xrv,</span> <span class='ocrx_word' id='word_1_542' title='bbox 437 5021 482 5088; x_wconf 79' lang='lat'>22,</span> <span class='ocrx_word' id='word_1_543' title='bbox 497 5019 553 5090; x_wconf 80' lang='lat'>23).</span> <span class='ocrx_word' id='word_1_544' title='bbox 571 5021 649 5085; x_wconf 87' lang='lat' dir='ltr'>Quas</span> <span class='ocrx_word' id='word_1_545' title='bbox 678 5019 856 5074; x_wconf 87' lang='lat' dir='ltr'>tentationes</span> <span class='ocrx_word' id='word_1_546' title='bbox 876 5017 922 5074; x_wconf 91' lang='lat' dir='ltr'>bic</span> <span class='ocrx_word' id='word_1_547' title='bbox 949 5018 1075 5074; x_wconf 83' lang='lat' dir='ltr'>breviter</span> <span class='ocrx_word' id='word_1_548' title='bbox 1130 5019 1201 5076; x_wconf 90' lang='lat' dir='ltr'>mini</span> <span class='ocrx_word' id='word_1_549' title='bbox 1221 5019 1339 5088; x_wconf 90' lang='lat' dir='ltr'>dicenti,</span> <span class='ocrx_word' id='word_1_550' title='bbox 1355 5019 1405 5074; x_wconf 87' lang='lat' dir='ltr'>sed</span> <span class='ocrx_word' id='word_1_551' title='bbox 1427 5017 1524 5090; x_wconf 90' lang='lat' dir='ltr'>potius</span> <span class='ocrx_word' id='word_1_552' title='bbox 1535 5034 1584 5074; x_wconf 89' lang='lat' dir='ltr'>ees</span> <span class='ocrx_word' id='word_1_553' title='bbox 1594 5033 1625 5073; x_wconf 91' lang='lat' dir='ltr'>se</span> <span class='ocrx_word' id='word_1_554' title='bbox 1638 5015 1780 5088; x_wconf 88' lang='lat' dir='ltr'>subsequi</span> <span class='ocrx_word' id='word_1_555' title='bbox 1790 5005 1925 5070; x_wconf 79' lang='lat' dir='ltr'>timuerunt</span> 
     </span>
     <span class='ocr_line' id='line_1_44' title="bbox 252 5101 1924 5182; baseline -0.006 -18"><span class='ocrx_word' id='word_1_556' title='bbox 252 5111 280 5164; x_wconf 87' lang='lat' dir='ltr'>st</span> <span class='ocrx_word' id='word_1_557' title='bbox 295 5111 418 5165; x_wconf 88' lang='lat' dir='ltr'>obscure</span> <span class='ocrx_word' id='word_1_558' title='bbox 430 5108 544 5182; x_wconf 87' lang='lat' dir='ltr'>Moyses</span> <span class='ocrx_word' id='word_1_559' title='bbox 557 5111 712 5164; x_wconf 89' lang='lat' dir='ltr'>enumerat</span> <span class='ocrx_word' id='word_1_560' title='bbox 727 5107 828 5163; x_wconf 89' lang='lat' dir='ltr'>dicens</span> <span class='ocrx_word' id='word_1_561' title='bbox 841 5126 847 5162; x_wconf 92' lang='lat'>:</span> <span class='ocrx_word' id='word_1_562' title='bbox 862 5108 891 5162; x_wconf 86' lang='lat' dir='ltr'>ln</span> <span class='ocrx_word' id='word_1_563' title='bbox 915 5106 1072 5174; x_wconf 80' lang='lat' dir='ltr'>solitudine,</span> <span class='ocrx_word' id='word_1_564' title='bbox 1130 5107 1226 5180; x_wconf 76' lang='lat' dir='ltr'>(dcccl.</span> <span class='ocrx_word' id='word_1_565' title='bbox 1243 5124 1289 5176; x_wconf 88' lang='lat' dir='ltr'>xv,</span> <span class='ocrx_word' id='word_1_566' title='bbox 1313 5108 1369 5178; x_wconf 83' lang='lat'>22).</span> <span class='ocrx_word' id='word_1_567' title='bbox 1399 5106 1481 5162; x_wconf 90' lang='lat' dir='ltr'>Unde</span> <span class='ocrx_word' id='word_1_568' title='bbox 1505 5106 1631 5162; x_wconf 91' lang='lat' dir='ltr'>dicitnr:</span> <span class='ocrx_word' id='word_1_569' title='bbox 1659 5107 1754 5161; x_wconf 79' lang='lat' dir='ltr'>Patres</span> <span class='ocrx_word' id='word_1_570' title='bbox 1782 5101 1863 5158; x_wconf 82' lang='lat' dir='ltr'>nestri</span> <span class='ocrx_word' id='word_1_571' title='bbox 1884 5107 1924 5149; x_wconf 76' lang='lat' dir='ltr'>ott</span> 
     </span>
     <span class='ocr_line' id='line_1_45' title="bbox 252 5185 1922 5270; baseline 0.003 -21"><span class='ocrx_word' id='word_1_572' title='bbox 252 5195 282 5250; x_wconf 90' lang='lat' dir='ltr'>in</span> <span class='ocrx_word' id='word_1_573' title='bbox 298 5198 552 5269; x_wconf 87' lang='lat' dir='ltr'>quaestcnditeos</span> <span class='ocrx_word' id='word_1_574' title='bbox 569 5215 620 5270; x_wconf 93' lang='lat' dir='ltr'>pro</span> <span class='ocrx_word' id='word_1_575' title='bbox 635 5215 715 5270; x_wconf 87' lang='lat' dir='ltr'>aquae</span> <span class='ocrx_word' id='word_1_576' title='bbox 741 5197 864 5269; x_wconf 84' lang='lat' dir='ltr'>penuria</span> <span class='ocrx_word' id='word_1_577' title='bbox 888 5195 1004 5251; x_wconf 90' lang='lat' dir='ltr'>duabus</span> <span class='ocrx_word' id='word_1_578' title='bbox 1029 5194 1073 5250; x_wconf 84' lang='lat' dir='ltr'>vi·</span> <span class='ocrx_word' id='word_1_579' title='bbox 1130 5194 1511 5262; x_wconf 70' lang='lat' dir='ltr'>intellexeruntmirabilia‘,</span> <span class='ocrx_word' id='word_1_580' title='bbox 1536 5199 1592 5250; x_wconf 91' lang='lat' dir='ltr'>etc.</span> <span class='ocrx_word' id='word_1_581' title='bbox 1609 5195 1692 5266; x_wconf 74' lang='lat' dir='ltr'>(Psct.</span> <span class='ocrx_word' id='word_1_582' title='bbox 1720 5211 1764 5261; x_wconf 90' lang='lat' dir='ltr'>cv,</span> <span class='ocrx_word' id='word_1_583' title='bbox 1779 5192 1815 5264; x_wconf 81' lang='lat'>7).</span> <span class='ocrx_word' id='word_1_584' title='bbox 1837 5185 1922 5254; x_wconf 79' lang='lat' dir='ltr'>Quarta</span> 
     </span>
     <span class='ocr_line' id='line_1_46' title="bbox 253 5257 1924 5359; baseline -0.005 -21"><span class='ocrx_word' id='word_1_585' title='bbox 253 5282 335 5342; x_wconf 89' lang='lat' dir='ltr'>cibus</span> <span class='ocrx_word' id='word_1_586' title='bbox 350 5290 480 5342; x_wconf 83' lang='lat' dir='ltr'>tentasse</span> <span class='ocrx_word' id='word_1_587' title='bbox 498 5287 666 5343; x_wconf 90' lang='lat' dir='ltr'>Dominum.</span> <span class='ocrx_word' id='word_1_588' title='bbox 687 5287 724 5342; x_wconf 87' lang='lat' dir='ltr'>De</span> <span class='ocrx_word' id='word_1_589' title='bbox 740 5285 835 5359; x_wconf 87' lang='lat' dir='ltr'>prima</span> <span class='ocrx_word' id='word_1_590' title='bbox 849 5285 1008 5340; x_wconf 87' lang='lat' dir='ltr'>tentatione</span> <span class='ocrx_word' id='word_1_591' title='bbox 1034 5285 1075 5340; x_wconf 92' lang='lat' dir='ltr'>ita</span> <span class='ocrx_word' id='word_1_592' title='bbox 1090 5257 1111 5324; x_wconf 74' lang='lat' dir='ltr'>C</span> <span class='ocrx_word' id='word_1_593' title='bbox 1130 5290 1158 5343; x_wconf 90' lang='lat' dir='ltr'>et</span> <span class='ocrx_word' id='word_1_594' title='bbox 1172 5286 1275 5359; x_wconf 83' lang='lat' dir='ltr'>quinta</span> <span class='ocrx_word' id='word_1_595' title='bbox 1290 5284 1411 5342; x_wconf 87' lang='lat' dir='ltr'>tentatio</span> <span class='ocrx_word' id='word_1_596' title='bbox 1424 5283 1589 5340; x_wconf 88' lang='lat' dir='ltr'>continetur</span> <span class='ocrx_word' id='word_1_597' title='bbox 1604 5284 1634 5340; x_wconf 88' lang='lat' dir='ltr'>in</span> <span class='ocrx_word' id='word_1_598' title='bbox 1647 5301 1680 5340; x_wconf 92' lang='lat' dir='ltr'>eo</span> <span class='ocrx_word' id='word_1_599' title='bbox 1699 5283 1777 5356; x_wconf 91' lang='lat' dir='ltr'>quod</span> <span class='ocrx_word' id='word_1_600' title='bbox 1792 5281 1847 5336; x_wconf 91' lang='lat' dir='ltr'>ait:</span> <span class='ocrx_word' id='word_1_601' title='bbox 1870 5273 1924 5330; x_wconf 74' lang='lat' dir='ltr'>tuter</span> 
     </span>
    </p>
   </div>
   <div class='ocr_carea' id='block_1_7' title="bbox 253 5462 1921 5679">
    <p class='ocr_par' dir='ltr' id='par_1_9' title="bbox 253 5462 1921 5679">
     <span class='ocr_line' id='line_1_47' title="bbox 289 5462 1291 5534; baseline -0.003 -16"><span class='ocrx_word' id='word_1_602' title='bbox 289 5463 297 5498; x_wconf 92' lang='lat'>¹</span> <span class='ocrx_word' id='word_1_603' title='bbox 313 5463 387 5519; x_wconf 78' lang='lat' dir='ltr'>Editi</span> <span class='ocrx_word' id='word_1_604' title='bbox 404 5462 470 5518; x_wconf 89' lang='lat' dir='ltr'>libri</span> <span class='ocrx_word' id='word_1_605' title='bbox 487 5463 564 5518; x_wconf 91' lang='lat' dir='ltr'>hunc</span> <span class='ocrx_word' id='word_1_606' title='bbox 579 5465 674 5520; x_wconf 91' lang='lat' dir='ltr'>locum</span> <span class='ocrx_word' id='word_1_607' title='bbox 693 5467 854 5532; x_wconf 86' lang='lat' dir='ltr'>mutarunt,</span> <span class='ocrx_word' id='word_1_608' title='bbox 868 5462 1075 5534; x_wconf 76' lang='lat' dir='ltr'>legunteuim:</span> <span class='ocrx_word' id='word_1_609' title='bbox 1131 5462 1291 5518; x_wconf 81' lang='lat' dir='ltr'>edidimus.</span> 
     </span>
     <span class='ocr_line' id='line_1_48' title="bbox 254 5530 1921 5618; baseline -0.006 -26"><span class='ocrx_word' id='word_1_610' title='bbox 254 5535 324 5608; x_wconf 82' lang='lat' dir='ltr'>Quia</span> <span class='ocrx_word' id='word_1_611' title='bbox 336 5535 509 5608; x_wconf 82' lang='lat' dir='ltr'>perimendos</span> <span class='ocrx_word' id='word_1_612' title='bbox 523 5538 557 5590; x_wconf 60' lang='grc' dir='ltr'>[Ε</span> <span class='ocrx_word' id='word_1_613' title='bbox 576 5539 663 5607; x_wconf 78' lang='lat' dir='ltr'>pplicc</span> <span class='ocrx_word' id='word_1_614' title='bbox 690 5551 745 5592; x_wconf 79' lang='lat' dir='ltr'>esse</span> <span class='ocrx_word' id='word_1_615' title='bbox 768 5536 856 5618; x_wconf 79' lang='lat' dir='ltr'>Moysi</span> <span class='ocrx_word' id='word_1_616' title='bbox 882 5551 938 5590; x_wconf 83' lang='lat' dir='ltr'>noa</span> <span class='ocrx_word' id='word_1_617' title='bbox 959 5535 1076 5592; x_wconf 86' lang='lat' dir='ltr'>credide·</span> <span class='ocrx_word' id='word_1_618' title='bbox 1166 5535 1218 5588; x_wconf 77' lang='lat' dir='ltr'>’ln</span> <span class='ocrx_word' id='word_1_619' title='bbox 1235 5549 1299 5588; x_wconf 92' lang='lat' dir='ltr'>meo</span> <span class='ocrx_word' id='word_1_620' title='bbox 1324 5548 1379 5588; x_wconf 92' lang='lat' dir='ltr'>ms.</span> <span class='ocrx_word' id='word_1_621' title='bbox 1398 5533 1474 5592; x_wconf 84' lang='lat' dir='ltr'>anle</span> <span class='ocrx_word' id='word_1_622' title='bbox 1494 5533 1637 5590; x_wconf 85' lang='lat' dir='ltr'>dicituriu</span> <span class='ocrx_word' id='word_1_623' title='bbox 1655 5531 1773 5614; x_wconf 75' lang='lat' dir='ltr'>psalmo,</span> <span class='ocrx_word' id='word_1_624' title='bbox 1785 5530 1871 5584; x_wconf 82' lang='lat' dir='ltr'>Patres</span> <span class='ocrx_word' id='word_1_625' title='bbox 1886 5531 1921 5574; x_wconf 67' lang='lat' dir='ltr'>uc</span> 
     </span>
     <span class='ocr_line' id='line_1_49' title="bbox 253 5598 1921 5679; baseline -0.005 -13"><span class='ocrx_word' id='word_1_626' title='bbox 253 5614 329 5674; x_wconf 86' lang='lat' dir='ltr'>runt,</span> <span class='ocrx_word' id='word_1_627' title='bbox 341 5598 406 5678; x_wconf 78' lang='lat' dir='ltr'>arbi,</span> <span class='ocrx_word' id='word_1_628' title='bbox 420 5605 464 5679; x_wconf 87' lang='lat' dir='ltr'>de,</span> <span class='ocrx_word' id='word_1_629' title='bbox 478 5611 535 5664; x_wconf 88' lang='lat' dir='ltr'>etc.</span> <span class='ocrx_word' id='word_1_630' title='bbox 588 5623 628 5664; x_wconf 89' lang='lat' dir='ltr'>ss.</span> <span class='ocrx_word' id='word_1_631' title='bbox 640 5622 743 5666; x_wconf 86' lang='lat' dir='ltr'>omncs</span> <span class='ocrx_word' id='word_1_632' title='bbox 764 5611 902 5674; x_wconf 79' lang='lat' dir='ltr'>retinent,</span> <span class='ocrx_word' id='word_1_633' title='bbox 926 5608 1004 5679; x_wconf 88' lang='lat' dir='ltr'>quod</span> <span class='ocrx_word' id='word_1_634' title='bbox 1024 5623 1077 5666; x_wconf 86' lang='lat' dir='ltr'>nos</span> <span class='ocrx_word' id='word_1_635' title='bbox 1130 5607 1183 5666; x_wconf 84' lang='lat' dir='ltr'>etri</span> <span class='ocrx_word' id='word_1_636' title='bbox 1197 5607 1228 5664; x_wconf 85' lang='lat' dir='ltr'>tn</span> <span class='ocrx_word' id='word_1_637' title='bbox 1242 5605 1356 5678; x_wconf 78' lang='lat' dir='ltr'>AEyypto</span> <span class='ocrx_word' id='word_1_638' title='bbox 1370 5621 1425 5663; x_wconf 85' lang='lat' dir='ltr'>con</span> <span class='ocrx_word' id='word_1_639' title='bbox 1440 5605 1634 5664; x_wconf 72' lang='lat' dir='ltr'>intellexeruut</span> <span class='ocrx_word' id='word_1_640' title='bbox 1645 5603 1788 5662; x_wconf 80' lang='lat' dir='ltr'>mirabatur</span> <span class='ocrx_word' id='word_1_641' title='bbox 1811 5602 1861 5666; x_wconf 80' lang='lat' dir='ltr'>tua,</span> <span class='ocrx_word' id='word_1_642' title='bbox 1879 5603 1921 5650; x_wconf 67' lang='lat' dir='ltr'>tt*</span> 
     </span>
    </p>
   </div>
   <div class='ocr_carea' id='block_1_8' title="bbox 0 0 2038 6165">
    <p class='ocr_par' dir='ltr' id='par_1_10' title="bbox 0 0 2038 6165">
     <span class='ocr_line' id='line_1_50' title="bbox 0 0 2038 6165; baseline 0 0"><span class='ocrx_word' id='word_1_643' title='bbox 0 0 2038 6165; x_wconf 95' lang='lat' dir='ltr'> </span> 
     </span>
    </p>
   </div>
  </div>
 </body>
</html>
