4056 6170
165 333 242 405 litt
664 341 979 420 COMMENTARIUS
1000 349 1041 420 ill
1064 348 1364 425 scotnstts'rnrt.
1779 353 1867 427 ἨΝ

162 475 240 536 m
261 473 367 552 putant
380 467 496 540 animas
508 495 575 541 oum
586 484 757 558 corporibus
772 487 839 560 sori,
870 491 899 545 et
928 506 985 546 non
1002 501 1027 565 Α
1042 505 1110 562 que,
1126 489 1170 547 vol
1187 493 1333 564 quomodo
1350 495 1460 560 tantum
1484 487 1563 555 tot
1577 479 1705 569 slt,sclie
1718 489 1863 559 voluisse:

160 582 178 622 a
193 563 263 635 Dec,
276 569 354 626 sada
368 587 524 644 corporum
539 575 711 647 parentibus
726 578 860 650 generari
871 580 890 634 ¹.
911 579 984 635 (lum
1040 583 1071 633 ut
1086 579 1164 651 qnod
1177 580 1266 636 David
1283 587 1350 654 post
1363 583 1589 643 dissolutionem
1605 587 1735 660 corporis
1749 591 1778 644 et
1803 588 1866 646 ani·

159 655 240 714 enim
255 673 322 714 caro
337 667 498 717 revertatur
509 664 537 719 in
548 667 666 734 terram,
683 669 711 722 et
735 666 857 738 spiritus
885 667 986 724 redcat
1039 683 1103 734 ma,
1120 668 1156 723 nd
1171 668 1259 725 coelos
1276 688 1426 728 recursum
1442 675 1453 710 l
1468 691 1499 730 se
1510 679 1608 746 sperat
1627 693 1691 732 esse
1719 677 1863 736 visurum.

160 744 312 814 cdDeum,
329 748 379 821 qui
395 748 802 820 deditillum;maniiestum
818 761 873 824 ast,
890 756 982 813 Deum
1038 755 1149 827 dicens,
1181 758 1276 814 Videte
1302 762 1380 818 cretos
1405 762 1459 833 [Al.
1482 765 1562 820 coelos
1585 765 1667 836 tuost,
1698 781 1779 838 opera
1816 766 1863 822 di-

159 837 381 908 parentcmldl.
401 839 792 914 patrcmlauimnrumesse,
809 861 866 900 non
887 845 982 902 homi·
1037 846 1158 915 pitaram
1171 850 1279 903 tuorum
1297 851 1454 920 (Psotvnr,
1483 852 1522 922 l),
1549 852 1602 908 boc
1631 869 1710 909 nunc
1737 853 1767 909 in
1792 871 1863 926 pra·

155 937 223 980 nes.
240 923 309 980 Post
323 928 548 999 descriptionem
564 929 699 987 interitus
713 931 847 1003 humani,
862 933 984 1007 pulchre
1038 934 1112 989 senti
1129 934 1265 992 Salomon
1284 937 1367 994 nisus
1383 939 1470 996 luerit
1486 941 1625 1009 invenire,
1653 945 1687 997 ut
1714 943 1864 1014 veritatem

160 1012 312 1070 exordium
328 1013 396 1070 libri
412 1018 456 1071 sui
473 1023 616 1090 repetens,
642 1019 734 1076 ait:«
762 1020 882 1079 Vanitas
904 1022 983 1078 vani·
1038 1021 1165 1078 soliDeo
1184 1024 1342 1098 cognitam,
1374 1029 1503 1100 eorporis
1537 1029 1643 1086 vallata
1668 1035 1750 1103 septo
1780 1049 1864 1090 mens

157 1104 265 1169 tatum,
277 1102 350 1159 dixit
376 1104 575 1178 Ecclesiastes‚
599 1107 700 1164 omnia
725 1109 880 1166 vanitas.»
909 1111 982 1167 Cum
1037 1110 1169 1168 humana
1184 1115 1479 1187 comprehenderet⁷.

157 1189 828 1270 enimcunctnsmcrtalumlnbcr,dequoin
846 1204 906 1255 toto
934 1217 982 1256 vo·
1073 1199 1207 1258 «Verba
1236 1205 1414 1276 sapientum,
1446 1210 1478 1262 ut
1507 1208 1631 1276 stimuli,
1660 1213 1690 1265 et
1718 1210 1802 1282 quasi
1834 1213 1863 1267 in

156 1277 271 1336 lumine
285 1280 467 1354 disputatum
487 1288 541 1354 est,
558 1285 615 1341 huo
642 1287 801 1358 perveniat,
830 1291 862 1344 ut
886 1305 983 1345 rever·
1036 1288 1129 1345 altum
1145 1291 1242 1362 delixi,
1253 1292 1430 1350 habentibus
1446 1296 1621 1365 catus‚data
1635 1302 1707 1353 sunt
1718 1303 1861 1371 apastore

156 1371 240 1424 tatur
258 1368 354 1442 pulvis
369 1371 398 1426 in
419 1377 525 1428 terram
552 1379 693 1444 suamet
716 1375 816 1432 anima
839 1375 908 1433 illuc
938 1395 981 1433 rc·
1037 1395 1130 1434 unc.»
1149 1380 1190 1436 Ne
1222 1380 1369 1438 videretur
1399 1387 1465 1456 post
1487 1383 1581 1458 legem
1608 1385 1658 1442 Dei
1688 1387 1863 1444 temerarius

157 1455 981 1536 deut,undosumpraast,magnevanitatisostinboo
1036 1467 1133 1524 subito
1149 1475 1307 1541 praeceptor
1321 1488 1485 1545 erumpere,
1501 1474 1594 1530 etsibi
1631 1473 1779 1532 vindicare
1808 1476 1862 1532 dc·

157 1547 264 1604 secum
278 1545 411 1604 laborare
426 1553 455 1606 et
469 1549 541 1606 nibil
557 1551 712 1623 protutura
726 1553 909 1626 conquirere.
1037 1555 1172 1624 utrinam,
1187 1575 1276 1630 quam
1293 1560 1406 1633 Moyses
1426 1577 1483 1617 nnn
1497 1566 1557 1618 tam
1569 1579 1624 1619 sua
1638 1567 1753 1636 sponte,
1772 1581 1862 1637 qnam

198 1657 212 1684 v
229 1635 262 1692 st
289 1637 417 1709 amplius
442 1639 512 1711 quia
540 1640 634 1696 lactus
662 1646 707 1697 nst
731 1641 919 1700 Ecclesiastes
938 1660 982 1699 sa·
1036 1643 1096 1700 Deo
1127 1645 1270 1703 irascente
1286 1648 1443 1720 primuml,
1459 1649 1565 1706 dehinc
1579 1649 1741 1724 inspirante
1762 1669 1862 1710 susce·

159 1721 253 1795 piens,
269 1725 366 1782 adhuc
381 1728 481 1783 docuit
495 1729 651 1785 scientiam
667 1730 818 1803 populum,
842 1732 981 1788 etaudire
1036 1735 1118 1804 porat
1135 1734 1224 1790 :dicit
1239 1736 1487 1794 verbasuavcrba
1501 1755 1566 1796 esse
1579 1739 1768 1812 sapientium,
1796 1757 1862 1814 quae

157 1828 209 1869 eos
224 1814 309 1872 lecit:
323 1821 351 1871 et
366 1821 501 1872 scrutans
512 1819 677 1890 composuit
690 1821 980 1891 proverbia.Mnltum
1036 1819 1065 1876 in
1081 1820 1305 1880 similitudinem
1322 1825 1509 1883 stimulorum
1525 1827 1672 1900 corrigant
1687 1826 1862 1902 delinquen·

154 1902 293 1974 quaesivit
307 1905 523 1973 Ecclesiastes2,
539 1911 572 1963 nt
587 1907 730 1964 inveniret
763 1911 852 1967 verba
878 1911 982 1967 volun·
997 1871 1022 1936 B
1037 1914 1093 1978 tes,
1110 1915 1139 1966 ct
1154 1915 1252 1985 pigros
1269 1914 1436 1970 mortalium
1460 1931 1581 1988 gressus
1595 1915 1696 1975 aculeo
1712 1907 1861 1992 pungente

153 1993 238 2059 tatia,
254 1998 282 2050 et
293 1994 434 2051 scriberet
452 2000 527 2052 reeta
548 1997 637 2053 verba
660 1998 801 2055 veritatis,
820 2021 834 2050 »
861 2000 982 2072 Sapien·
1038 2005 1240 2057 commoveant
1256 2019 1262 2058 :
1280 2003 1381 2076 sicque
1397 2005 1457 2060 sint
1475 2005 1561 2062 firma
1576 2008 1660 2079 quasi
1676 2005 1747 2063 clavi
1763 2007 1792 2064 in
1821 2005 1875 2064 al·'

153 2081 228 2138 tiam
259 2098 318 2154 qun
347 2085 491 2155 praevertit
519 2084 682 2142 Salomon³
711 2104 798 2144 ornae
827 2087 981 2145 bominum
1036 2092 1100 2144 tum
1126 2089 1314 2163 solidumque
1337 2092 1446 2149 defixi:
1478 2110 1531 2150 nec
1560 2096 1732 2152 anctoritate
1761 2096 1861 2166 unius,

153 2186 262 2244 genus,
275 2188 352 2228 nunc
363 2188 480 2244 quoquc
494 2174 523 2229 in
536 2174 592 2230 fine
602 2175 789 2247 opusculisui
819 2177 981 2250 profitetur,
1037 2177 1087 2232 scd
1103 2177 1335 2252 concinuntque
1349 2197 1494 2237 consensu
1504 2183 1712 2256 magistrorum
1728 2185 1861 2242 omnium

154 2260 235 2332 quod
251 2277 308 2316 non
321 2261 523 2318 lueritveteris
533 2264 616 2336 Legis
627 2264 981 2344 institutionaonntontus,
1037 2266 1229 2337 proterantur.
1246 2269 1280 2324 lit
1296 2285 1331 2324 ne
1345 2275 1581 2327 contemneretur
1597 2272 1728 2328 humana
1747 2259 1864 2346 sapien-

153 2349 205 2406 ccd
228 2349 477 2422 iuprclundasso
506 2352 582 2408 ultro
610 2353 665 2425 [Al.
698 2353 785 2424 ultra]
811 2356 982 2413 demerserit
1036 2354 1114 2422 tia¹⁰,
1131 2356 1371 2414 aitasmabuno
1388 2365 1502 2432 pastore
1525 2375 1718 2418 concessam:
1747 2361 1776 2418 id
1805 2366 1860 2432 est,

152 2437 344 2512 quaestiones,
360 2445 389 2496 et
399 2441 435 2497 ad
452 2442 616 2498 docendum
633 2444 785 2514 populum,
817 2445 979 2517 proverbia,
1035 2441 1104 2500 licet
1118 2443 1238 2517 plurimi
1250 2447 1497 2518 doceanttamen
1513 2448 1651 2505 doctrina
1667 2455 1769 2507 auctor
1783 2467 1861 2508 unus

152 2533 185 2585 ct
199 2529 353 2602 parabolas
368 2531 682 2603 composuerit‘aliud
696 2532 838 2590 habentes
861 2534 891 2590 in
918 2551 980 2590 rne-
1035 2536 1080 2588 est
1094 2533 1275 2590 Dominus¹¹.
1297 2535 1377 2591 Facit
1391 2535 1438 2591 bic
1453 2535 1535 2592 locus
1549 2538 1689 2594 adversus
1718 2554 1779 2605 eos,
1809 2538 1861 2612 qui

154 2617 356 2687 dulls3aliud
382 2619 412 2674 in
437 2620 591 2691 superlicio
617 2619 797 2693 pollicentes.
829 2624 981 2680 Proverbia
1035 2620 1126 2677 alium
1154 2622 1228 2696 legis
1255 2623 1370 2691 veteris,
1400 2623 1491 2679 alium
1527 2625 1673 2699 Evangelii
1714 2627 1862 2684 estimant

154 2708 265 2782 quippe
279 2725 338 2764 non
355 2707 409 2764 hoc
425 2725 529 2766 sonare
544 2711 620 2782 quod
637 2709 779 2783 scriptum
808 2717 863 2783 est,
890 2712 980 2769 etiam
1035 2710 1138 2776 Deum,
1155 2712 1233 2783 quod
1253 2728 1329 2767 unus
1358 2716 1458 2784 pastor
1481 2713 1637 2771 concilium
1668 2717 1859 2788 prudentium

151 2795 735 2871 inllvsngeliisedocemur(Motibxur,
761 2802 786 2858 et
820 2801 876 2873 xv),
902 2801 980 2873 quod
1035 2799 1215 2856 instruxerit.
1233 2799 1394 2857 Prudentes
1407 2805 1504 2858 autem
1521 2808 1581 2858 tam
1598 2803 1747 2876 Propheta
1776 2810 1857 2878 sunt,

153 2885 298 2943 Dominus
314 2885 421 2959 populo
438 2887 466 2941 in
478 2886 624 2959 parabolis
639 2893 667 2944 et
683 2889 843 2960 proverbiis
869 2891 908 2946 sit
936 2889 978 2946 ln·
1034 2903 1123 2959 quam
1139 2888 1272 2960 apostoli.
1287 2889 1381 2945 Simul
1397 2893 1426 2946 cl
1440 2889 1495 2946 hoc
1509 2891 1671 2948 notandum
1696 2897 1752 2962 est,
1780 2895 1858 2968 quod

153 2979 253 3044 cutus,
282 2979 392 3031 secreto
422 2979 519 3031 autem
545 2975 686 3049 apostolis
726 2976 893 3034 dissolverit
933 2997 968 3036 en
1000 3021 1006 3034 .
1034 2973 1463 3051 dicanturverbasspientlum
1479 2995 1619 3054 pungere,
1641 2997 1697 3037 non
1727 2979 1856 3056 palpare,

152 3063 541 3136 quuomanil'estumest,
559 3068 588 3120 et
606 3065 829 3122 Proverbiorum
858 3067 977 3131 librum,
1034 3081 1088 3121 nec
1113 3065 1194 3122 molli
1222 3083 1309 3122 manu
1339 3071 1491 3124 attrectare
1520 3067 1790 3128 lasciviam¹¹zscd
1815 3086 1858 3128 er·

152 3169 213 3210 non
229 3157 261 3210 ut
276 3151 425 3225 simplices
440 3153 631 3222 arbitrantur,
648 3155 892 3227 patentiubabere
907 3173 979 3229 prse-
1033 3155 1166 3210 rantibus
1181 3157 1210 3210 et
1225 3155 1269 3227 (ut
1284 3172 1374 3228 supra
1390 3155 1530 3229 diximus)
1555 3157 1648 3214 tardis
1682 3157 1857 3231 poenitentia

151 3246 249 3316 cepta,
265 3241 316 3298 sed
331 3241 415 3314 quusi
434 3243 463 3297 in
479 3247 557 3298 terra
572 3259 688 3310 aurum,
705 3245 733 3300 in
750 3261 824 3301 nuce
844 3246 976 3317 nucleus,
993 3235 1013 3302 C
1032 3241 1186 3300 dolorcset
1201 3242 1308 3300 vulnus
1323 3244 1452 3318 infigere.
1476 3244 1506 3300 Si
1531 3245 1617 3317 cujus
1643 3245 1733 3319 igitur
1760 3263 1857 3306 sermo

151 3333 184 3388 in
213 3329 337 3387 hirsutis
369 3336 574 3388 castanearum
604 3333 750 3404 operculis
788 3335 978 3391 absconditus
1032 3349 1091 3388 non
1103 3332 1217 3406 pungit,
1234 3333 1284 3388 sed
1300 3333 1486 3390 oblectationi
1501 3337 1547 3390 est
1569 3333 1772 3406 audientibus,
1802 3335 1859 3392 iste

150 3421 267 3478 tructus
281 3420 443 3493 inquiritur
459 3437 465 3474 :
482 3419 524 3475 ita
538 3420 569 3476 in
582 3419 624 3478 cis
640 3421 770 3477 divinum
786 3439 906 3479 sensum
936 3423 977 3479 al·
1031 3435 1091 3476 non
1108 3425 1152 3476 est
1166 3437 1263 3478 sermo
1277 3421 1430 3494 sapientis.
1445 3421 1541 3478 Verba
1556 3421 1664 3496 quippe
1678 3423 1857 3496 sapientium

151 3510 213 3568 tius
235 3510 492 3582 perscrutandum.
526 3509 623 3582 Super
650 3510 711 3565 boeo
741 3510 853 3566 addidit
874 3527 978 3568 causas
1032 3512 1066 3563 ut
1079 3507 1203 3565 stimuli.
1219 3511 1286 3575 Oua
1302 3510 1441 3582 quoniam
1458 3511 1492 3566 nd
1509 3512 1730 3568 conversionem
1754 3528 1857 3586 provo·

153 3604 446 3671 naturasquererum
463 3597 637 3656 sevoluissc
660 3615 844 3672 cognoscere,
875 3605 904 3655 et
926 3601 977 3657 Dei
1032 3600 1100 3653 cant
1112 3595 1343 3671 delinquentem,
1358 3602 1387 3654 et
1414 3599 1499 3653 tirma
1520 3603 1600 3667 sunt,
1626 3603 1654 3654 at
1687 3617 1704 3657 a
1733 3599 1856 3657 concilio

154 3685 377 3759 dispositionem
394 3685 767 3758 otprudentiam⁸zquare
792 3687 978 3761 unumquod-
1033 3689 1200 3742 sanctorum
1216 3686 1293 3755 data,
1311 3690 1399 3758 atque
1412 3685 1448 3742 ab
1477 3703 1534 3742 vno
1563 3691 1680 3760 pastore
1704 3703 1855 3760 concessa,

194 3827 366 3900 'Corporum
400 3828 560 3899 parentibus
587 3829 724 3900 permoti.
749 3829 822 3894 Quia
850 3846 979 3904 presens

151 3897 236 3956 locus
251 3899 393 3971 originem
410 3898 576 3954 animarum
591 3905 714 3971 spectat,
745 3900 816 3956 nihil
844 3901 977 3958 omittam

149 3972 190 4028 de
208 3968 575 4027 variantibuslectinnlbus
604 3987 674 4028 mss.
704 3973 848 4027 codicum.
879 3972 978 4029 Plures

148 4043 244 4118 igitur
270 4039 373 4114 legunt
392 4043 420 4095 in
449 4041 639 4112 singulari,u
663 4059 806 4114 corporum
841 4049 977 4115 parente:

150 4113 204 4172 scd
225 4113 300 4168 inira
314 4129 417 4168 omnes
432 4117 600 4169 constanter
615 4113 740 4169 retinent
756 4124 897 4187 parentem
914 4118 978 4170 nni-

149 4201 273 4252 mnrmn,
290 4188 319 4239 ct
334 4201 391 4239 non
417 4187 696 4252 ›alremontmoram
721 4191 754 4242 ut
782 4190 893 4244 veteres
918 4187 977 4243 sdi-

149 4254 285 4314 llonssle
307 4261 371 4311 unt.
417 4271 533 4310 aaaron.

186 4357 222 4369 -
249 4271 321 4384 Vise
350 4326 453 4382 Hieron
478 4326 527 4392 mi,
559 4328 647 4410 alque
693 4327 850 4401 Augustini
893 4327 974 4401 ἀμοι-

150 4392 236 4458 baluc
250 4397 271 4453 il
294 4396 397 4454 lstolns
411 4397 444 4452 de
457 4343 568 4468 Mm'pr'ne
581 4414 693 4454 anemae.

184 4471 196 4506 ¹
210 4474 260 4528 Ιιι
284 4470 466 4542 umqoueslm't
480 4469 661 4525 devenustes.
677 4469 769 4525 Aliter
797 4468 978 4544 exemplaria

147 4540 287 4614 quadam
303 4556 375 4604 mss,
394 4539 442 4595 nbi
460 4539 750 4612 scriptumlcglmus‚
766 4545 892 4598 scrutans
906 4559 978 4599 com
1032 4557 1109 4596 mens
1125 4541 1248 4596 numano
1262 4539 1490 4612 comprehendere
1504 4557 1559 4596 non
1570 4545 1667 4614 polest.
1684 4541 1776 4608 Quam
1823 4558 1854 4596 a·

143 4613 241 4686 poscit
286 4611 431 4682 prouerbio
478 4611 576 4668 multo.
623 4612 757 4681 Quasiur't
802 4601 1582 4684 EcclesiastesDriannsquoqucsecutusestaddens
1605 4610 1791 4668 solummodo
1811 4628 1856 4668 rs·

147 4683 298 4742 Mnasias.

185 4755 270 4822 'Qun
292 4753 434 4825 prceoertr't
474 4752 613 4810 Salomon.
657 4753 836 4811 Serbonieus
876 4755 976 4822 codex,

146 4843 203 4900 qun
215 4827 366 4908 prefertur
389 4823 517 4882 Salomon
532 4840 702 4891 superomne
723 4827 866 4882 bominum
880 4843 976 4896 penum

147 4897 222 4955 cdltr
245 4912 313 4952 vero
327 4895 405 4965 libri,
423 4911 477 4966 prro
494 4897 605 4968 praeivit
631 4897 759 4952 Salomon
785 4913 864 4954 ornae
889 4899 976 4954 bomi-

148 4967 622 5122 ”ulnllgl'lgiluhriAflqunNsimilius,
635 5039 712 5109 quod
728 5038 783 5119 suh
795 5037 914 5094 initium
926 5039 978 5094 iru-

141 5113 200 5186 jus
215 5125 312 5183 operis
336 5109 529 5180 Hieronymus
558 5109 721 5164 observavit
746 5108 854 5164 librum
883 5107 977 5166 Eccle-

146 5183 262 5242 siaslcn
282 5184 383 5252 utpote
412 5179 558 5249 omnium,
589 5196 663 5262 quos
699 5179 837 5236 Salomon
885 5181 977 5237 cudit.

172 5257 348 5316 ostremum,
368 5251 433 5322 ejus
455 5251 631 5322 peonitentiae
660 5256 689 5306 et
717 5251 916 5308 cortvarsionis
940 5253 976 5308 ad

148 5271 248 5384 Betim
264 5327 490 5380 monumentum
508 5339 581 5378 esso.

185 5397 254 5452 ⁸lta
264 5394 405 5450 Alcuinus
421 5408 537 5465 quoqne
551 5392 621 5448 olim
646 5392 727 5464 legit,
758 5397 787 5449 cl
817 5395 979 5466 proterunt

145 5485 226 5526 msa.
239 5467 295 5522 Sed
311 5469 423 5522 veteres
439 5464 522 5528 editi,
537 5465 750 5536 providentium.

187 5569 222 5581 -
238 5539 285 5594 llic
305 5537 448 5594 coitionem
459 5544 484 5592 et
498 5535 686 5608 prescientiam.
704 5535 807 5593 Melius
823 5536 976 5610 legaretur.

1067 3826 1289 3897 lMartianasus,
1305 3843 1487 3910 recurreram
1508 3828 1699 3886 renuentibus
1715 3845 1787 3888 mss.
1812 3833 1856 3886 at-

1033 3898 1633 4053 qulffPlrlrlllnlrglgallllrsrjlflklprrlsemadmodum
1661 3975 1690 4026 et
1717 3971 1856 4029 Erasmus

1033 4041 1113 4114 legit,
1129 4050 1155 4098 et
1168 4043 1310 4097 ceritatem
1322 4041 1373 4097 solt
1404 4043 1457 4096 Deo
1485 4042 1631 4115 cognitam,
1660 4045 1782 4116 corporis
1796 4043 1856 4117 (Vi-

1032 4118 1104 4169 ctor.
1121 4112 1263 4185 preponit
1278 4113 1374 4184 querno)
1400 4111 1507 4169 collatu
1531 4122 1604 4186 cepto
1632 4130 1708 4172 nuens
1734 4114 1856 4171 humano

1032 4183 1257 4250 comprehendere
1270 4199 1324 4240 non
1339 4191 1434 4257 potest.

1068 4287 1102 4297 -
1119 4257 1152 4314 m
1180 4257 1322 4311 veritatem
1344 4254 1398 4311 soli
1425 4255 1477 4310 ileo
1504 4259 1652 4325 cognitum.
1686 4255 1857 4313 Erasmiaua

1033 4326 1120 4383 editio
1136 4327 1269 4399 agnoscit
1285 4325 1361 4382 hanc
1375 4325 1531 4382 lectionem
1545 4331 1575 4382 et
1585 4327 1614 4382 in
1627 4327 1759 4398 margine
1774 4327 1855 4401 posi·
1907 4331 1911 4338 “

1032 4401 1092 4452 tam
1108 4397 1213 4464 bubet;
1229 4397 1317 4453 istam
1331 4413 1397 4453 vero
1413 4395 1516 4453 laisum
1532 4395 1562 4453 in
1586 4401 1731 4466 contextu,
1760 4405 1788 4455 et
1810 4413 1857 4454 ve·

1033 4471 1145 4526 ritatem
1158 4469 1210 4524 soli
1237 4471 1289 4524 ileo
1315 4470 1464 4538 cognitum,
1494 4471 1614 4542 corporis
1640 4469 1745 4526 vallato
1770 4485 1799 4526 se
1818 4473 1854 4538 to,

1032 4683 1153 4738 lativum
1170 4699 1262 4755 quom,
1278 4683 1308 4738 id
1319 4687 1361 4739 est
1389 4698 1472 4754 pnnm
1486 4685 1617 4755 corporis,
1629 4689 1687 4740 etc.
1715 4699 1854 4740 unsrun.

1067 4753 1224 4811 ⁸Vaticnn.
1242 4771 1309 4810 cum
1325 4727 1456 4809 Palatino
1471 4755 1600 4811 secunda
1615 4769 1717 4826 manu,
1743 4769 1776 4810 ao
1805 4754 1854 4811 dc·

1032 4841 1112 4881 mum
1130 4824 1280 4892 alcuinus,
1299 4841 1382 4897 quum
1398 4826 1450 4881 lieo
1461 4825 1575 4897 jubente
1587 4827 1720 4898 primum,
1736 4831 1792 4882 etc.

1067 4899 1078 4932 ⁰
1097 4897 1167 4952 'l'res
1182 4915 1255 4952 mss.
1274 4897 1319 4952 bic
1333 4896 1518 4966 atqueinlrn,
1534 4896 1579 4952 sed
1595 4897 1720 4952 consilio.

1068 4969 1089 5003 ¹⁰
1104 4968 1178 5022 Olim
1193 4968 1274 5035 aditi,
1302 4971 1333 5024 st
1361 4984 1395 5022 ne
1424 4971 1642 5024 contemneretur
1663 4969 1789 5023 omnium
1812 4983 1856 5022 sn·

1030 5037 1146 5110 pientio.
1164 5041 1238 5095 Tum
1255 5039 1406 5105 alcuinus,
1423 5040 1520 5094 Tamen
1537 5038 1669 5095 doctrinae
1697 5039 1855 5110 tujasnuc-

1032 5114 1127 5167 torest
1152 5113 1311 5167 Dominus:
1335 5115 1447 5166 veteres
1474 5109 1556 5181 editi,
1586 5111 1686 5166 Auctor
1714 5125 1787 5165 unns
1814 5115 1854 5180 est

1034 5187 1090 5237 cto.

1070 5254 1089 5288 ¹¹
1114 5255 1213 5308 Auctor
1238 5265 1310 5306 unns
1335 5257 1374 5306 est
1400 5251 1537 5307 bonitius.
1566 5250 1597 5306 ln
1629 5249 1715 5307 editis
1757 5251 1857 5307 Tuaen

1033 5323 1169 5380 doctrinm
1184 5323 1265 5396 liujus
1282 5329 1388 5392 auctor,
1417 5337 1490 5377 unam
1515 5329 1555 5378 est
1581 5321 1721 5391 Dominus,
1746 5319 1855 5378 Verum

1034 5395 1096 5450 sine
1110 5395 1191 5466 liujus
1207 5392 1341 5449 absolute
1355 5392 1512 5464 legandum
1528 5393 1712 5450 donentmss.
1729 5393 1855 5460 codices,

1035 5474 1067 5522 ut
1083 5483 1139 5521 non
1155 5467 1252 5520 solnm
1268 5463 1489 5536 bnjasdcctrinae
1504 5467 1606 5521 auctor
1633 5465 1672 5521 sit
1693 5481 1771 5521 unus
1799 5465 1856 5520 Do·

1035 5537 1154 5602 minus;
1171 5537 1219 5592 scd
1230 5533 1396 5620 ,cujuslibet
1415 5535 1544 5592 scientiae
1559 5553 1592 5593 ac
1612 5553 1685 5592 versi
1705 5533 1856 5597 doctrine,

146 5609 280 5683 elpram
314 5610 412 5678 nciam,
444 5609 522 5679 quod
551 5607 638 5664 ctiam
674 5607 776 5688 legunt
802 5609 896 5664 editi:
926 5623 979 5680 ago
1033 5607 1682 5690 licetplurimrsintquidcceant.ornnrmn.
1822 5671 1826 5680 ι

145 5679 571 5764 tamenrcpceuiprudentiom
595 5679 665 5751 quia
694 5695 736 5734 stc
765 5681 907 5753 scriptum
935 5684 980 5737 ast
1071 5680 1092 5714 ¹¹
1108 5679 1199 5748 idem,
1215 5681 1356 5736 nttrnllere
1371 5679 1580 5744 lostatawa
1608 5693 1675 5735 mcx
1703 5675 1856 5730 culmum-

145 5756 183 5818 in
197 5757 314 5813 cuncos
329 5748 547 5824 exemplaribus
562 5765 635 5809 mss.
650 5751 793 5808 Messian.

1034 5749 1141 5825 paee.
