4128 6164
157 249 206 318 lut
551 248 870 319 luduuuuu'lttuto
892 245 1173 318 uelsdotluutt
1196 250 1228 315 S.
1251 249 1453 318 pladellu.
1797 247 1856 316 {02

155 385 299 458 sepientes
313 383 465 461 intelligite
480 403 544 460 qua
565 387 732 459 scripserim
747 387 830 444 robis
851 405 857 456 ;
885 391 913 444 et
927 403 974 444 ex·
991 392 1017 458 Α
1032 390 1167 458 quarunt
1195 401 1262 442 cum
1278 385 1426 458 lacrymis,
1441 388 1470 440 et
1485 382 1588 440 diebus
1603 399 1637 440 ac
1652 383 1787 441 noctibus
1810 385 1854 442 in-

155 473 249 532 hibete
262 491 316 534 vas
337 475 439 549 quales
461 493 547 533 meus
559 493 669 533 sermo
690 476 853 533 describere
877 476 975 550 elegit.
1030 473 1216 547 gemiscunt:
1233 474 1283 530 ead
1299 474 1411 546 decepti
1427 471 1579 530 oculorum
1598 471 1856 546 concupiscentiis,

228 617 400 676 EPISTOLA
419 619 552 676 PATRIS
571 619 705 677 NOSTRI
724 619 900 677 PACHOMH
1031 567 1059 619 et
1077 562 1174 619 cernis
1203 563 1421 621 titillationibus
1445 561 1585 634 superati,
1615 561 1800 640 dormierunt
1824 563 1855 620 in

1031 651 1142 724 gemitu
1158 655 1186 708 et
1201 651 1301 708 dolore
1316 651 1422 718 cordis,
1439 650 1517 723 quod
1544 666 1602 706 non
1629 654 1787 722 potuerunt
1802 652 1854 708 do·

153 725 197 782 M
210 728 340 782 1111111714
354 727 534 795 muttit,
550 733 792 798 11601111191111111
812 742 906 782 01111111
920 741 977 782 1110·
1032 739 1138 796 minari
1155 740 1233 796 carni
1248 757 1319 809 sue,
1333 745 1362 797 et
1378 739 1566 796 metuentium
1582 738 1791 812 cogitationum
1808 740 1856 796 in-

187 802 371 881 mmmm
396 814 536 870 'mmm
564 805 590 854 θ’
618 799 761 856 ‘mmm
779 800 920 898 Pfaep9⁸5²²
946 814 976 880 ’.η
1032 828 1143 885 centiva
1158 829 1367 902 comprimere;
1383 845 1435 901 pro
1447 827 1540 884 llrmis
1554 830 1582 884 et
1594 827 1743 900 perpetuis
1759 827 1859 884 inania

189 872 385 925 monacensem
411 869 482 941 paud
508 872 621 926 vocatur
651 874 751 934 Baem,
781 885 905 926 uicesima
932 868 977 924 dte

188 943 288 996 mi,
300 942 349 1013 qm·
363 941 435 1013 ,pm
448 942 590 1013 AEwppos
605 942 762 1012 appeltam,
776 941 876 998 peso„
904 941 975 1012 [pap
1032 917 1188 990 breviaque
1203 921 1358 974 sectantes.
1371 917 1425 984 Qui
1435 917 1604 974 desiderant
1614 915 1719 990 legem,
1729 920 1758 974 et
1772 933 1858 990 opere

186 1012 345 1084 depactissi,
369 1016 401 1067 at
428 1014 481 1068 rite
499 1013 623 1068 omnium
634 1016 807 1084 peecatorum
820 1015 901 1084 atque
915 1027 977 1084 epe·
1031 1006 1082 1064 Dei
1095 1007 1252 1064 destruunt
1266 1006 1543 1074 voluntatem3vera
1552 1005 1729 1076 judicant,at
1740 1007 1859 1062 vincun-

186 1099 248 1138 ΝΜ
266 1085 393 1139 '‘iiiiii‘’
407 1085 585 1156 complector.
1032 1101 1081 1152 tur
1108 1095 1280 1152 mendaciis.
1305 1097 1370 1152 ldco
1400 1094 1609 1168 lngemiscunt,
1634 1095 1719 1167 juxta
1744 1095 1857 1167 eloquin

185 1187 247 1245 Vll.
264 1189 395 1262 Tempus
410 1189 441 1244 in
456 1189 588 1262 proximo
604 1194 661 1259 est,
677 1193 709 1245 ut
737 1188 768 1245 in
783 1204 876 1245 unum
908 1203 977 1245 ccu-
1032 1183 1285 1258 prophetarum,at
1309 1189 1447 1257 perpetuo
1463 1188 1571 1240 terrore
1586 1183 1741 1252 lluctuant,
1767 1183 1859 1242 donec

152 1277 275 1334 venietis
286 1279 373 1350 juxta
393 1294 504 1335 morem
530 1277 699 1351 pristinum,
718 1278 804 1350 juxta
826 1277 977 1350 antiquam
1032 1273 1181 1342 deficiant,
1197 1277 1226 1329 et
1240 1273 1393 1331 tabescant
1408 1273 1437 1328 in
1453 1273 1508 1328 viis
1534 1271 1640 1328 suiset
1664 1272 1815 1328 dormiant
1829 1272 1858 1328 in

152 1367 407 1436 consuetudinem,
425 1371 457 1423 ut
485 1367 621 1424 remissio
643 1366 776 1424 omnium
801 1383 899 1424 rerum
924 1366 978 1422 rite
1032 1361 1195 1419 doloribus.
1213 1362 1265 1427 Oui
1282 1367 1381 1419 autam
1396 1361 1545 1433 vereJusti
1559 1365 1638 1428 sunt,
1654 1365 1683 1418 et
1697 1360 1807 1418 habent
1829 1361 1858 1416 in

153 1455 325 1524 celebretur,
342 1462 376 1512 at
400 1455 585 1529 cognoscatis
599 1456 722 1513 invicem
741 1474 747 1512 :
769 1459 801 1512 ut
828 1454 980 1512 dimittant
1034 1467 1066 1508 se
1081 1467 1195 1524 pacem,
1212 1450 1401 1523 perfruuntur
1415 1450 1522 1524 gaudio
1537 1449 1725 1523 sempiterno.

153 1545 272 1619 singuli,
284 1547 371 1618 juxta
385 1549 564 1619 preceptum
579 1544 735 1618 Evangelii,
761 1545 859 1602 debita
882 1543 978 1600 iratri-
1110 1543 1289 1632 ‘EPISTOLA
1308 1575 1439 1632 PATRIS
1459 1574 1588 1632 Nogrpffl
1608 1575 1776 1632 PAGHOMH

153 1634 298 1736 {³¹1⁵qu
315 1637 343 1690 ⁰*
357 1633 493 1692 tristitiffi
508 1651 541 1690 ³⁰
552 1633 719 1734 ³im¹¹³t⁸t⁰⁵
737 1651 743 1690 ²
764 1638 793 1690 ⁰t
806 1633 832 1690 “i
847 1633 918 1732 ‘inid
934 1636 980 1689 ω
1033 1665 1072 1722 Ad
1084 1667 1185 1736 fratres
1199 1666 1249 1738 qai
1265 1663 1412 1720 laedebant
1426 1665 1455 1720 ia
1470 1663 1575 1720 deserto
1603 1680 1711 1736 capras,
1736 1665 1769 1720 de
1793 1681 1863 1737 pua-

148 1740 250 1797 Jargrr,
267 1741 286 1780 a
299 1723 388 1780 choro
403 1728 572 1780 sanctarum
593 1724 729 1796 abigatur
758 1739 765 1779 :
795 1727 828 1778 ut
855 1722 1018 1834 liberentB
1247 1752 1309 1791 rum
1326 1737 1383 1807 fitis
1397 1740 1529 1792 temtor
1543 1737 1648 1792 cilicia,

152 1813 239 1870 corda
253 1829 310 1870 sua
321 1812 427 1869 timore
443 1813 502 1880 Dei,
519 1817 547 1868 et
561 1813 661 1886 iugata
677 1811 838 1882 mendacio,
849 1812 981 1868 domina·

151 1905 200 1958 tur
213 1901 371 1971 veritatemi
386 1903 571 1958 cessantibus
586 1900 682 1968 bellis,
694 1900 773 1972 pacis
783 1899 983 1973 tranquillitas

152 1991 274 2061 redeat3
298 1995 329 2047 et
343 1990 372 2047 in
387 2007 422 2046 ea
436 1989 590 2047 ambulare
606 1988 726 2063 possitis
740 2005 839 2046 coram
869 1989 927 2046 Deo
955 1993 984 2045 et

156 2079 331 2136 homiuibus
348 2095 355 2134 :
371 2083 405 2135 ut
418 2096 523 2136 omnes
537 2079 690 2152 aqualiter
708 2077 857 2152 diligatis:
875 2083 908 2134 ut
921 2095 983 2135 aar·

152 2167 239 2224 vietis
254 2168 311 2224 Dec
323 2172 412 2240 atque
426 2168 598 2238 concordias,
615 2172 643 2224 et
659 2184 716 2224 uon
737 2167 983 2240 concupiscentiis

151 2258 252 2324 variis,
266 2258 394 2314 etarrori
409 2256 561 2314 oculorum
574 2262 737 2314 vestrorum
762 2273 769 2312 :
798 2259 827 2313 et
840 2257 983 2314 tumentis

153 2346 282 2404 scientia
297 2345 518 2414 fraudulentiis,
548 2347 705 2418 carnisque
732 2345 822 2402 vitiis.
839 2346 859 2401 ld
876 2347 984 2418 quibus

154 2437 291 2493 eduntur
304 2435 477 2503 schismata,
493 2439 522 2492 et
536 2437 734 2507 comtemptus
749 2432 820 2507 legis
837 2434 898 2502 Dei,
916 2451 985 2491 ocn-

153 2526 255 2592 lentio,
274 2523 356 2580 mala
371 2524 564 2597 cogitationes
580 2541 643 2596 qua
659 2523 726 2596 igne
745 2521 903 2579 iracundia
919 2523 985 2579 bul·

155 2614 261 2671 fientes
275 2614 453 2686 quandoque
472 2618 632 2686 erumpunt
661 2613 748 2681 toras,
766 2615 794 2668 al
808 2612 986 2684 despumant

156 2703 334 2776 immori„
361 2702 560 2775 voluptatibus
600 2701 711 2758 Idcirco
739 2701 850 2774 scripta
874 2705 920 2758 est
940 2700 986 2758 lex
1040 2651 1192 2708 toritatem
1207 2651 1328 2717 ventris,
1346 2656 1378 2706 ut
1404 2653 1531 2708 servaret
1546 2651 1676 2707 animam
1692 2668 1775 2708 suam
1798 2668 1867 2708 sau.

155 2793 217 2862 Dei,
232 2798 269 2849 ut
281 2792 329 2850 lex
343 2807 498 2864 corporum
513 2795 542 2848 et
551 2791 622 2864 jura
635 2791 786 2847 solvantur
802 2807 809 2846 :
826 2794 855 2847 et
882 2791 985 2847 erube·
1040 2745 1117 2841 cmi
1136 2742 1201 2841 pm*
1218 2745 1251 2797 ut
1274 2741 1354 2840 sm
1380 2739 1523 2813 templum
1551 2739 1677 2813 spiritus
1706 2742 1812 2841 sffnfu'
1839 2745 1869 2798 ⁰t

964 2880 969 2891 ‚
1041 2833 1240 2903 captivitatem
1269 2829 1401 2885 hbertate
1421 2833 1557 2885 mutaret.
1588 2828 1648 2884 Non
1679 2827 1868 2886 obliviscetur

157 2882 319 2984 “Q‘gnqui
334 2881 366 2937 in
385 2897 487 2938 mmm
515 2879 638 2938 ⁰⁷³⁸
667 2879 822 2936 “mbulm
847 2895 985 2980 ⁰⁰¹¹⁰⁰p.¹'
1010 2947 1013 2952 ·
1041 2919 1117 2975 Deus
1133 2917 1300 2973 timentium
1316 2934 1357 2984 se,
1384 2922 1413 2974 et
1429 2918 1599 2974 iacientium
1619 2917 1771 2990 justitiam
1789 2918 1866 2989 ejus.

155 2977 296 3038 ⁵⁸⁰¹¹²¹¹⁵3
313 2968 679 3042 tandemqwffldmtad
709 2971 854 3039 mum'et
880 2973 986 3041 ΨΜ
1042 3007 1123 3063 Unde
1138 3013 1166 3063 ct
1180 3006 1229 3062 ille
1254 3005 1433 3075 adolescens,
1459 3011 1547 3078 atque
1577 3005 1605 3061 in
1635 3004 1747 3062 lubrico
1773 3006 1867 3064 atatis

156 3059 381 3134 tempmlibus’
398 3062 508 3160 &terna
532 3057 725 3158 permiram*
743 3057 897 3130 praepamti
919 3074 985 3114 ω’
1042 3095 1167 3170 positus,
1185 3112 1270 3168 quem
1294 3094 1391 3151 cernis
1405 3095 1608 3151 blandimenta
1636 3111 1694 3150 nou
1722 3096 1867 3164 vicerunt,

157 3155 273 3206 amm
300 3147 476 3217 haeredmu'
492 3165 540 3221 qm
558 3151 799 3219 ⁰⁰nt⁰mp⁵⁰m⁰t
813 3151 985 3218 ”mmmm
1001 3137 1023 3205 G
1042 3185 1112 3241 vicit
1125 3182 1242 3240 vincola
1256 3187 1284 3239 at
1297 3198 1439 3250 carceres,
1455 3188 1483 3240 et
1498 3183 1528 3238 in
1554 3182 1617 3240 loco
1645 3184 1788 3262 augustiis
1804 3183 1866 3257 pla·

155 3239 246 3340 vitam
262 3256 316 3340 pro
329 3239 389 3295 vita
401 3238 492 3294 laturi
507 3235 626 3293 saculi:
643 3251 696 3308 pro
707 3235 819 3335 malitia
834 3239 987 3336 sperantes
1041 3274 1103 3329 wit
1120 3278 1185 3329 Deo.
1203 3271 1235 3328 Et
1251 3289 1304 3329 nos
1319 3287 1387 3346 ergo
1403 3271 1599 3337 confidamus,
1620 3272 1698 3346 quod
1717 3274 1791 3328 Deus
1814 3289 1865 3328 no·

157 3329 380 3428 bemgmmffmt
398 3343 450 3400 pm
466 3324 595 3438 fumum}
612 3328 700 3397 “tw
714 3323 870 3424 d¹⁵ff⁰⁰rd¹¹⁸
885 3341 986 3396 ⁹³⁰⁰OE
1041 3363 1156 3419 biscum
1171 3361 1210 3418 sit
1225 3363 1254 3417 in
1271 3361 1437 3428 solitudine,
1454 3366 1483 3416 et
1498 3361 1661 3418 recordatio
1672 3362 1737 3433 ejus
1751 3378 1870 3434 semper

156 3422 186 3473 ει
199 3417 397 3486 ⁰⁰⁰⁰⁰fd¹³¹¹¹¹
412 3431 466 3489 {³¹⁸⁰
495 3415 652 3487 ³d⁰pt¹⁰¹¹⁰
676 3429 784 3479 ΝΜ
811 3413 986 3471 rammam
1042 3453 1071 3508 in
1088 3451 1172 3508 corde
1187 3453 1226 3506 sit
1239 3455 1348 3506 nostro.
1365 3449 1578 3522 Servemusquc
1592 3455 1724 3506 sanctam
1749 3466 1866 3506 carnem

159 3505 221 3562 Μ’
236 3505 322 3604 ,ωδ
343 3507 485 3604 qqaemnt'
502 3520 565 3576 qum
581 3502 697 3602 placen?
724 3502 805 3558 imus
834 3502 986 3604 “nunfai’
1042 3544 1070 3597 et
1085 3540 1213 3595 animam
1225 3538 1255 3594 in
1271 3538 1397 3607 deserto,
1409 3538 1522 3594 sicutel
1535 3537 1643 3610 ioseph
1660 3538 1690 3593 in
1701 3539 1868 3610 captivitate

158 3610 263 3649 manis
277 3599 419 3649 incentiva
433 3597 617 3665 superantes.
634 3591 781 3663 Scriptum
809 3595 855 3647 est
882 3608 960 3648 enim
979 3611 985 3650 :

158 3684 195 3739 Si
207 3682 368 3739 dimiseritis
382 3681 538 3738 bominibus
560 3688 670 3752 peecata
698 3695 804 3748 earam,
819 3680 939 3737 distillet
961 3686 989 3738 et

159 3773 237 3828 cobis
263 3772 347 3827 Pater
374 3773 469 3839 cesla,
486 3771 534 3842 pei
561 3773 592 3826 ie
605 3771 681 3826 cotis
709 3775 757 3836 est,
775 3769 875 3826 delicta
899 3780 987 3830 vestra

1073 1852 1148 1909 vlll.
1167 1853 1241 1908 Deus
1258 1851 1362 1924 querit
1391 1851 1545 1926 diligentes
1574 1868 1627 1908 se:
1653 1852 1730 1909 siout
1753 1852 1865 1910 invenit

1038 1939 1126 1997 lsrael
1141 1940 1225 2012 quasi
1242 1957 1327 1997 uvam
1343 1939 1373 1996 in
1389 1940 1513 2010 deserto,
1530 1945 1559 1997 et
1573 1941 1657 2014 quasi
1672 1941 1745 1998 licus
1761 1939 1864 2014 primi·

1039 2031 1122 2098 titas,
1140 2029 1182 2086 sic
1212 2031 1358 2097 iuventus,
1373 2033 1418 2086 eat
1445 2029 1574 2086 etJacob
1602 2030 1632 2086 iu
1652 2031 1862 2105 Mesopotamia

1038 2135 1106 2175 cum
1122 2124 1234 2176 erraret
1245 2119 1328 2192 quasi
1345 2136 1401 2175 uva
1415 2119 1445 2175 in
1461 2119 1628 2187 solitudine,
1658 2124 1687 2176 et
1701 2119 1809 2193 Joseph
1834 2123 1865 2178 iu

1039 2209 1160 2282 AEgyptc
1177 2209 1255 2265 sicut
1278 2209 1351 2264 lteris
1367 2209 1538 2280 primitiva:
1555 2225 1643 2281 quem
1672 2208 1866 2267 interamnae

1040 2297 1143 2353 iratres
1158 2314 1227 2354 suos
1249 2297 1383 2369 coguovit
1397 2297 1517 2364 Deus,et
1531 2296 1611 2353 dedit
1625 2297 1651 2353 ei
1669 2297 1865 2370 principatum

1039 2391 1106 2459 post
1125 2385 1233 2440 multas
1261 2385 1424 2458 angustias.
1454 2386 1545 2456 Quem
1575 2385 1717 2441 debemus
1745 2385 1865 2455 imitari,

1039 2475 1109 2548 quia
1123 2474 1191 2530 vicit
1205 2491 1322 2530 cernam
1349 2489 1445 2535 suam.
1461 2472 1676 2545 prostravitque
1698 2478 1865 2546 peccatum,

1041 2568 1069 2620 et
1085 2562 1234 2618 oculorum
1251 2561 1373 2619 calcavit
1387 2562 1520 2618 insidias.
1537 2562 1600 2618 Nou
1615 2566 1659 2618 cst
1673 2567 1791 2618 secutus
1816 2579 1867 2620 sa·

1042 3627 1177 3695 servavit,
1194 3631 1226 3683 ut
1242 3625 1407 3683 meminerit
1418 3625 1508 3682 nostri
1527 3627 1612 3694 Deus,
1625 3631 1653 3681 et
1664 3625 1703 3682 sit
1713 3625 1866 3683 nobiscum

1019 3767 1023 3776 .
1042 3734 1136 3790 usque
1151 3716 1187 3772 ad
1204 3717 1303 3774 finem.

161 3861 268 3932 (roal.
281 3877 320 3931 vr,
336 3861 392 3934 12).
408 3861 442 3916 ltt
457 3876 575 3916 rursum
594 3875 600 3914 :
619 3861 768 3916 Dimittaat
797 3861 901 3932 sinptdi
928 3865 986 3934 sra-
1104 3851 1225 3908 VERBA
1245 3851 1314 3907 PER
1334 3849 1509 3907 LITTERAS
1529 3851 1561 3907 P·
1581 3851 1616 3908 N·
1637 3851 1803 3909 ΡᾹῦΗΟΜΗ

158 3951 248 4006 aiem
262 3967 300 4006 ex
313 3949 393 4007 corte
416 3964 474 4004 aaa.
491 3948 524 4003 st
553 3949 660 4004 iterum
690 3949 832 4017 dentatae,
847 3954 878 4022 et
892 3950 986 4008 etme-
1105 3941 1134 3996 ¹²²
1150 3940 1247 4012 terqua
1260 3939 1427 4007 absconaita,
1439 3938 1471 3994 dt
1486 3939 1530 3995 aa
1545 3956 1605 4012 quae
1620 3942 1718 4009 (atara
1730 3950 1804 3997 sont.

157 4037 605 4110 teoracia(ttottt.xv111,lt).
622 4039 656 4093 Et
680 4038 809 4094 deindo:
831 4041 986 4112 benefacite
1077 4044 1317 4115 marosticam
1340 4044 1581 4102 efferbueruutin
1612 4047 1792 4119 malo,quod
1823 4053 1868 4103 est

155 4129 199 4185 bie
213 4131 265 4202 qui
278 4128 395 4186 aderam
410 4143 454 4183 vos
469 4128 544 4200 (tac.
560 4144 598 4194 vi,
614 4129 670 4198 27).
687 4128 722 4182 st
737 4127 806 4184 alibi
825 4145 832 4185 :
859 4129 899 4184 Ne
924 4132 986 4187 via·
1041 4135 1133 4192 Delta.
1150 4149 1187 4193 st
1203 4137 1314 4191 tructus
1329 4133 1491 4205 completus
1507 4138 1552 4189 est
1569 4136 1599 4190 in
1615 4135 1712 4201 labiis,
1728 4137 1805 4207 quod
1822 4141 1868 4192 est

154 4221 230 4274 coris
245 4221 275 4273 ia
291 4219 365 4273 aiala
381 4235 390 4272 .·
406 4215 542 4272 cedrinae
558 4218 587 4270 iu
603 4217 671 4273 beno
701 4217 805 4272 malam
821 4217 907 4290 (dom.
934 4236 985 4290 au,
1040 4225 1112 4281 Tau.
1127 4225 1172 4281 lX.
1185 4225 1262 4280 Deus
1272 4222 1403 4280 oblivisci
1416 4222 1482 4278 iecit
1493 4239 1539 4280 mc
1552 4225 1768 4295 paupertatisin
1781 4224 1868 4280 domo

152 4307 211 4378 21).
227 4307 264 4362 itt
275 4305 349 4362 illud
367 4321 374 4361 :
390 4305 428 4360 lle
441 4304 526 4374 dicas
544 4305 658 4362 Vindice
675 4321 718 4360 me
743 4305 776 4361 de
790 4307 904 4363 inimico
927 4325 985 4366 eaeo
1040 4329 1106 4370 mea
1119 4315 1156 4370 dc
1169 4314 1264 4386 capite
1279 4311 1429 4368 montium
1445 4327 1538 4383 usquc
1550 4312 1587 4368 ad
1603 4313 1738 4368 verticem
1754 4329 1867 4380 eorum,

151 4397 232 4462 (tec.
249 4411 332 4460 xero,
347 4395 385 4466 3).
402 4393 435 4449 tlt
450 4391 520 4448 alibi
537 4411 544 4449 :
560 4393 618 4449 Non
638 4393 783 4449 reddentes
810 4397 915 4452 motam
934 4413 984 4468 pro
1039 4402 1117 4474 quod
1131 4407 1175 4460 est
1189 4415 1235 4461 eo.
1251 4414 1293 4459 uc»
1309 4405 1428 4474 propter
1454 4399 1690 4457 dormitationem
1719 4401 1825 4470 vidua,
1840 4407 1869 4458 et

152 4486 228 4541 atala
244 4486 269 4554 (1
282 4485 342 4540 Pet.
357 4499 399 4550 tu,
429 4483 466 4554 9).
498 4480 655 4538 dtiterum
686 4499 692 4538 :
722 4483 899 4541 Providentes
914 4487 985 4544 bona
1001 4491 1161 4574 Dgloriem
1191 4491 1339 4564 pauperis,
1368 4490 1443 4561 quod
1479 4495 1523 4545 est
1559 4502 1668 4548 οη).
1703 4491 1868 4548 Audiarunt

152 4589 253 4630 eornm
267 4571 397 4630 amnibus
424 4571 989 4651 beminiduelllum.xu‚l7.)Etillud3
1044 4579 1508 4651 monteslaetitiamtorrae,quod
1539 4584 1584 4634 est
1611 4579 1775 4637 sst'l'erra
1801 4582 1867 4637 aba·

152 4663 214 4719 Non
237 4665 413 4735 nosmetipsos
434 4662 620 4730 ‘vindicantes
650 4661 807 4718 eicdaaimi
822 4661 901 4734 (ibid.
932 4665 989 4738 19.)
1043 4668 1161 4725 condita
1175 4673 1219 4725 ast
1240 4670 1351 4740 absque
1364 4667 1466 4739 pretio,
1496 4668 1574 4741 quod
1603 4673 1743 4729 esitius·
1773 4669 1867 4742 piane

151 4751 213 4808 Nec
230 4769 290 4808 non
306 4756 335 4807 et
350 4749 420 4806 alibi
437 4768 443 4806 :
458 4751 550 4806 Estote
565 4750 685 4806 invicem
700 4750 822 4820 denipni,
847 4759 987 4825 operantes
1043 4756 1327 4830 eruntsuperoculis
1338 4771 1431 4827 usque
1442 4755 1478 4811 ed
1490 4773 1638 4828 vesperam
1653 4770 1672 4814 1.
1686 4771 1731 4815 ΕΡ.
1744 4761 1868 4828 putasne

152 4841 259 4895 mum
273 4839 310 4896 ad
323 4855 416 4896 amaea
431 4839 532 4912 (Galat.
551 4856 590 4912 vr,
609 4840 664 4912 10).
677 4841 713 4896 ut
726 4840 833 4896 iterum
852 4859 859 4897 ε
878 4843 987 4913 Dilipe'te
1041 4845 1199 4919 respicient
1214 4861 1303 4917 super
1318 4850 1449 4918 putenm,
1466 4846 1543 4916 quod
1566 4849 1610 4902 est
1626 4854 1656 4898 tl.
1673 4849 1711 4900 tr.
1728 4845 1868 4902 Bibcrunt

152 4931 285 4986 inimicos
300 4937 401 4986 cestrae
412 4947 422 4984 :
440 4929 590 5000 benefacite
617 4929 659 4985 bia
688 4931 737 5001 qui
761 4931 880 4986 oderant
906 4948 951 4988 uos
974 4951 985 4987 .·
1040 4934 1245 4990 absconditum
1260 4933 1288 4988 in
1301 4933 1412 5001 latitia,
1425 4933 1503 5006 quod
1513 4938 1558 4988 est
1571 4933 1641 4989 laet.
1653 4936 1690 4982 Pl)
1702 4945 1811 4989 tactum
1822 4939 1867 4992 eet

152 5023 298 5088 aratepre
321 5019 375 5085 bic,
393 5019 442 5090 qui
457 5033 502 5074 coe
527 5020 731 5091 persequuntur
756 5017 831 5090 (Lac.
860 5037 898 5088 vr,
927 5021 983 5094 27).
1040 5022 1867 5096 spoliatori-esinesanguinemfactasuntprotundt

151 5107 380 5164 Considerimus
408 5123 489 5180 ergo,
518 5107 623 5163 iratres
657 5106 835 5177 charissimi,
865 5111 984 5180 quantis
1039 5112 1136 5186 abyssi
1153 5112 1183 5168 in
1199 5111 1280 5168 luctu
1291 5112 1398 5178 cordis,
1415 5112 1492 5182 quod
1522 5115 1692 5170 esistunt.
1718 5113 1867 5186 Fugerunt

150 5195 336 5254 testimoniis
351 5197 439 5254 homo
454 5196 548 5253 tidelis
564 5193 749 5252 concluditur
764 5213 781 5251 a
796 5196 854 5252 Deo
870 5212 906 5252 ne
921 5213 984 5270 pec·
1039 5201 1203 5258 absconditi
1221 5201 1284 5257 sine
1298 5201 1411 5268 timore,
1424 5200 1504 5266 Quod
1517 5205 1560 5257 est
1571 5213 1641 5260 olo.
1655 5201 1800 5259 tte-tua
1811 5203 1866 5268 Oui

150 5291 197 5342 cet
214 5303 223 5342 ε
241 5284 266 5342 si
283 5291 381 5342 tamen
396 5285 520 5342 voluerit
535 5284 637 5340 audire
651 5283 746 5357 legem
761 5285 835 5356 ejus,
859 5289 887 5341 et
901 5285 983 5343 incli-
1039 5291 1119 5347 novit
1134 5289 1158 5346 si
1174 5293 1335 5346 revertetur
1349 5293 1378 5344 et
1392 5293 1460 5362 agat
1475 5289 1671 5361 paenitentiam
1689 5295 1774 5348 Deus.
1790 5303 1865 5350 teu.

150 5392 226 5432 nare
242 5391 346 5432 curem
360 5391 445 5432 suum
461 5373 613 5448 preceptis
628 5371 729 5430 illius:
746 5373 859 5446 aperire
874 5375 983 5445 oculos,
1038 5379 1185 5435 Latentur
1200 5375 1307 5449 coellet
1320 5375 1446 5434 exsultet
1473 5383 1561 5434 terra.
1576 5391 1635 5437 alx.
1651 5378 1713 5436 Dan
1734 5383 1865 5452 expectat

149 5466 282 5540 dirigere
297 5481 358 5532 car,
373 5469 405 5521 ut
418 5464 513 5537 possit
526 5462 647 5538 implere
663 5463 740 5536 quod
756 5463 874 5519 dicitur.
899 5463 983 5520 Multi
1038 5466 1166 5524 solumne
1180 5466 1231 5523 Dei
1247 5477 1321 5525 cac.
1337 5465 1373 5523 dc
1388 5465 1530 5523 Nazareth
1546 5470 1643 5538 potest
1665 5464 1775 5539 aliquid
1791 5467 1862 5524 boni

148 5556 233 5626 euim
247 5559 320 5618 eunt
334 5553 386 5638 qui
400 5553 568 5616 desiderant
596 5551 715 5632 quidem
729 5552 817 5628 bona,
846 5557 875 5615 et
891 5553 983 5618 Deum
1037 5571 1102 5646 esse
1117 5568 1145 5619 et
1159 5567 1204 5620 st.
1222 5555 1397 5618 Benedictus
1411 5555 1489 5618 Deus
1504 5570 1601 5620 escam
1631 5553 1711 5619 dedit
1733 5553 1865 5620 timenti·
