4054 6168
155 483 159 492 .
246 475 249 480 Α
338 426 391 486 ¹DE
411 425 611 486 REGNORUM
631 429 757 486 hlBRlS.

174 515 365 586 (beththaad
384 532 472 590 quem
496 517 592 574 locum
626 517 842 574 transtulerant
868 535 965 575 arcam

136 605 309 664 testamenti
323 607 360 662 de
372 607 481 663 nacto:
498 621 577 663 nuuc
600 605 682 662 vicus
705 605 825 678 grandis
847 611 967 664 vocatur

137 693 306 766 Giththsm,
320 693 397 750 inter
411 693 627 767 antipatridem
642 697 671 750 et
684 695 701 750 J
704 694 843 751 ananiam.
860 696 915 752 Sed
938 699 967 752 et

137 782 200 840 alia
212 782 281 839 villa
296 781 460 856 appellatur
473 782 633 840 Geththim.

177 870 294 941 (labim,
309 871 389 928 unde
402 870 596 943 suillarum,
612 871 663 944 qui
678 875 743 944 post
759 871 859 945 lugam
875 871 964 928 David

137 960 245 1019 nichol
263 976 384 1017 uxorem
399 961 463 1033 ejus
477 964 636 1033 acceperat.
654 959 788 1016 Meminit
807 960 897 1033 hujus
910 959 967 1016 loci

137 1054 169 1108 et
180 1049 282 1108 Isaiae.
292 1048 403 1106 Dicitur
416 1052 515 1106 autem
530 1065 593 1108 esse
608 1048 727 1123 quidam
738 1048 825 1118 juxta
839 1049 965 1106 decaron

134 1140 232 1207 vicus,
248 1137 299 1210 qui
314 1140 433 1194 vocetur
446 1134 556 1194 Gallae.

175 1226 343 1292 Gelamsur,
355 1225 434 1300 reg'o
449 1224 681 1299 Allophyloram.

176 1315 286 1382 Gelbm,
309 1318 424 1372 montes
439 1314 680 1388 alienigenarum,
706 1315 736 1371 in
765 1318 846 1373 sexto
868 1313 966 1388 lapide

137 1423 158 1463 a
171 1403 350 1477 scythopoli,
366 1403 397 1460 ia
413 1403 521 1475 quibus
544 1409 573 1460 et
594 1404 674 1461 vicus
694 1408 739 1461 est
759 1405 890 1478 grandis,
915 1403 965 1476 qui

137 1497 261 1552 vocatur
273 1491 393 1550 Gelhus.

177 1582 289 1651 Gedud,
305 1581 445 1655 adquam
461 1581 611 1638 descendit
620 1581 711 1638 David
725 1599 794 1655 :pro
810 1581 966 1655 quodqui-

134 1669 178 1740 la,
193 1668 241 1724 τόν
258 1665 384 1742 εὔζωνον,
401 1670 430 1726 id
449 1673 505 1739 est,
525 1670 692 1742 expeditum
715 1669 759 1726 vel
780 1670 964 1736 accinctum

133 1758 345 1834 Symmachus,
383 1757 530 1816 latronum
567 1775 705 1826 cuneum,
739 1757 964 1815 transtulerunt.

174 1849 294 1916 Gazara,
311 1847 362 1904 ubi
378 1846 524 1920 percussit
537 1846 629 1904 David
651 1845 842 1919 alienigenas.
863 1845 965 1903 Posui-

133 1955 208 1995 mus
223 1941 252 1994 et
264 1951 352 2010 supra
371 1936 470 1992 Gezer.

175 2027 281 2094 (issar,
301 2024 379 2099 regio
393 2023 625 2098 alienigenarum
640 2023 670 2080 in
686 2023 778 2098 Syria.

177 2114 273 2182 Gilon,
283 2114 361 2170 unde
376 2112 624 2186 suitAchitophel.

175 2203 249 2274 Gob,
268 2202 320 2260 ubi
334 2201 527 2259 commissum
542 2205 588 2258 est
602 2200 735 2275 praelium
758 2202 794 2273 (ll
816 2203 881 2272 liep.
905 2218 963 2269 xxi,

173 2294 309 2438 ilalilaa:
324 2380 390 2436 due
405 2382 475 2436 sunt
489 2377 623 2447 dalilae,
639 2395 655 2437 e
669 2379 778 2452 quibus
797 2395 856 2435 una
885 2377 963 2435 Gali-

127 2471 191 2528 laea
205 2469 337 2544 gentium
353 2472 483 2536 vocatur,
499 2468 595 2526 vicina
610 2467 720 2525 tinibus
731 2467 896 2541 Tyriorum,
912 2467 964 2524 ubi

127 2564 168 2620 et
178 2558 319 2618 Salomon
337 2556 441 2631 viginti
468 2556 597 2614 civitates
621 2557 739 2614 donavit
761 2556 877 2612 Chiram
901 2557 963 2629 regi

127 2648 218 2722 Tyri,
233 2647 265 2704 in
280 2651 359 2704 sorte
373 2645 468 2702 tribus
485 2645 640 2720 Nephthali
654 2663 661 2714 3
687 2644 777 2702 altera
795 2660 861 2702 vero
880 2643 962 2702 ¹Gali·

127 2737 192 2794 lasa
204 2734 313 2793 dicitur
326 2734 403 2792 circa
417 2733 609 2807 Tyberiadem
626 2737 655 2790 et
669 2737 807 2808 stagnum
833 2733 962 2790 Genera·

128 2825 214 2895 reth,
229 2823 261 2882 in
274 2823 353 2880 triba
368 2821 509 2880 Zabulon.

169 2915 255 2986 Gioa,
272 2913 322 2970 ubi
338 2911 475 2970 Salomon
491 2914 536 2968 eet
549 2914 657 2968 unctus
672 2911 701 2966 in
716 2927 826 2985 regem.

170 3004 239 3074 Ger,
254 3002 338 3060 locas
352 3001 383 3058 ia
397 3017 456 3074 quo
470 2999 614 3073 percussit
627 3000 681 3056 lou
697 3017 746 3058 rex
761 3000 848 3058 lsrael
868 3000 960 3058 Ocho·

127 3094 211 3153 aiam
225 3107 326 3165 regem
340 3089 552 3162 iudea,juxta
565 3087 710 3146 Jeblaam.

170 3179 436 3254 (letha-chopher,
452 3179 531 3235 unde
544 3178 634 3234 lonas
645 3178 789 3251 propheta
804 3179 868 3235 luit.
975 3150 996 3219 G

171 3270 276 3340 Gaddi,
292 3284 382 3344 quam
397 3265 544 3341 percussit
557 3255 641 3324 hzael
663 3283 713 3323 rex
734 3266 881 3324 Damasci.
907 3267 960 3324 Po-

134 3360 196 3418 sita
214 3362 258 3417 est
271 3361 301 3416 et
314 3373 405 3431 supra
418 3355 527 3413 Gadda.

171 3445 302 3513 Gamala,
316 3445 396 3519 regio
414 3444 622 3510 ldumenrnm,
642 3458 694 3514 pro
720 3457 778 3514 qua
799 3439 905 3514 Aquila
932 3445 960 3498 et

128 3535 329 3610 Symmachus
343 3533 582 3608 interpretantur,
601 3529 804 3603 vallemsssalis.

170 3623 273 3690 Gabia,
287 3622 420 3682 meminit
432 3621 521 3692 hujus
537 3621 638 3677 isaias.
655 3619 691 3675 lit
709 3623 754 3676 eet
778 3618 845 3675 villa
868 3619 956 3688 Geba,

134 3713 167 3770 ia
183 3710 284 3786 quinto
307 3710 444 3769 milliario
460 3727 477 3766 a
491 3709 625 3783 Gaphnis
651 3707 768 3765 entibus
795 3708 956 3780 Neapolim.

167 3802 244 3860 m
256 3801 364 3870 Gozaa,
384 3801 414 3856 in
431 3799 548 3873 regione
562 3797 685 3854 ltmath:
703 3801 731 3853 et
744 3797 835 3870 hujus
851 3797 956 3853 memi-
1011 3795 1061 3854 ubi
1076 3799 1234 3869 quamdam
1251 3802 1362 3872 partem
1379 3800 1478 3874 papuli
1498 3800 1619 3858 damma
1639 3803 1837 3877 consumpsit.

123 3890 173 3951 nit
187 3891 291 3949 lsaias.
308 3891 359 3947 list
371 3891 469 3946 autem
484 3888 514 3943 in
531 3886 638 3943 linibus
653 3886 799 3943 Damasei.

162 3980 272 4049 (iareb,
288 3977 370 4036 collis
387 3980 472 4051 juxta
494 3975 668 4046 Jerusalem,
692 3975 768 4032 sicut
787 3975 889 4032 scribit
906 3975 955 4033 Je-

122 4068 247 4128 remiss.

638 295 690 359 bu
712 295 803 361 Sl'l'U
824 293 1038 394 abnuunt.
1058 297 1144 362 LOG.
1168 298 1352 366 nubente.

1782 307 1847 382 aaa

983 435 1008 500 Α
1058 433 1167 505 Gepha,
1182 451 1287 492 nomen
1304 435 1441 508 regionis,
1447 438 1481 492 ut
1494 435 1524 494 iu
1538 435 1619 496 Isaia
1628 439 1771 514 scripturn
1784 445 1842 504 ost.

1055 525 1175 588 Gamen,
1199 523 1258 580 sive
1283 524 1405 597 Gomon,
1425 525 1504 599 regio
1528 527 1735 600 Moabitarum,
1756 533 1843 605 juata

1021 610 1140 668 leuium.

1282 702 1328 757 llll
1347 701 1575 761 EVANGllLlIS.

1055 787 1180 856 Gadara,
1205 788 1275 845 urbs
1299 793 1382 847 trans
1405 791 1575 863 Jordanem,
1599 796 1702 852 contra
1721 795 1844 869 Scytho-

1020 875 1110 948 polim
1137 881 1165 932 et
1187 877 1376 950 Tyberiadem
1398 881 1434 937 ad
1459 880 1630 940 orientalem
1652 881 1770 957 plagam
1789 883 1847 942 sita

1019 963 1050 1020 in
1066 968 1174 1035 monte,
1185 966 1221 1022 ad
1234 967 1319 1038 cujus
1332 967 1446 1026 radices
1462 987 1544 1043 aque
1559 970 1659 1028 calida
1675 977 1846 1046 erumpunt,

1018 1052 1134 1110 balneis
1149 1054 1275 1127 desuper
1288 1056 1449 1114 aedificatis.

1055 1141 1193 1214 Gergesa,
1206 1143 1255 1199 ubi
1276 1159 1325 1200 eos
1345 1145 1395 1217 qui
1416 1163 1433 1202 a
1452 1147 1635 1204 damonibus
1654 1149 1845 1224 vexabantur,

1020 1230 1152 1287 Salvator
1184 1232 1313 1289 restituit
1350 1233 1480 1305 sanitati,
1514 1239 1542 1292 et
1573 1236 1719 1310 hodieque
1756 1254 1847 1312 super

1020 1322 1151 1376 montem
1166 1319 1279 1378 viculus
1294 1323 1523 1394 demonstratur,
1536 1325 1622 1396 juxta
1632 1330 1772 1400 stagnum
1787 1329 1845 1401 Ty·

1020 1405 1158 1479 beriadis,
1174 1406 1204 1462 in
1220 1410 1297 1481 quad
1314 1411 1393 1483 porci
1408 1411 1580 1485 praecipitati
1600 1418 1679 1474 sunt.
1709 1414 1845 1473 Diximus

1020 1495 1056 1552 de
1070 1495 1125 1552 hoc
1139 1500 1169 1552 et
1182 1513 1283 1570 supra.

1055 1583 1254 1654 Gethsemani,
1268 1586 1350 1644 locus
1364 1589 1414 1644 ubi
1430 1588 1562 1647 Salvator
1581 1595 1648 1648 ante
1676 1591 1844 1664 passionem

1020 1673 1121 1730 oravit.
1138 1677 1188 1730 list
1202 1678 1301 1732 autem
1316 1677 1352 1733 ad
1368 1678 1481 1736 radices
1504 1680 1613 1737 montis
1636 1679 1741 1741 Oliveti
1765 1695 1844 1738 nunc

1020 1760 1143 1818 ecclesia
1157 1764 1284 1837 desuper
1299 1765 1451 1824 aedificata.

1054 1849 1458 1926 GolgothalocusGalvariae,
1482 1856 1511 1911 in
1538 1873 1597 1929 quo
1625 1856 1760 1915 Salvator
1792 1875 1844 1932 pro

1019 1936 1114 1997 salute
1128 1941 1260 1997 omnium
1272 1942 1428 2001 crucifixus
1443 1948 1497 2015 est,
1509 1949 1640 2020 eiusque
1651 1946 1844 2007 hodieostea·

1019 2025 1099 2173 gitur
1113 2028 1143 2085 in
1159 2029 1233 2085 AElia
1256 2033 1292 2088 ad
1319 2032 1575 2106 septentrionalem
1601 2034 1719 2110 plagam
1734 2035 1844 2094 montis

1041 2133 1100 2174 ron.

1325 2208 1371 2265 Illi
1391 2209 1529 2268 GllNliSl.

1051 2293 1153 2364 laboo,
1169 2295 1288 2366 fluvius,
1303 2312 1361 2370 quo
1376 2297 1562 2368 transmisso,
1579 2298 1710 2358 luctatus
1724 2304 1770 2358 est
1792 2301 1842 2359 Ja-

1018 2382 1071 2438 cob
1087 2385 1226 2441 adversus
1241 2400 1319 2453 eum,
1336 2385 1386 2458 qui
1399 2386 1842 2464 sibiapparuerat,vocatusque

1018 2473 1063 2527 est
1077 2471 1175 2528 lsrael.
1192 2470 1269 2528 Fluit
1284 2477 1382 2530 autem
1398 2473 1475 2531 inter
1487 2476 1624 2544 Amman,
1641 2477 1670 2533 id
1690 2481 1744 2550 est,
1774 2477 1842 2536 Phi-

1018 2556 1207 2634 ladelphiem,
1222 2565 1251 2618 et
1265 2562 1393 2619 Gerazaa
1414 2563 1456 2633 (in
1472 2569 1577 2637 quarto
1601 2565 1737 2622 milliario
1752 2567 1842 2638 ejus),

1017 2651 1046 2704 et
1061 2647 1139 2706 ultra
1153 2650 1324 2722 procedens,
1339 2651 1460 2708 Jordani
1476 2653 1563 2710 lluvic
1579 2654 1797 2712 commiscetur.

1052 2737 1189 2807 Idumen,
1207 2739 1287 2811 regio
1301 2739 1377 2796 lisau
1391 2756 1398 2796 τ
1416 2757 1480 2813 qua
1491 2758 1526 2798 ex
1540 2757 1573 2798 eo
1589 2743 1668 2815 quod
1684 2742 1733 2799 ille
1747 2741 1840 2800 lidum

1015 2826 1184 2897 vacabatur,
1198 2843 1305 2884 nomen
1317 2827 1438 2900 accepit.
1455 2829 1506 2886 list
1520 2833 1619 2888 autem
1632 2831 1709 2889 circa
1737 2832 1841 2888 urbem

1016 2916 1143 2982 Petram,
1160 2930 1224 2986 quae
1239 2931 1318 2972 nano
1331 2916 1442 2973 dicitur
1454 2917 1609 2976 (tobaleae.

1052 2999 1129 3060 28⁰
1145 3003 1250 3074 ltheth,
1267 3004 1346 3078 regio
1361 3005 1528 3080 principum
1542 3007 1645 3079 lidum,
1668 3008 1698 3065 in
1726 3010 1841 3080 eadem,
1907 3063 1919 3092 ι

1015 3089 1050 3147 de
1061 3107 1121 3163 qua
1135 3091 1375 3166 supradiximus,
1391 3094 1545 3153 Gebalene.

1330 3223 1376 3274 DE
1393 3219 1523 3277 sluaa.

1050 3313 1130 3370 lroth
1145 3314 1166 3384 ²,
1180 3313 1262 3372 locus
1276 3316 1394 3387 deserti,
1410 3318 1447 3374 ad
1462 3335 1549 3390 quem
1563 3324 1707 3378 venerunt
1717 3320 1770 3377 lilii
1799 3321 1840 3379 l'a-

1014 3399 1083 3471 rael,
1100 3418 1180 3459 mare
1195 3403 1327 3460 Rubrum
1347 3406 1580 3464 transfretantes.
1786 3413 1789 3420 ’

1121 3517 1165 3572 oa
1183 3515 1343 3576 NUMllRlS
1362 3523 1404 3575 ET
1423 3519 1716 3579 DEUTERONOMIO.

1046 3620 1212 3692 ietebatha,
1228 3623 1368 3680 eastreia
1389 3624 1548 3682 solitudine
1577 3626 1706 3685 liliorum
1736 3629 1837 3685 lsrael.

1030 3703 1229 3780 'Incendium
1246 3711 1275 3767 id
1291 3717 1335 3767 est
1350 3710 1536 3788 ἑμπυρισμός,
1552 3713 1633 3770 locus
1649 3715 1680 3770 in
1708 3715 1836 3784 deserto,

1046 3885 1192 3956 lnthaeth,
1209 3892 1306 3945 eastra
1321 3888 1352 3944 ia
1368 3891 1483 3945 deserto
1498 3889 1628 3948 illiorum
1639 3892 1738 3949 lsrael.

1044 3974 1150 4044 launa,
1164 3980 1284 4048 quaeest
1300 3978 1328 4032 in
1343 3994 1446 4051 campo
1462 3979 1556 4046 Moab,
1574 3980 1680 4037 subtus
1697 3981 1835 4040 verticem

1010 4063 1135 4136 Phasga,
1150 4064 1178 4120 id
1195 4069 1248 4134 est,
1265 4065 1365 4134 excisi,
1379 4067 1457 4138 quod
1486 4068 1602 4142 respicit
1626 4071 1662 4127 ad
1686 4072 1836 4128 desertum

161 4156 290 4215 Gebarth
307 4157 335 4212 ¹:
352 4173 404 4229 pro
420 4171 479 4228 quo
493 4151 599 4226 Aquila
622 4152 887 4226 interpretaturffiin
906 4169 954 4210 se·
1006 4153 1091 4224 juxta
1108 4153 1219 4209 Arnon.

122 4245 234 4321 pibus:
251 4244 447 4319 Symmachus
462 4259 539 4312 vero,
554 4241 585 4298 in
605 4241 737 4299 coloniis.
762 4241 850 4316 (Lege
873 4242 953 4299 lere·

122 4335 246 4406 mium)

1042 4241 1140 4311 laesa,
1156 4241 1206 4297 ubi
1221 4242 1361 4300 adversus
1372 4243 1469 4300 Sshon
1485 4245 1722 4303 amorrheorum
1734 4263 1835 4320 regem

1008 4329 1175 4390 dimicetur.
1193 4331 1328 4388 Meminit
1343 4332 1434 4406 hujus
1449 4333 1540 4392 isaias
1554 4335 1584 4390 in
1601 4335 1714 4394 viciam
1733 4340 1836 4395 contra

121 4529 202 4588 nihil
217 4530 254 4587 ab
269 4529 394 4587 Eusebio
409 4532 460 4586 aut
483 4528 658 4600 Hieronymo
680 4529 831 4600 peccatum
856 4530 952 4584 osten·
969 4517 992 4583 Ι)
1008 4529 1204 4603 Hieronymus
1228 4531 1350 4587 docent:
1378 4533 1428 4588 sed
1455 4536 1573 4590 tanturn
1588 4534 1675 4605 juxta
1693 4533 1754 4590 haec
1773 4531 1838 4592 loca

119 4602 212 4672 dunt,
237 4601 379 4675 valdeque
402 4600 514 4658 erudite
533 4599 688 4656 observant
712 4598 769 4654 tria
789 4599 849 4655 hac
879 4599 954 4667 loca,
1009 4602 1316 4672 ejusmonumentum
1340 4604 1498 4660 monstrari
1520 4605 1641 4663 solitum
1664 4605 1837 4672 viatoribus,

122 4673 215 4741 ceila,
234 4673 334 4729 deleto
362 4676 392 4728 et
414 4672 537 4728 Galatia
558 4669 648 4726 luisse
674 4669 704 4724 ia
727 4669 775 4725 via
797 4670 887 4743 Regia
909 4669 954 4728 vel
1009 4672 1058 4744 qui
1074 4689 1157 4745 aeque
1171 4674 1208 4729 ab
1224 4673 1289 4741 hoc,
1327 4691 1395 4731 uem
1411 4675 1513 4732 abillo
1530 4676 1697 4751 conspicere
1729 4677 1840 4749 potuis·

121 4742 250 4800 militari
265 4745 324 4800 sita
344 4743 421 4800 inter
441 4739 689 4814 Eleutheropolim
710 4744 739 4797 et
761 4740 953 4810 Chabronem,
1009 4744 1303 4801 seatndduoiturin
1341 4763 1394 4802 ane
1405 4763 1466 4803 rem
1477 4747 1590 4822 Virgilii
1602 4763 1719 4820 quoque
1734 4763 1839 4804 versus

122 4813 209 4888 quod
225 4827 257 4871 ex
268 4815 317 4872 his
331 4831 395 4887 qua
411 4815 447 4871 ad
464 4813 538 4870 Ceito
562 4811 709 4879 dicuntur,
734 4811 890 4870 manifesto
916 4812 953 4868 li·
1008 4813 1105 4888 uclcg.
1122 4831 1164 4870 rx:

121 4890 208 4960 quet.
222 4885 367 4943 Nimirum
383 4886 521 4942 euntibus
537 4881 750 4955 eleutheropoli
771 4882 952 4941 Chabronem

121 4973 240 5026 versus,
256 4959 292 5014 ad
309 4959 468 5040 septimum
493 4955 619 5082 basidem
643 4955 744 5010 Solacia
772 4956 951 5055 occurrebat,

121 5031 160 5086 ad
188 5032 325 5086 octavum
351 5029 435 5098 Gella,
460 5027 497 5083 ad
542 5041 669 5082 acimum
694 5024 829 5080 Gabala.
858 5041 952 5098 neque

1038 4930 1105 4979 ilina
1120 4929 1187 4980 adeo
1202 4931 1291 4981 media
1305 4935 1346 4981 est
1359 4933 1438 4983 nobis
1453 4934 1514 4989 via:
1531 4947 1649 4998 namque
1677 4933 1832 4998 sepulcrum

1037 4993 1133 5055 incipit
1147 5007 1274 5056 apparere
1290 4994 1417 5045 Sianoris.

120 5103 197 5157 adeo
220 5100 338 5170 mirum,
350 5101 375 5156 ai
387 5101 511 5155 duarum
524 5099 674 5154 leucarum
686 5095 780 5168 spatio
792 5095 870 5152 idern
886 5114 951 5154 mo·
1042 5099 1050 5134 ¹
1068 5099 1193 5167 deberit,
1210 5103 1264 5154 etc.
1284 5100 1325 5154 lta
1341 5115 1412 5156 msa.
1433 5099 1558 5172 codices,
1584 5101 1652 5157 editi
1675 5118 1742 5158 vern
1764 5101 1837 5158 libri

121 5177 305 5229 numentum
324 5171 420 5227 tribas
435 5173 486 5227 aut
499 5169 632 5242 pluribus
652 5167 722 5224 locis
738 5172 952 5225 monstraretur
1005 5169 1383 5243 leguntGolotla,lercmiae
1404 5171 1500 5243 capite
1527 5189 1573 5240 av,
1603 5189 1661 5229 non
1703 5173 1837 5246 Goiurlh,

121 5245 162 5300 ad
182 5245 347 5311 dexteram,
365 5241 409 5299 vel
433 5241 584 5298 sinistram
608 5238 659 5294 viae
685 5237 822 5295 militaris
848 5240 948 5312 situm,
1006 5244 1057 5300 sed
1074 5241 1210 5310 Galerotb,
1227 5241 1471 5314 significatsepea.
1489 5245 1632 5300 hlamma.

122 5315 255 5372 maxime
265 5313 291 5370 ai
310 5313 449 5387 imposita
463 5311 555 5370 moles
569 5309 654 5382 paulo
669 5309 755 5366 altior
774 5310 838 5378 suit,
855 5316 905 5367 aut
920 5312 949 5369 iu

120 5386 242 5444 editiori
257 5383 321 5442 loeo
339 5390 497 5467 exstructa,
521 5383 599 5456 quod
621 5386 682 5438 erat
706 5382 742 5438 ad
767 5383 831 5452 eiua
853 5383 949 5456 gentis
1005 5384 1092 5442 Num.
1108 5400 1210 5450 xaa1n,
1226 5384 1253 5453 5,
1271 5382 1359 5456 στὺμα
1372 5383 1464 5460 cipali,
1479 5402 1507 5442 os

1039 5313 1104 5368 ‘lia
1119 5311 1291 5385 composito,
1309 5313 1502 5384 altinatem,
1531 5315 1609 5442 mg
1638 5315 1836 5460 isnigtrlpiglhlhu

119 5457 277 5531 ingenium
293 5452 765 5532 pauloremolauseviapublioa.
783 5452 948 5513 Enimvero
1004 5459 1061 5525 tur,
1079 5454 1407 5513 avulsumhocnomen
1436 5473 1512 5528 esse,
1541 5460 1624 5515 notat
1651 5457 1837 5528 Bonl'rerius,

123 5545 189 5585 non
202 5528 232 5586 in
247 5527 347 5603 aliquo
359 5528 450 5586 trium
461 5527 567 5585 horum
581 5523 723 5598 locorum,
741 5525 850 5582 nedum
860 5525 889 5582 iu
900 5527 950 5582 tri-

1003 5528 1053 5658 Ἢιιί
1069 5531 1098 5582 et
1111 5526 1146 5582 de
1161 5542 1215 5582 suo
1230 5529 1297 5600 poet
1311 5522 1422 5606 διῇλθον
1438 5528 1572 5599 verbum,
1588 5527 1715 5589 additia
1731 5529 1837 5588 Gracc

122 5601 189 5660 baa
199 5599 272 5665 lasis
286 5600 460 5680 prophetam
470 5597 560 5660 tuisse
570 5595 729 5680 sepultum.
743 5595 887 5658 llusehius
897 5603 949 5658 aut
1002 5618 1016 5658 c
1044 5595 1097 5656 ciel
1112 5593 1234 5686 ’lopati
