4056 6170
93 371 175 431 raas
536 359 783 433 taausna'no
804 357 941 432 uouit.
961 368 1119 434 outone.
1142 373 1181 434 tu
1204 368 1358 437 cauno.
1720 373 1798 443 use

89 504 301 559 ornamentum
316 501 394 574 quod
411 490 486 557 solet
499 499 648 575 uirginum
659 502 733 559 collo
744 503 880 575 pendere,
890 503 959 571 atA
973 505 1097 561 recubitu
1111 523 1160 562 eac
1174 511 1231 576 esi;
1247 507 1288 563 nit
1320 508 1405 580 (vers.
1421 508 1464 582 12)
1477 527 1483 566 :
1507 512 1614 568 Ilerdes
1642 529 1704 570 mee
1722 514 1798 572 desiit

87 587 440 666 nuncupaturbppiceoe,
469 589 811 648 itasinehocdecoreet
833 595 918 648 tuum
973 594 1183 650 odoremaoem.
1216 597 1372 652 Fasciculus
1385 600 1468 669 potire
1481 599 1626 669 fratruelis
1654 607 1797 660 caecami-

87 682 192 754 ipsum
208 679 316 735 collum
327 681 372 735 est
381 683 597 735 ornamentum.
610 679 739 736 Posthac
751 680 919 752 disponens
973 681 1012 752 ti,
1029 684 1060 736 in
1074 685 1167 739 medio
1190 684 1305 740 triremem
1325 702 1448 742 meorum
1458 687 1651 747 deneoroiiter.
1669 694 1793 757 Quoino·

87 767 918 840 inrecubitu.Requievitutleo‚utcatulusleonisob-
973 771 1009 827 do
1024 771 1114 842 igitur
1127 771 1294 843 aptabimus
1309 774 1334 830 ei
1349 775 1377 829 id
1412 776 1489 847 quod
1525 780 1797 848 praecessitzliouec

87 857 244 925 dormivit,
261 862 293 913 ut
308 857 446 929 deinceps
459 857 552 930 possit
563 857 664 913 sardice
677 874 683 913 :
696 859 764 927 Quis
777 859 919 913 smaitobit
971 863 1065 916 retain
1080 863 1200 917 recubitu
1214 879 1262 918 suc
1295 868 1344 928 esi,
1369 864 1397 918 id
1414 866 1491 932 quod
1519 867 1652 939 sequitur
1665 887 1672 930 ;
1687 871 1797 927 Norica

88 945 422 1012 eum²¹iouointerim
456 945 619 1002 dormiente
640 951 782 1017 apparent
803 963 918 1018 sponsae
971 950 1243 1007 meodcdiicdorem
1270 969 1361 1007 mam.
1395 953 1538 1026 Loquitur
1561 957 1796 1030 Evangeliumil,

89 1036 194 1110 sponsi
210 1033 328 1091 solades
343 1034 450 1106 angeli,
467 1038 496 1088 et
509 1033 557 1089 his
571 1051 635 1089 eam
651 1035 837 1091 sermonibus
852 1052 919 1091 oon·
973 1039 1043 1109 quia
1057 1040 1136 1095 venit
1150 1040 1254 1096 mulier
1265 1041 1376 1098 habens
1388 1043 1569 1101 alabastrum
1581 1047 1798 1119 unguentium·-

88 1125 237 1182 solantur.
253 1123 312 1179 Nos
327 1121 380 1177 tibi
392 1139 481 1178 aures
493 1129 667 1178 ornamenta
682 1123 775 1178 lacero
785 1140 843 1179 non
855 1140 919 1195 pos·
973 1127 1001 1180 di
1024 1127 1118 1199 pistici
1135 1129 1264 1200 pretiosi,
1280 1147 1337 1186 non
1351 1130 1399 1186 illa
1411 1133 1565 1204 peccatrix,
1576 1136 1625 1190 sod
1639 1139 1797 1204 sanciade

85 1210 702 1271 sumus:nonanimiamdivitessumus
733 1214 766 1265 ut
790 1228 918 1284 sponsus
973 1216 1472 1288 quanuncmihisormoest.Soio
1507 1222 1737 1295 quippebucam
1762 1226 1797 1282 do

90 1309 175 1370 tuus,
191 1301 241 1373 qui
258 1316 380 1356 aureum
398 1299 450 1354 tibi
467 1299 576 1355 monile
588 1298 917 1372 largiatur.Nossimili-
973 1305 1140 1376 peccatrice,
1158 1305 1324 1361 Matthaeum
1340 1324 1406 1364 vero
1425 1309 1605 1365 otloannem
1618 1317 1646 1366 et
1665 1317 1794 1369 Marcum

86 1393 225 1448 tudinem
242 1389 307 1446 auri
322 1387 473 1456 iaciemus,
491 1405 546 1444 non
562 1388 706 1444 habemus
717 1388 917 1444 aurumlltin
973 1409 1029 1448 non
1046 1393 1081 1449 de
1101 1394 1260 1465 peccatrice
1275 1394 1326 1451 illo
1341 1395 1458 1454 dixisse.
1475 1397 1560 1454 Venit
1574 1415 1642 1472 ergo
1660 1418 1717 1457 non
1729 1419 1795 1474 pee-

88 1482 148 1538 hoc
160 1495 278 1553 quoque
293 1476 453 1533 latendum
469 1481 523 1547 est,
539 1477 563 1533 si
580 1475 790 1533 similitudines
805 1476 879 1548 auri,
891 1477 917 1534 si
972 1482 1074 1548 natrix,
1087 1483 1136 1537 sed
1151 1491 1258 1552 sancta,
1270 1485 1356 1553 cujais
1369 1501 1475 1540 nomen
1487 1501 1605 1558 quoque
1616 1487 1743 1546 loannes
1755 1487 1795 1545 ia·

87 1572 231 1642 stigmata
245 1568 389 1623 iaciamus
403 1565 627 1638 argentitVers.
644 1565 700 1637 ll.)
715 1565 918 1622 Similitudines
973 1571 1073 1626 seruit.
1092 1571 1183 1626 liaris
1198 1572 1306 1644 quippo
1321 1579 1383 1627 erat
1409 1574 1520 1630 liabens
1544 1574 1723 1633 alabastrum
1746 1596 1796 1633 rin·

91 1662 160 1716 anri
173 1659 303 1730 [anemae
317 1656 369 1710 tibi
396 1669 459 1710 eom
472 1654 647 1724 stipmoiitua
680 1656 798 1725 arpenti,
817 1671 917 1710 verum
973 1657 1073 1730 guenti
1089 1658 1171 1714 nardi
1193 1659 1288 1731 pistici
1305 1661 1434 1732 pretiosi,
1450 1667 1479 1716 et
1493 1663 1595 1718 elladii
1610 1681 1699 1737 super
1710 1671 1798 1738 capiat

92 1767 153 1804 non
169 1749 245 1802 omni
262 1753 401 1817 tempore,
418 1744 468 1799 sed
485 1742 577 1798 donec
592 1759 719 1815 sponsus
734 1748 804 1798 tous
816 1748 920 1815 surgat
973 1747 1053 1803 iesu.
1070 1747 1179 1803 Deinde
1191 1765 1280 1820 super
1291 1749 1345 1805 hoc
1358 1749 1579 1822 indignantibus
1590 1769 1648 1808 non
1659 1754 1798 1811 omnibus

89 1857 108 1893 a
123 1837 235 1893 cubitu.
252 1835 325 1890 Com
341 1833 420 1889 enim
434 1831 482 1888 ille
490 1831 657 1902 surrexerit,
669 1832 789 1903 ipsetibi
799 1849 916 1901 aurum,
974 1836 1138 1908 discipulis,
1148 1837 1209 1892 'sed
1225 1837 1302 1893 luda
1317 1837 1378 1894 solo
1394 1839 1508 1896 dicente
1520 1857 1526 1896 :
1538 1842 1632 1898 Potuit
1642 1845 1799 1900 cenuadtri

87 1927 155 1998 ipse
169 1923 255 1980 laniet
269 1923 435 1994 argenium,
448 1919 511 1990 ipse
526 1923 606 1973 luam
630 1922 758 1974 mentem
784 1934 919 1974 sensum·
934 1884 958 1950 B
974 1925 1023 1982 boc
1037 1928 1162 1981 trecentis
1176 1925 1299 1982 denariis
1321 1932 1347 1984 ei
1361 1928 1424 1984 dori
1442 1931 1662 2001 pauper-itaer,
1679 1950 1798 2006 respon·

88 2031 149 2088 que
165 2011 324 2078 decorabit,
340 2008 442 2065 eteris
474 2007 634 2063 veredives
667 2007 698 2063 in
716 2007 920 2078 sponsidomo
975 2011 1018 2066 dit
1034 2011 1169 2084 Magister
1184 2019 1272 2086 atque
1286 2013 1437 2071 Salvator:
1456 2016 1798 2092 Semperpocperesimic-

86 2119 200 2176 sponsa
214 2101 343 2157 iormosa
354 2099 422 2172 (tc),
439 2097 485 2152 cui
500 2101 545 2153 est
559 2096 653 2169 gloria
668 2096 697 2152 in
712 2097 817 2153 saecula
831 2113 920 2152 secu·
976 2101 1037 2156 bitis
1050 2101 1198 2169 rotimum,
1213 2119 1258 2157 me
1271 2108 1365 2158 aciem
1379 2120 1435 2159 aon
1448 2121 1558 2176 seraper
1566 2109 1598 2163 Ἡ.
1623 2111 1799 2166 Provenient

85 2191 198 2248 lorum.
216 2196 320 2244 Amen.
974 2189 1073 2262 qnippe
1085 2190 1145 2247 laec
1159 2193 1188 2245 in
1212 2192 1285 2247 diem
1306 2192 1459 2264 selectione
1474 2211 1544 2252 inere
1565 2199 1639 2267 feeit.
1663 2197 1724 2255 ideo
1738 2201 1799 2254 uii-

324 2303 467 2361 mu
487 2302 636 2358 Hopfflg
652 2303 687 2358 Π,
974 2295 1079 2350 eurique
1090 2279 1271 2350 predicatum
1284 2283 1368 2352 fcerit
1383 2283 1560 2352 Evcnpeiium
1583 2286 1668 2357 istud,
1693 2287 1799 2342 dicetur

86 2401 129 2456 Ab
144 2395 290 2454 eumenia
306 2409 358 2465 qiec
373 2393 574 2463 scriptumest:
603 2391 718 2447 Nardus
745 2407 809 2446 moa
840 2391 920 2447 dedit
974 2367 1080 2466 flium
1092 2369 1157 2438 sm‘
1172 2368 1230 2424 '²³⁹⁶
1244 2371 1445 2426 mmmmm
1459 2374 1527 2442 ‘1¹⁴⁵-
1538 2373 1570 2428 ⁷⁸·
1583 2374 1613 2429 ¹¹¹
1626 2375 1798 2448 figurabit⁰

125 2471 245 2525 odoram
269 2482 377 2532 suum;
407 2479 492 2535 usque
506 2463 541 2518 od
556 2479 620 2518 eum
634 2465 723 2518 locam
739 2465 767 2518 in
784 2479 836 2534 quo
859 2465 917 2519 aie:
975 2463 1060 2512 istius
1076 2473 1139 2528 queo
1155 2473 1232 2512 nunc
1249 2458 1395 2530 loquitur:
1412 2460 1588 2517 Nordmmec
1602 2461 1676 2519 dedii
1687 2464 1799 2520 odorem

126 2541 203 2606 Ouia
229 2555 284 2594 vox
314 2541 365 2592 tua
384 2536 492 2602 suavis,
526 2538 555 2590 et
574 2535 669 2590 torma
688 2540 738 2590 tna
757 2535 871 2602 decora,
892 2542 919 2589 et
973 2562 1065 2615 auum,
1099 2543 1149 2602 illa
1182 2563 1270 2618 super
1302 2553 1390 2620 caput
1409 2549 1524 2605 Domini
1557 2551 1632 2607 fudit
1664 2569 1797 2626 unguen.

126 2616 236 2668 mitem·
949 2711 952 2716 Ι
974 2639 1057 2689 tum:
1074 2639 1102 2690 et
1117 2640 1147 2690 tu
1164 2651 1280 2707 quoque
1295 2653 1412 2693 assunto
1429 2639 1563 2704 nardum,
1588 2645 1620 2696 ut
1639 2641 1796 2715 postquam

126 2733 236 2784 Omnes
257 2724 361 2780 anime
395 2721 538 2779 motiones
571 2721 920 2778 universitatiseonditor
974 2722 1142 2795 caputiesu
1158 2724 1239 2779 suavi
1256 2724 1529 2798 odoreperluderis,
1547 2730 1643 2801 possis
1659 2730 1798 2787 audacter

90 2819 172 2874 Deus
187 2813 294 2872 crearit
310 2813 345 2868 ad
363 2812 491 2867 bonum:
509 2811 559 2867 sed
573 2827 625 2883 pro
641 2827 696 2866 usu
712 2815 811 2866 nostro
825 2811 858 2866 fii
869 2827 920 2867 sae·
974 2811 1196 2870 ellari:Nordus
1227 2813 1380 2870 rneedeciit
1410 2815 1518 2871 ociorem
1537 2821 1672 2886 serum,at
1692 2836 1708 2874 a
1728 2823 1798 2876 iesu

90 2923 128 2980 pe
143 2911 176 2960 ut
191 2919 315 2975 resque
331 2902 412 2957 bona
427 2903 496 2955 sami
511 2917 562 2972 par
578 2903 725 2964 naturam,
755 2900 825 2954 dum
842 2898 919 2956 mals
975 2900 1154 2973 reciprocum
1170 2901 1271 2957 audire
1286 2906 1543 2976 sermonem,quia
1558 2907 1798 2980 ubieunqueprec-

92 2996 140 3051 bis
156 2994 318 3062 abutimur,
340 3005 393 3046 nos
412 2989 449 3044 ad
470 2993 587 3061 peccata
606 2989 762 3044 deducant.
785 2990 864 3045 linus
883 2989 919 3045 de
973 2989 1093 3045 dicatum
1106 2993 1190 3061 suerit
1205 2991 1254 3046 boc
1269 2993 1448 3060 Econpeiium
1464 2995 1492 3047 in
1509 3001 1562 3050 tcto
1596 2997 1709 3064 mundo,
1723 2995 1799 3052 direl

91 3083 199 3140 animae
216 3080 344 3136 motibus
372 3081 522 3145 amorest,
556 3077 633 3149 quod
650 3077 722 3132 bane
756 3077 917 3134 utimurad
974 3079 1659 3154 inretqeodiecitdeeinmemoriemejes.Tu
1680 3101 1798 3157 quoque

92 3172 267 3237 amandum,
283 3169 308 3224 si
342 3165 516 3240 sapientiam
540 3181 675 3221 amemus
708 3171 737 3222 et
756 3167 917 3224 veritatem.
975 3169 1070 3238 tacito,
1086 3167 1116 3222 in
1141 3167 1285 3224 universis
1317 3170 1455 3240 gentibus
1490 3172 1795 3242 predicatoliuando

89 3261 211 3334 quando
226 3275 293 3316 vero
308 3260 501 3313 amoenoster
514 3255 543 3310 in
565 3256 664 3326 pejora
674 3257 826 3326 corruerit,
840 3274 917 3312 arna·
932 3243 954 3311 (l
972 3262 1069 3314 aulem
1085 3256 1139 3313 hoc
1160 3256 1270 3312 iacies?
1285 3258 1314 3314 Si
1330 3259 1423 3314 iactus
1439 3259 1528 3316 lucris
1545 3265 1577 3316 ut
1589 3260 1756 3334 Apostolus,
1770 3255 1799 3316 el

88 3367 158 3406 mus
174 3363 292 3405 earnem
308 3351 337 3402 et
350 3344 535 3417 sanguinem.
553 3343 595 3399 'lu
611 3343 701 3417 igitur
715 3349 748 3399 ut
767 3345 917 3417 spiritalis,
974 3346 1101 3402 dixeris:
1118 3345 1220 3402 Ciriati
1233 3347 1317 3402 bonan
1340 3349 1406 3404 odor
1423 3365 1518 3404 sames
1541 3351 1571 3405 in
1594 3351 1673 3406 omni
1694 3351 1753 3408 icco
1768 3352 1798 3406 in

89 3439 161 3496 audi
181 3435 356 3510 spiritaliter
373 3433 517 3489 amatoria
535 3432 623 3488 verba
641 3432 764 3501 cantari,
785 3436 813 3489 et
841 3433 920 3490 disce
974 3438 1017 3492 iris
1031 3437 1079 3508 pati
1092 3438 1246 3504 scirentur,
1263 3438 1328 3492 etia
1340 3439 1384 3493 iris
1398 3440 1447 3510 qni
1458 3441 1625 3510 pereantli:
1642 3442 1717 3497 bona
1733 3457 1799 3514 ope·

91 3534 208 3584 motum
225 3525 330 3582 animae
343 3528 411 3592 tuac,
427 3527 456 3578 et
470 3520 614 3578 naturalis
629 3521 738 3578 amoris
749 3522 919 3578 incendium
974 3541 1007 3580 ra
1022 3530 1072 3580 tua
1086 3525 1196 3580 nardus
1212 3530 1291 3580 aunt,
1307 3519 1417 3582 Si'rero
1431 3529 1606 3599 peccaveris,
1623 3535 1740 3600 peccato
1758 3535 1799 3586 te:

91 3619 129 3674 ad
147 3615 267 3672 meliora
282 3614 451 3683 transferre,
468 3612 631 3667 scoriadam
642 3608 714 3666 illud
729 3612 814 3666 :Amo
831 3612 919 3682 iliam,
974 3619 1018 3670 tro
1034 3613 1121 3668 odore
1136 3612 1325 3680 redolebunt;
1342 3614 1412 3669 dicit
1427 3615 1704 3687 quippcpoenttens:
1723 3619 1799 3674 com:

93 3715 123 3762 et
137 3705 253 3760 sercobii
268 3709 303 3775 te,
338 3701 479 3758 circumdo
495 3701 584 3770 illam,
610 3704 637 3754 ei
651 3700 786 3755 exultabit
819 3701 853 3758 ⁷².
877 3702 920 3755 Vi·
972 3705 1137 3775 primereine
1149 3705 1175 3757 et
1188 3705 1325 3772 cormeptae
1342 3710 1407 3756 curet
1429 3704 1570 3758 mentriees
1595 3719 1663 3760 meac
1689 3721 1706 3759 o
1728 3707 1799 3776 siceie

92 3798 131 3862 ri,
149 3793 255 3863 diligite
267 3794 499 3860 decrescentem,
516 3789 558 3844 ait
574 3788 773 3860 Apostolus⁷³,
795 3790 845 3846 sed
862 3806 919 3845 non
974 3791 1146 3862 insipientiae
1159 3803 1229 3846 meze
1256 3791 1364 3845 ⁸⁰.Non
1380 3791 1416 3844 de
1432 3790 1523 3845 nardo
1556 3791 1739 3864 propositum
1755 3797 1798 3848 est

91 3881 359 3954 stetitineoquod
383 3881 513 3934 dixerat:
539 3879 599 3934 Viri
621 3877 729 3950 dilipite
754 3895 851 3936 amores
876 3896 920 3936 ce·
976 3896 1054 3936 natac
1068 3877 1189 3951 Spiritui
1205 3883 1306 3933 sancto
1325 3877 1430 3943 dicore,
1465 3893 1559 3950 nequo
1590 3879 1699 3936 dehoc
1720 3881 1799 3952 quod

90 3977 183 4030 emec:
201 3987 302 4028 vorum
327 3970 500 4027 sciensesse
523 3965 707 4023 dilectionem
731 3967 860 4024 virorum
891 3968 921 4024 in
975 3967 1067 4024 oculis
1087 3966 1236 4022 intuemur
1250 3965 1428 4037 evangelista
1443 3967 1544 4023 scribit
1565 3973 1725 4042 unguento,
1747 3969 1797 4026 scd

92 4061 223 4137 propriis
238 4075 355 4132 quoque
367 4057 506 4113 uxoribus
521 4054 717 4125 inhonestam,
745 4057 842 4114 sciens
856 4073 922 4114 esso
975 4057 1011 4112 de
1032 4053 1272 4127 nardospiritali,
1311 4055 1346 4110 de
1367 4056 1457 4111 nardo
1493 4072 1557 4128 queo
1578 4057 1658 4114 dedii
1678 4059 1797 4116 odorem

93 4151 261 4226 placentem
276 4147 344 4216 Deo,
360 4146 459 4202 docuit
482 4144 629 4215 quomodo
644 4144 697 4199 viri
733 4162 921 4205 uxoressuas
976 4161 1074 4202 suum.
1288 4205 1294 4215 ,

91 4256 196 4297 amare
210 4237 359 4302 deberent,
375 4235 522 4290 intereos:
543 4233 610 4302 Viri,
630 4231 738 4303 dilicite
761 4249 859 4291 recres
872 4253 921 4293 ce·
1010 4233 1134 4305 3(Vors.
1170 4232 1225 4304 13.)
1258 4232 1415 4290 reicientur
1433 4237 1538 4300 stactes,
1572 4234 1666 4292 idest
1698 4239 1797 4309 guliae,

91 4335 176 4398 snas,
191 4328 302 4382 sicutei
328 4325 450 4381 Christos
473 4324 632 4378 Ecclesiam.
658 4322 693 4378 Et
715 4322 770 4378 hoc
801 4324 920 4396 quidem
975 4323 1036 4379 sive
1051 4321 1145 4388 stillae,
1158 4321 1299 4394 fratruelis
1314 4337 1389 4378 meus
1403 4324 1483 4378 mibi.
1507 4323 1626 4380 Guttam
1644 4325 1797 4398 unguenti,

90 4419 122 4474 in
140 4415 281 4489 prooemio
296 4429 397 4471 eoram
413 4429 477 4484 qus
491 4414 592 4484 postea
605 4410 776 4467 disserenda
791 4417 861 4469 sunt
874 4414 919 4470 di·
975 4413 1097 4483 casiam,
1110 4410 1312 4484 galbanum,in
1329 4411 1425 4468 lilxodo
1441 4411 1566 4485 legimus
1588 4417 1729 4486 praecepto
1745 4420 1797 4470 lio·

91 4507 202 4563 ximus.
976 4503 1046 4558 mini
1062 4501 1092 4556 in
1108 4500 1282 4573 thymiama,
1299 4499 1326 4554 id
1348 4505 1392 4556 est
1406 4500 1436 4555 in
1469 4501 1648 4558 sacerdotale
1668 4501 1799 4559 chrisma

125 4599 155 4649 2.
171 4593 245 4660 Quia
258 4592 344 4649 amici
368 4591 469 4664 sponsi
496 4590 566 4647 dum
593 4607 641 4645 rex
665 4589 695 4645 in
716 4590 849 4646 recubitu
865 4607 920 4647 suo
936 4609 958 4673 D
974 4591 1180 4648 coniectum⁸¹.
1197 4589 1226 4645 Si
1242 4605 1310 4661 orgo
1326 4588 1432 4645 videris
1446 4588 1624 4645 Salvatorem
1641 4605 1739 4646 meum
1761 4589 1796 4646 cd

89 4687 136 4738 est
152 4683 334 4752 (cucumerem
348 4679 425 4735 enim
441 4679 574 4734 dormivit
596 4681 626 4732 at
640 4679 692 4742 ico,
719 4683 744 4735 et
766 4681 796 4734 ai
809 4681 919 4736 ectetas
972 4685 1087 4736 terrena
1101 4683 1152 4734 aut
1166 4677 1290 4733 humilis
1303 4678 1540 4738 descendentem,
1553 4679 1664 4736 videbis
1675 4694 1797 4752 quomo-v

89 4771 362 4842 leonn⁷⁶)‚sponsa
396 4767 698 4840 promiserantdonee
730 4766 918 4826 illaconsur·
972 4767 1799 4839 dovirtutemagnaetmnjestatedivinaadcosmodi-

89 4865 175 4934 geret
188 4875 220 4916 se
235 4857 444 4916 similitudines
459 4856 522 4912 euri
538 4865 564 4911 et
579 4857 692 4928 argenti
703 4872 767 4912 esse
780 4857 917 4922 lecturos,
972 4875 1006 4914 ca
1021 4858 1152 4930 quaedam
1167 4853 1248 4911 stilla
1261 4855 1423 4912 defluxerit.
1449 4861 1488 4912 llo
1502 4857 1556 4912 hac
1582 4857 1661 4912 stilla
1683 4860 1712 4912 et
1731 4873 1796 4928 pro·

91 4966 152 5006 non
166 4947 308 5004 habentes
324 4961 428 5002 aurum
446 4949 478 5000 ut
492 4961 629 5016 sponsus,
656 4949 686 4999 et
700 4945 917 5017 quodammodo
972 4947 1059 5020 pheta
1073 4945 1187 5012 cecinit,
1204 4945 1323 5000 dicens:
1342 4945 1371 4998 lit
1386 4947 1438 5000 erit
1468 4945 1502 5000 ‹ie
1529 4945 1605 5000 stillo
1631 4945 1729 5017 popuii
1739 4946 1798 5017 ejus

91 5039 161 5095 aliis
175 5037 271 5094 verbis
285 5036 385 5108 sponsi
404 5035 501 5107 passio
516 5033 671 5106 praedicato
685 5038 749 5090 est:
772 5051 829 5089 non
845 5035 917 5090 irrn-
971 5033 1177 5106 concrepandae
1198 5033 1408 5102 concrepabiinr
1430 5035 1511 5090 iacob
1525 5035 1557 5087 ⁸².
1586 5034 1619 5089 tlt
1641 5033 1726 5089 sicuti
1752 5051 1796 5089 se-

91 5125 379 5184 tionabilrteradlmo
392 5123 780 5195 sponsarespondct,otipsa
795 5123 913 5196 dispen-
972 5127 1100 5180 cundum
1117 5123 1207 5178 alium
1224 5138 1343 5178 sensum
1359 5122 1433 5194 lapis
1447 5127 1508 5176 crat
1522 5123 1659 5192 praecisus
1670 5140 1685 5179 o
1697 5129 1796 5179 monte

89 5217 237 5275 salionem
248 5214 406 5286 quamdam
419 5211 564 5285 passionis
575 5210 741 5284 intelligens
752 5213 786 5266 ad
799 5213 826 5266 id
839 5213 915 5284 quod
972 5215 1036 5270 sino
1051 5213 1188 5268 manibus
1204 5211 1297 5266 nostri
1320 5210 1349 5265 in
1374 5227 1460 5265 carno
1484 5211 1639 5268 salvatoris
1653 5212 1796 5268 adventus

90 5307 228 5362 andierat
243 5307 318 5375 (cap.
343 5319 363 5368 1,
380 5317 453 5357 vers.
478 5300 521 5367 11),
538 5301 602 5366 tlt:
626 5301 832 5358 Similitudines
854 5305 919 5358 oceri
972 5300 1157 5373 nequeenim
1174 5305 1252 5354 totus
1269 5315 1353 5354 mons
1370 5299 1425 5353 iuit
1439 5301 1489 5370 qui
1510 5300 1661 5356 ‹lassandit
1686 5302 1721 5356 ad
1738 5307 1797 5358 icr-

88 5397 227 5466 sueiemus
242 5393 295 5447 tibi
309 5389 556 5458 eumaiipnentilms
577 5390 697 5456 arpenti,
718 5389 802 5444 tionec
824 5405 874 5446 rec
888 5393 918 5446 ire
973 5408 1031 5456 ras,
1048 5405 1099 5445 neo
1117 5393 1228 5461 poterat
1261 5387 1389 5442 huutano
1416 5388 1556 5461 fragilitas
1573 5390 1664 5446 totius
1688 5393 1798 5450 montis

126 5485 150 5518 ³¹
166 5481 239 5538 Gen,
256 5496 330 5564 xxix,
345 5479 373 5532 9
403 5477 517 5531 ”Pron
537 5492 573 5546 tv,
607 5478 633 5529 8.
650 5477 673 5512 ⁷³
686 5475 795 5534 Coloss.
826 5477 1192 5546 111.9.'¹⁸Num.xx1t·,9.
1227 5475 1531 5544 elmanensem.
1550 5496 1625 5536 xxvi.
1655 5481 1796 5538 tenacia.

90 5549 380 5690 {illichl'ullllklll'
417 5551 460 5621 12,
490 5549 533 5604 13.
563 5547 584 5582 ⁷⁸
615 5547 702 5604 llarc.
738 5565 798 5618 xiv,
837 5551 865 5620 8,
889 5551 917 5612 9.
955 5551 1156 5622 ⁷⁹110⁰l·¹¹·
1178 5549 1221 5607 15.
1259 5548 1283 5588 ⁸⁰
1302 5547 1377 5608 Psoi,
1397 5566 1515 5620 mvelt,
1535 5551 1562 5608 5.
1587 5553 1609 5589 ⁸¹
1630 5551 1708 5612 exod
1728 5568 1794 5614 xxv.

128 5713 187 5808 (tc)
202 5709 452 5776 irminsindae
465 5708 656 5784 Turonensis,
674 5711 806 5796 perfecta
