4054 6168
252 323 335 396 tort
871 341 903 404 S.
926 337 1082 405 sussen
1104 337 1339 403 lllEliONYlll.
1839 337 1904 412 Μ

252 461 288 524 in
316 467 414 525 medie
441 469 450 506 ¹
478 468 529 530 illa
555 471 713 547 plantetur,
741 473 821 549 ligna
855 479 957 534 catera
985 475 1076 532 sicca·
1089 473 1238 542 Acurum
1253 489 1369 548 semper
1383 474 1534 550 Scriptura
1545 472 1736 550 divinaoper
1746 487 1906 552 sermonepo

252 553 377 618 huntur.
1131 563 1176 620 nit
1189 569 1217 620 et
1231 581 1330 621 sensu.
1346 565 1428 621 Unde
1441 570 1470 622 et
1484 567 1514 622 in
1530 566 1706 640 sexagesimo
1728 568 1835 640 septimo
1847 569 1906 641 psal·

292 668 307 697 u
332 647 397 705 Feci
420 651 492 708 mihi
518 653 647 726 piscinas
667 670 810 727 aquarum
835 655 870 710 ad
895 653 1076 727 irrigandum
1131 669 1179 709 mo
1193 653 1329 710 columba
1343 671 1408 727 quar
1422 654 1630 728 interpretatur
1653 656 1682 712 ia
1697 654 1801 729 spiritu,
1813 657 1908 714 manile·

253 739 332 800 800
344 757 379 796 ex
393 740 436 798 eis
449 741 557 800 saltum
576 743 790 816 germinantem
817 742 940 817 lignum.
958 765 972 792 n
988 742 1077 814 tigna
1130 742 1235 800 stiores
1249 748 1278 800 et
1292 743 1368 800 vieni
1383 744 1529 816 expositas
1544 745 1605 801 alas
1619 746 1808 819 deargentatas
1819 746 1908 816 nater,

248 829 380 888 saltuum
392 831 414 900 ¹,
429 829 510 904 ligna
524 831 674 900 silvarum,
691 849 755 905 quae
768 849 830 889 non
843 837 912 889 sunt
926 831 1076 905 frugifera,
1131 831 1318 888 occultiorem
1333 850 1400 890 vero
1415 833 1592 890 intrinsecus
1608 851 1726 890 sensum
1739 835 1767 890 in
1777 836 1911 908 euri'pallo

249 935 315 993 ques
330 935 418 993 poma
428 937 485 976 non
501 921 638 990 afferunt,
648 938 705 978 non
717 921 837 979 aluntur
852 922 944 978 imbre
954 919 1074 984 cmlesti,
1130 936 1161 977 re
1175 919 1277 992 operit.
1295 921 1407 993 Regum
1423 927 1521 978 autem
1536 922 1729 992 substantias,
1744 927 1770 979 et
1783 924 1911 996 provincia-

249 1023 309 1068 που
331 1009 467 1082 supernis
490 1010 576 1083 aquis
597 1011 647 1068 sed
674 1011 720 1068 his
744 1029 807 1085 qnae
828 1011 858 1066 in
883 1009 1012 1084 piscinas
1040 1008 1076 1064 de
1131 1025 1207 1076 rum,
1233 1010 1293 1065 sive
1317 1011 1481 1082 regionum,
1505 1010 1535 1067 in
1558 1013 1737 1069 credentium
1762 1015 1912 1087 congregent

250 1097 354 1156 rivulis
378 1097 566 1172 colliguntur.
582 1100 656 1156 Nam
680 1101 821 1174 AEgyptus
844 1099 966 1156 humilis
993 1098 1077 1169 etja-
1130 1097 1310 1167 Ecclesiam
1331 1098 1449 1155 illorum
1473 1116 1588 1174 regum,
1604 1102 1641 1158 de
1665 1103 1770 1174 quibus
1790 1100 1912 1158 Psalmistn

250 1199 331 1256 cens,
348 1185 433 1260 qussi
447 1185 550 1244 hortus
565 1189 824 1259 olerum,terrenis
838 1193 866 1245 et
880 1190 916 1247 de
930 1187 1076 1259 AEthiopia
1130 1187 1208 1242 canit
1233 1203 1240 1241 :
1267 1189 1421 1244 Astiterunt
1443 1205 1518 1260 repes
1541 1199 1633 1259 terro,
1655 1194 1681 1247 et
1700 1193 1828 1264 principes
1847 1208 1913 1247 mnne

250 1275 437 1336 mutantibus
452 1277 547 1350 cquis,
563 1277 710 1352 irrigatur.
727 1280 817 1336 'l'erra
830 1295 896 1336 vere
918 1277 1075 1350 repromis·
1130 1282 1231 1331 ruunt
1252 1277 1282 1331 in
1307 1293 1392 1332 unum
1416 1277 1501 1349 (Prot.
1524 1296 1554 1344 11,
1570 1279 1598 1351 2)
1626 1297 1632 1336 :
1659 1278 1824 1352 illarumque
1843 1281 1913 1352 regin·

251 1363 353 1432 sionis,
393 1381 457 1438 que
485 1368 639 1424 montuosa
669 1372 765 1425 estet
792 1370 897 1436 erecta,
932 1371 1076 1438 tempora·
1130 1381 1202 1420 num
1227 1365 1238 1400 ⁶
1264 1364 1294 1420 in
1319 1383 1391 1436 quas
1415 1364 1514 1424 oculos
1537 1366 1627 1424 levari
1653 1367 1779 1425 Salvator
1790 1370 1914 1442 pracepit:

251 1469 337 1514 neam
352 1457 382 1514 el
396 1455 554 1512 serotinam
570 1455 700 1529 pluviem
715 1461 864 1530 exspectnt
877 1473 892 1514 e
907 1456 989 1514 eoelo.
1129 1453 1274 1527 quiajam
1297 1456 1441 1512 candeant
1462 1457 1498 1512 ad
1521 1458 1691 1514 metendum
1715 1459 1798 1526 (loon.
1813 1462 1854 1527 rr).
1867 1461 1914 1512 Prs-

287 1567 303 1598 «
319 1546 465 1602 lderoatus
480 1563 546 1624 sum
562 1561 671 1612 servos,
686 1551 715 1602 et
729 1545 862 1615 ancillas,
878 1551 908 1602 et
927 1545 1076 1602 vernaculi
1130 1548 1199 1616 sunt
1212 1559 1315 1617 regum
1337 1544 1508 1601 substantia
1522 1549 1551 1602 et
1575 1545 1810 1620 philosophorum
1823 1546 1870 1602 dici
1880 1547 1914 1602 de·

251 1636 371 1694 morunt
381 1634 463 1704 mibi,
475 1635 630 1710 etquidem
643 1636 790 1709 possessio
800 1636 925 1692 armenti
936 1639 964 1692 et
978 1635 1074 1692 ovium
1129 1638 1238 1708 gmatc,
1255 1638 1283 1690 et
1304 1634 1432 1690 scientie
1456 1633 1619 1704 saeculares,
1636 1652 1711 1708 ques
1735 1635 1915 1692 Ecclesiasticus

252 1725 346 1783 multa
366 1724 423 1781 init
444 1723 515 1780 mihi
540 1725 561 1780 ¹.
579 1746 592 1775 n
610 1724 640 1782 Si
663 1723 799 1782 volumus
822 1724 1027 1790 Ecclesiastcn,
1043 1731 1076 1780 ut
1128 1722 1173 1778 vir
1187 1721 1342 1795 diligenter
1356 1721 1531 1796 intelligens,
1547 1725 1744 1797 apprehendit
1763 1724 1913 1798 sapientesin

252 1813 495 1888 supradiximus,
510 1813 599 1870 etiam
615 1829 693 1870 nnnc
707 1815 744 1870 ad
758 1813 866 1870 Christi
885 1814 992 1871 reterre
1007 1831 1074 1887 per·
1091 1839 1116 1906 B
1131 1810 1241 1867 astutia
1255 1827 1366 1879 eorum,
1383 1816 1412 1866 et
1425 1811 1522 1883 perdit
1537 1812 1714 1885 sapientiam
1726 1811 1915 1886 sapientium,et

252 1917 367 1972 sonam,
383 1917 542 1975 possumus
561 1917 659 1958 servos
673 1903 738 1974 ejus
763 1902 868 1970 dicere,
884 1902 935 1975 qui
949 1903 1076 1960 habeant
1130 1900 1317 1972 prudentiam
1342 1899 1532 1973 prudentium
1557 1903 1696 1974 reprobat
1719 1905 1741 1972 (l
1756 1900 1914 1972 Gor.1).tsn·

252 1992 390 2068 spiritum
406 1991 520 2048 timoris
535 1990 565 2047 in
590 1991 739 2058 servitute,
755 1995 783 2047 et
802 1991 967 2063 spiritualia
981 1992 1076 2066 magis
1130 1993 1209 2044 tores
1223 2005 1341 2061 quoque
1361 1994 1390 2045 et
1404 1989 1588 2058 cantatrices,
1603 1989 1647 2047 illi
1670 1992 1715 2048 vel
1730 1990 1783 2046 ittae
1807 1995 1867 2058 suat,
1878 1988 1914 2059 qni

253 2083 433 2149 desiderant,
447 2095 537 2153 quam
562 2083 682 2136 teneaat
699 2097 705 2136 :
721 2078 843 2137 ancillae
856 2097 923 2136 vero
948 2097 998 2138 eas
1013 2082 1075 2137 ani·
1130 2077 1261 2150 psallunt
1275 2077 1391 2150 spiritu,
1410 2077 1538 2150 psallunt
1552 2084 1698 2136 etmente.
1715 2081 1843 2138 Cantator
1857 2075 1914 2151 qnasi

254 2189 319 2232 mes
336 2171 492 2246 appellare,
509 2185 573 2242 ques
593 2167 689 2226 adhue
712 2169 825 2242 corpori
851 2172 992 2242 terreque
1006 2173 1077 2226 sunt
1130 2167 1217 2223 viret
1238 2168 1377 2223 robustus
1399 2171 1427 2223 et
1450 2166 1611 2239 spiritualis
1626 2169 1663 2225 de
1688 2169 1831 2225 altioribus
1854 2168 1914 2222 canit.

253 2262 368 2320 deditas.
384 2258 564 2317 vernaculos
585 2273 701 2330 quoque
715 2257 780 2314 illos
797 2258 846 2330 qui
863 2264 933 2315 sunt
956 2258 1074 2331 quidem
1131 2255 1279 2312 Cantatrix
1303 2269 1371 2312 vern
1400 2255 1496 2312 adhuc
1519 2256 1596 2312 circa
1620 2258 1774 2314 materiam
1797 2257 1916 2322 voluutas,

253 2351 290 2409 de
304 2349 442 2420 Ecclesia,
457 2351 487 2404 et
507 2363 617 2418 serves,
632 2351 661 2404 et
676 2345 806 2413 ancillas,
823 2347 858 2404 de
880 2347 987 2418 quibus
1002 2347 1076 2402 dixi·
1131 2361 1221 2417 quam
1245 2344 1334 2401 Greci
1350 2345 1414 2409 ὕλμν
1430 2349 1552 2414 vocant;
1569 2361 1622 2402 nee
1638 2351 1736 2420 potest
1757 2363 1846 2404 vocem
1858 2359 1915 2401 suen

253 2457 334 2509 mus,
349 2438 526 2497 antemdunt
541 2455 548 2494 :
565 2437 691 2493 necdum
716 2440 813 2492 tamen
830 2435 962 2493 libertate
976 2436 1076 2494 donati
1131 2433 1161 2489 in
1195 2433 1321 2490 sublime
1349 2434 1460 2491 tollere.
1477 2435 1649 2508 Ubicunque
1674 2454 1743 2511 ergo
1757 2437 1785 2492 in
1799 2433 1916 2507 Scripturis

254 2535 334 2600 sunt,
352 2543 404 2584 neo
424 2524 575 2583 nobilitate
591 2543 608 2581 a
622 2525 757 2583 Domino.
774 2525 849 2582 Sunt
872 2529 968 2582 autem
983 2527 1012 2582 et
1027 2524 1076 2582 alii
1132 2523 1242 2580 lamina
1255 2523 1362 2596 legitur
1375 2529 1403 2580 et
1417 2540 1504 2580 sexus
1521 2523 1662 2599 fragilior,
1680 2527 1717 2582 ad
1733 2525 1848 2582 materie
1860 2520 1916 2579 intel·

253 2619 284 2676 in
300 2617 412 2677 familia
424 2613 605 2673 Ecclesiaste
621 2614 715 2671 instar
736 2614 827 2671 boum
851 2619 879 2671 at
893 2615 1002 2683 ovium,
1014 2631 1078 2687 pro·
1131 2609 1282 2684 ligantiam
1305 2611 1528 2669 transieramus.
1544 2613 1627 2670 Unde
1642 2619 1674 2671 et
1697 2615 1806 2672 Pharao
1820 2630 1867 2670 oon
1877 2609 1918 2666 rnlt
1966 2639 1967 2651 κ

253 2713 319 2784 pter
332 2723 421 2781 opera
434 2709 464 2762 et
478 2703 695 2777 simplicitatem
713 2718 720 2758 ι
737 2701 788 2775 qni
802 2703 913 2775 absque
924 2703 1035 2760 ratione
1050 2710 1079 2760 et
1132 2698 1279 2756 masculos
1297 2700 1447 2770 vivificari,
1463 2702 1514 2757 sed
1527 2705 1643 2758 tuntum
1656 2703 1796 2776 ,leminea
1811 2719 1864 2776 qne
1875 2715 1917 2754 na·

253 2796 377 2857 seientia
411 2794 627 2867 scripturarum
662 2791 795 2848 laborant
823 2792 942 2863 quidem
972 2793 1002 2848 in
1027 2793 1077 2848 Ee·
1131 2788 1295 2844 teriesnnt
1317 2788 1661 2863 uicinae(Ecod.1).Ete
1686 2791 1827 2850 contrario
1848 2787 1917 2845 nullus

254 2886 352 2956 alesia,
366 2885 417 2944 sed
443 2883 567 2940 necdum
592 2881 628 2937 ad
654 2879 682 2936 id
705 2896 871 2953 pervenere,
888 2885 921 2936 ut
944 2881 1077 2938 homines
1132 2877 1316 2946 Sanctorum,
1326 2877 1382 2934 nisi
1395 2893 1512 2950 perraro
1526 2878 1651 2936 feminas
1662 2882 1799 2954 genuisse
1810 2883 1916 2936 narratur.

253 2991 319 3036 esse
333 2978 511 3041 mereantur,
527 2974 556 3027 et
578 2971 698 3026 redeant
713 2969 749 3025 ad
774 2967 931 3041 imaginem
947 2969 1077 3024 condito·
1132 2965 1277 3038 Solusque
1303 2965 1453 3038 salphaat,
1471 2967 1521 3040 qui
1542 2967 1572 3023 in
1593 2970 1724 3041 peccatis
1748 2969 1917 3028 marrenses,
1966 2999 1967 3026 t

254 3066 306 3123 ris.
322 3061 497 3136 Diligentius
516 3063 585 3116 nota
599 3058 677 3131 quod
692 3057 722 3112 in
747 3057 848 3122 servis,
866 3060 894 3112 et
910 3057 1033 3129 ancillis,
1050 3062 1078 3114 et
1131 3071 1234 3111 omnes
1248 3053 1323 3110 lilius
1346 3055 1448 3128 genuit
1468 3059 1562 3124 (Num.
1578 3058 1656 3128 xxv).
1674 3059 1767 3116 Jacob
1788 3057 1856 3113 inter
1870 3055 1918 3109 dun·

254 3149 418 3211 uernaculis
441 3147 600 3204 multitudo
624 3144 870 3211 nonadditur,in
893 3146 989 3201 bobus
1010 3162 1076 3203 vero
1133 3142 1227 3200 decim
1257 3144 1439 3217 patriarchas
1467 3143 1555 3200 unius
1581 3144 1646 3200 filiae
1674 3152 1758 3219 pater
1783 3149 1833 3211 est,
1855 3148 1877 3200 at
1895 3139 1918 3195 ob
1966 3167 1967 3210 p

255 3245 285 3298 st
299 3239 401 3296 ovibus
427 3235 543 3300 dieitur,
557 3235 688 3306 possessio
707 3235 829 3290 omenti
842 3243 869 3291 et
890 3235 982 3291 onium
998 3203 1115 3291 inultiC
1135 3232 1229 3304 ipsam
1245 3232 1425 3305 periclitatur
1439 3236 1522 3302 (Gen.
1536 3233 1613 3306 nun).
1629 3233 1747 3292 Delicire
1758 3249 1862 3308 quoque
1872 3228 1919 3286 filie

256 3329 312 3404 {uit
347 3326 418 3381 milri
446 3326 467 3380 ⁶.
493 3322 577 3378 Pluta
599 3320 707 3394 quippe
733 3321 763 3376 in
785 3321 914 3378 Ecclesia
937 3327 1078 3388 armenta,
1134 3337 1200 3376 rum
1219 3319 1373 3377 hominum
1396 3321 1649 3394 supersapientia
1672 3322 1919 3397 intelligentiaque

258 3431 348 3490 quam
362 3413 517 3480 homines;
542 3411 641 3484 plures
656 3425 733 3477 oues,
750 3426 839 3481 quem
865 3412 951 3477 servi,
968 3411 1079 3468 aneilla
1135 3409 1279 3465 adinstar
1300 3409 1427 3482 paradisi
1449 3409 1536 3465 habet
1549 3411 1684 3484 pomaria
1707 3413 1787 3468 varia
1801 3413 1821 3480 ⁷,
1833 3412 1857 3465 st
1868 3403 1920 3462 mul·

251 3509 340 3580 etque
366 3500 524 3560 vernaculi.
556 3499 630 3556 lllud
659 3515 736 3567 vero,
764 3501 841 3571 qued
871 3499 901 3556 in
926 3501 984 3557 tine
1008 3500 1065 3558 dici
1133 3495 1248 3570 tiplices
1270 3497 1444 3571 voluptates.
1460 3499 1495 3554 Et
1520 3498 1555 3555 de
1578 3498 1643 3572 ipsa
1670 3501 1850 3574 precipitur:
1867 3494 1919 3552 netr-

252 3599 326 3654 tur:
1133 3596 1207 3643 ctare
1230 3589 1259 3643 iu
1283 3589 1409 3658 Domine,
1425 3591 1450 3643 et
1473 3587 1549 3644 debit
1571 3589 1624 3644 tibi
1644 3591 1791 3660 petitiones
1802 3586 1877 3644 cerdis
1892 3580 1921 3635 ltt'
1966 3597 1967 3622 t

284 3684 412 3757 «Super
435 3677 615 3750 omnes,qui
640 3677 759 3734 inerunt
783 3682 851 3734 ante
875 3695 922 3735 me
943 3679 974 3735 in
997 3679 1067 3736 leru
1135 3677 1219 3750 (Ptol.
1243 3693 1338 3745 xxxvi,
1364 3675 1401 3748 l).
1427 3676 1462 3732 Et
1487 3677 1517 3732 in
1541 3676 1598 3733 alio
1620 3676 1711 3736 loco:
1736 3679 1852 3736 Terrenis
1868 3671 1920 3728 notr-

249 3773 354 3843 salem,
370 3793 385 3824 n
401 3787 458 3827 non
475 3769 511 3827 ad
537 3767 678 3842 grandem
706 3765 829 3841 gloriam
856 3767 981 3840 pertinet
1000 3768 1080 3828 Salo.
1131 3769 1216 3838 plutis
1241 3774 1296 3824 tuae
1318 3765 1425 3838 potabis
1448 3781 1492 3821 eor
1515 3766 1599 3836 (Psoi.
1625 3783 1746 3837 numu,
1762 3771 1799 3836 2).
1821 3765 1881 3821 Nam
1897 3760 1919 3813 dt

250 3862 359 3929 monis,
374 3877 432 3917 uno
446 3862 529 3932 patre
544 3873 597 3915 suo
613 3871 681 3930 rege
696 3873 728 3912 ee
742 3855 877 3912 ditiorem
894 3855 996 3923 luisse,
1008 3856 1080 3929 quia
1132 3855 1192 3910 vini
1216 3853 1375 3924 lusoribus,
1392 3856 1420 3910 et
1440 3852 1500 3909 vini
1524 3853 1708 3912 fusitricibus
1724 3857 1770 3928 (ed
1792 3849 1918 3911 distinctis

247 3949 404 4010 subsonis
429 3948 554 4004 necdum
580 3945 759 4019 regnabatur
774 3945 802 4000 in
827 3944 1001 4012 Jerusalem,
1016 3949 1078 4002 eta
1133 3961 1200 4001 nem
1215 3944 1323 4016 quippe
1339 3957 1416 3999 nune
1427 3940 1591 4010 masculini,
1604 3943 1747 4002 leminino
1762 3933 1918 4018 generernlui

246 4038 388 4096 tebusoeis
404 4037 453 4110 qui
468 4036 525 4108 ipsi
536 4034 602 4091 urbi
614 4034 792 4102 insederant,
804 4033 967 4090 tenebatur.
978 4033 1077 4090 Altius
1132 4033 1288 4102 declinare,
1305 4033 1382 4105 quod
1406 4031 1527 4088 Latinus
1551 4048 1648 4089 sermo
1664 4049 1723 4090 non
1749 4031 1852 4106 recipit)
1863 4022 1918 4084 alind
1966 4033 1967 4036 ’

246 4128 346 4202 itaque
367 4125 564 4192 tractandum,
589 4139 652 4195 que
676 4124 715 4178 sit
736 4121 922 4178 Jerusalem:
948 4125 975 4178 et
999 4138 1070 4194 quo·
1131 4123 1234 4184 multo.
1250 4137 1337 4194 quam
1355 4121 1385 4177 in
1401 4124 1537 4194 promptu
1553 4125 1608 4192 est,
1622 4121 1918 4196 Aquilainterprctettr·

246 4218 333 4282 modo
358 4213 558 4283 Ecclesiastes,
573 4215 642 4269 ante
664 4227 776 4281 omnes,
798 4209 848 4282 qui
872 4225 902 4266 se
925 4227 1076 4282 precesse-
1130 4211 1193 4268 Non
1220 4210 1299 4268 enim
1328 4209 1473 4277 homines,
1497 4210 1575 4274 viros
1598 4210 1744 4285 videlicet,
1760 4216 1787 4268 et
1808 4209 1873 4268 ΔΜ
1890 4202 1919 4256 lt·

246 4311 317 4364 runt
331 4320 414 4379 reges
428 4303 459 4359 in
473 4299 647 4367 Jerusalem,
665 4300 752 4358 ditior
767 4299 863 4355 luerit.
1130 4299 1235 4370 minae,
1252 4299 1302 4355 sed
1326 4297 1510 4356 vasculorum
1536 4299 1647 4372 species
1662 4301 1673 4336 ⁸
1696 4299 1858 4372 nominavit,
1871 4288 1919 4342 ull

281 4417 297 4447 a
308 4391 486 4468 congregavi
501 4391 573 4447 mihi
589 4393 756 4462 argentum,
773 4393 801 4443 et
821 4403 937 4454 aurum,
953 4392 982 4443 et
998 4388 1072 4445 suh·
1128 4404 1180 4438 κων
1216 4395 1245 4444 et
1278 4387 1377 4436 settara
1411 4404 1527 4454 vocans,
1557 4390 1635 4460 quod
1672 4390 1811 4446 Hebraico
1841 4381 1920 4440 dieitur

245 4483 371 4544 stantius
386 4497 487 4554 regum
503 4483 532 4536 et
552 4476 776 4552 provinciarum.
795 4475 860 4530 Feci
885 4473 957 4530 mihi
973 4481 1072 4533 canto-
1128 4495 1219 4536 sanos
1233 4477 1319 4550 (ritu)
1340 4480 1369 4532 et
1390 4493 1517 4533 snoooru
1543 4477 1643 4548 (nitu)
1666 4477 1795 4552 Denique
1817 4479 1919 4549 spuns-

244 4587 290 4628 ras
305 4575 333 4627 et
347 4568 531 4632 cantatrices,
545 4571 574 4622 et
598 4564 718 4622 deliciae
738 4562 1207 4638 dooiiliorumhomi-Dchus‚
1238 4564 1306 4621 licet
1334 4566 1455 4621 verbum
1485 4583 1543 4622 non
1572 4566 1701 4638 potuerit
1727 4566 1875 4642 exprimere
1895 4553 1919 4608 dt

243 4657 495 4728 comministros
516 4655 577 4712 vini
598 4657 627 4712 et
650 4651 811 4710 ministras.
827 4653 1018 4726 »Argentum
1041 4658 1069 4711 et
1121 4655 1219 4726 verbo,
1245 4655 1281 4711 ab
1305 4654 1359 4710 hac
1384 4653 1520 4728 opinione
1545 4671 1602 4712 non
1632 4655 1717 4729 longe
1740 4659 1793 4723 est,
1820 4651 1916 4709 dicens:

258 4789 287 4857 '¹
311 4819 373 4878 Nisr'
396 4819 472 4874 euim
496 4818 525 4872 iu
549 4815 650 4876 medio.
666 4815 721 4868 etc.
746 4811 937 4870 corbeienses
964 4831 1068 4872 mann·
1122 4814 1308 4884 brittiorum
1332 4829 1436 4888 quoque
1461 4816 1615 4886 reqionum,
1640 4817 1670 4871 ira
1695 4831 1762 4886 quos
1785 4810 1866 4870 outtns
1882 4801 1917 4860 tlt·

241 4891 343 4964 scripti
358 4891 459 4948 eodem
474 4903 564 4944 sensu
579 4885 621 4944 sio
641 4883 752 4956 legunt,
767 4885 824 4940 nisi
839 4887 913 4942 esim
934 4887 965 4942 iu
979 4887 1068 4943 nudie
1123 4903 1197 4950 oure,
1214 4889 1270 4942 eto.
1288 4885 1432 4942 Mnnrren.
1966 4917 1967 4920 =

242 4963 359 5020 illorum
370 4963 520 5034 retardetur,
535 4963 590 5016 etc.
607 4957 751 5013 Macrian.
1158 4959 1168 4992 ⁷
1184 4958 1313 5014 Rursum
1329 4957 1418 5014 iidem
1436 4973 1520 5028 mss,
1537 4957 1624 5014 liutet
1635 4973 1721 5030 pomo
1734 4957 1820 5012 ceria.

277 5035 288 5068 ¹
317 5033 397 5090 Unus
435 5032 542 5098 Vatia,
570 5030 677 5086 Saltum
711 5027 941 5100 geminantium.
981 5029 1068 5099 lipnn
1157 5029 1245 5086 *Duo
1259 5028 1384 5084 Palatini
1405 5033 1433 5085 et
1446 5027 1591 5096 Vatican,
1607 5029 1660 5086 Sed
1681 5035 1858 5086 musculorum
1873 5027 1914 5087 rpr-

240 5104 374 5172 rultuum,
390 5108 448 5162 etc.
1121 5116 1184 5159 eres.
1209 5099 1330 5149 sotiarat
1354 5116 1420 5156 vero
1444 5117 1546 5171 paruus
1570 5105 1615 5156 est
1634 5099 1721 5166 calle,
1746 5103 1795 5154 aut
1813 5087 1912 5166 reppltt·

276 5175 373 5232 ³ldss.
401 5173 493 5232 nostri
519 5171 643 5240 addunt,
657 5174 747 5244 Super
769 5169 935 5240 omnes,qui
953 5170 1067 5239 suerunt
1156 5204 1192 5213 -
1220 5171 1333 5220 tutinus
1361 5176 1390 5226 er
1416 5171 1513 5235 κυγῑιια
1539 5187 1648 5228 vocam,
1679 5170 1730 5227 1110
1751 5184 1814 5226 vam
1839 5163 1914 5246 oseca

241 5245 585 5303 antenotata-anatem.
1032 5275 1035 5282 ,
1122 5243 1164 5299 sic
1202 5247 1405 5315 corrumpunt,
1445 5242 1605 5299 nominavit
1632 5241 1744 5291 κυλικίαν
1774 5239 1812 5288 mi
1839 5231 1912 5282 *Μ’

277 5313 383 5370 ‘Idem
398 5309 964 5382 mss„Etovittmtitullitudotttiimiltt'·
1043 5382 1048 5392 α
1121 5315 1232 5370 Deinde
1247 5316 1360 5370 addunt
1379 5314 1519 5370 Hebraico
1533 5313 1620 5369 verba
1636 5312 1666 5368 in
1689 5315 1817 5369 contextu
1831 5311 1911 5377 secan·

257 5383 287 5441 .⁸
312 5385 342 5439 ln
371 5387 472 5456 spiritu
494 5387 707 5455 manifestiores,
733 5389 787 5440 ete.
817 5383 997 5463 Depruvutue
1020 5381 1067 5438 hre
1122 5363 1912 5457 dumblassoretharumpunctevocalia‚selriddretartrd·
1966 5421 1967 5424 ,

241 5453 385 5512 locuseet
409 5455 437 5508 in
465 5457 611 5510 veteribus
635 5453 889 5518 editionibus,ubr
917 5452 1065 5525 legimus:
1121 5456 1194 5523 rioth,
1222 5473 1289 5510 cum
1316 5459 1510 5530 Hieronrnue
1535 5458 1562 5512 le
1584 5457 1639 5522 erit
1662 5455 1746 5511 reddo
1768 5435 1909 5524 susurrii·
1966 5475 1967 5510 r

242 5529 354 5600 Propter
374 5527 565 5598 manifestiora
588 5530 614 5580 ct
636 5528 708 5581 vireu
733 5527 880 5597 sepositas.
904 5525 964 5580 utar
988 5525 1066 5582 deor-
1122 5528 1183 5582 sive
1205 5527 1293 5582 sadda
1316 5533 1345 5582 ot
1369 5476 1491 5600 stotlr,
1510 5535 1543 5585 ut
1563 5473 1655 5585 {ubet
1676 5543 1728 5583 ms.
1755 5522 1909 5581 sorbonicus.

243 5596 472 5742 peqtqqthsrgqqqu
485 5596 644 5738 mar,
659 5671 712 5723 etc.
731 5667 821 5723 Iidem
845 5665 916 5722 editi
934 5671 1019 5726 autea
1034 5668 1068 5724 li·
1122 5598 1265 5656 Mmm
