4056 6156
1057 319 1211 340 mun-0·-
1242 328 1244 330 ·

735 581 1280 741 PRAEFATIO.

955 925 1050 940 μ

188 1156 381 1236 Quanquam
410 1157 553 1236 praelim
588 1157 719 1238 siugulis
759 1157 892 1240 hujusce
929 1161 1007 1221 torui
1047 1160 1176 1222 ιιιιιιιι
1202 1160 1291 1221 tibris
1323 1157 1537 1221 admonitiones
1577 1156 1732 1238 pretendi
1759 1173 1852 1220 onere

145 1253 287 1318 maxims
300 1272 350 1315 me
368 1273 409 1316 ex
429 1261 518 1335 parte
547 1255 665 1330 issent,
692 1256 840 1335 quaedem
868 1257 1074 1319 nibilominus
1102 1277 1169 1320 esse
1198 1257 1300 1330 video,
1332 1257 1372 1318 de
1400 1256 1516 1336 quibus
1544 1255 1693 1316 lectorem
1721 1253 1754 1314 in
1781 1253 1852 1333 ipso

149 1351 257 1414 statim
271 1351 359 1413 aditu
390 1351 613 1433 praemonitam
642 1353 737 1414 fuisso
764 1373 829 1414 non
856 1354 973 1434 pigeat.
1002 1358 1047 1416 Ae
1070 1355 1207 1434 primum
1236 1355 1372 1416 instituti
1400 1354 1460 1414 mci
1487 1353 1567 1414 ratio
1594 1351 1756 1414 reddenda
1790 1355 1850 1424 est,

148 1448 234 1528 quod
275 1448 458 1529 Hierunymi
497 1449 659 1532 Opsuculu,
688 1469 887 1530 quaecunque
928 1451 990 1512 buc
1029 1451 1104 1513 illuc
1131 1451 1406 1532 dispertiebantur,
1435 1457 1468 1512 et
1490 1451 1554 1511 sive
1581 1448 1612 1509 iu
1637 1447 1849 1528 Epistularum

145 1545 227 1608 seris
254 1545 443 1626 peregrinas
468 1547 558 1608 sedes
593 1546 785 1620 incolebant,
816 1548 881 1609 sire
908 1547 1041 1610 aliorum
1071 1553 1236 1610 anctorum
1266 1548 1490 1628 scriptionibus
1503 1546 1692 1619 intermista,
1709 1544 1848 1606 nondum

143 1643 206 1716 illi,
230 1641 323 1720 cujus
351 1648 458 1722 partes
472 1647 557 1716 sunt,
572 1643 817 1724 Hieronymiano
831 1645 957 1724 corpori
985 1651 1193 1716 accesserant,
1210 1645 1255 1706 ita
1281 1645 1312 1706 in
1343 1663 1441 1706 unum
1470 1643 1617 1706 volumen
1645 1642 1848 1721 conjecerim,

143 1739 370 1802 ntisteiermc
399 1758 499 1802 novus
525 1739 684 1820 justeque
700 1741 791 1803 molis
806 1747 910 1803 tomus
926 1747 1119 1819 exsurgeret.
1151 1743 1216 1820 Ego
1244 1760 1319 1802 uero
1347 1741 1441 1814 istud,
1460 1749 1494 1804 ιι
1520 1759 1598 1804 mese
1626 1740 1759 1802 editioni
1775 1755 1848 1818 pre-

141 1838 224 1900 tinm
251 1835 452 1898 conciliarem
468 1855 520 1898 ,ιι
546 1837 744 1917 dignitatem,
774 1855 846 1899 cum
876 1837 986 1917 primis
1019 1838 1171 1918 proposui
1200 1837 1289 1914 mibi,
1330 1843 1363 1900 ut
1398 1836 1523 1916 singula
1551 1855 1647 1917 qnam
1677 1835 1850 1898 rectissimo

142 1939 296 2014 poterant
331 1933 443 1998 ortline
482 1934 725 2012 digererentur;
755 1935 880 2016 hocque
907 1935 1102 2015 praecipuum
1131 1934 1320 2008 existimavi,
1348 1935 1388 1996 ad
1430 1935 1515 2013 qnod
1553 1933 1782 2014 respiciendum
1810 1931 1850 1993 iis

142 2031 272 2112 sit,qui
298 2031 476 2094 studiorum
504 2047 632 2094 snorum
662 2051 700 2094 es
728 2033 916 2095 Sanctorum
944 2035 1075 2096 Petrum
1104 2031 1239 2096 lectione
1267 2033 1326 2094 sibi
1353 2032 1500 2112 praesidia
1514 2036 1677 2112 expetunt.
1693 2031 1795 2102 Quare
1823 2029 1850 2092 si

142 2131 218 2194 illas
244 2129 510 2203 elucubrationes,
541 2148 677 2210 quarum
705 2149 763 2192 nec
791 2129 901 2192 dictati
928 2129 1094 2210 prolixitas
1121 2135 1221 2203 tanta,
1239 2135 1274 2192 ut
1297 2148 1438 2191 seorsum
1463 2127 1619 2192 recenseri
1646 2132 1775 2208 queant,
1791 2144 1849 2190 nec

141 2245 181 2290 ca
205 2231 254 2290 est
281 2226 463 2306 scriptionis
489 2225 611 2290 indoles
640 2246 677 2289 ac
704 2233 832 2302 natura,
860 2233 957 2307 atque
984 2227 1018 2288 in
1045 2226 1109 2288 illis
1134 2227 1306 2290 disserendi
1335 2227 1458 2300 modus,
1489 2234 1524 2289 ut
1555 2226 1626 2289 aliis
1652 2224 1767 2288 diuersi
1794 2242 1847 2286 ar-

140 2324 287 2404 gumenti
315 2329 412 2403 etque
438 2324 558 2404 ingenii
584 2325 673 2386 libris
700 2326 864 2405 patiantur
892 2325 1085 2404 permisceri,
1113 2325 1145 2386 iu
1183 2343 1281 2386 unum
1325 2325 1473 2388 collectas
1499 2323 1613 2386 nativis
1640 2323 1737 2384 veluti
1764 2321 1848 2384 sedi-

140 2421 201 2484 bus
230 2421 420 2504 postliminii
447 2421 522 2502 jure
547 2423 764 2498 restituissem,
795 2442 876 2485 nora
910 2441 1016 2484 rerum
1058 2427 1154 2502 etque
1194 2421 1313 2483 ordinis
1356 2421 1534 2483 accessione
1578 2419 1749 2481 maximam
1782 2417 1847 2480 illis

143 2523 364 2598 comparatum
394 2518 434 2578 iri
461 2518 589 2582 leudem
617 2537 654 2582 ac
682 2519 786 2580 lucem
814 2535 884 2581 sum
911 2519 1094 2582 arbitratus.
1124 2517 1249 2580 Scilicet
1276 2517 1462 2591 editionum,
1479 2535 1549 2598 quse
1577 2516 1730 2578 hactenus
1750 2514 1845 2576 ador-

143 2620 231 2678 nato
253 2620 487 2696 cantuumque
513 2615 660 2696 epistolis
686 2615 809 2678 libellos
837 2617 914 2678 istos
943 2616 1095 2678 continuo
1126 2615 1267 2689 miscent,
1297 2615 1347 2676 rix
1378 2621 1443 2677 erat
1482 2614 1610 2676 terenda
1638 2611 1845 2694 perturbatio.

140 2713 305 2784 ιιι-ιιιιιιιι,
322 2729 459 2792 eumque
486 2719 612 2775 secutus
641 2713 810 2786 Victorius,
841 2713 955 2793 quibus
983 2713 1188 2776 materiarum
1207 2714 1285 2775 ordo
1313 2711 1400 2774 cordi
1430 2718 1507 2787 erat,
1525 2709 1739 2774 nonnullosin
1768 2709 1847 2772 alte·

139 2819 175 2862 ra
205 2801 399 2866 ememtes
428 2807 528 2874 tomo,
544 2807 672 2881 arrepta
697 2802 868 2864 identidem
896 2819 934 2864 ex
962 2800 1290 2881 ttpistolisoccasione
1318 2799 1587 2880 collocantcuod
1614 2796 1767 2888 ἐλεγκτικά
1797 2805 1847 2862 sat

137 2886 341 2978 ἀποιιγιτιιιι
368 2890 576 2964 continerent,
605 2891 668 2952 sive
698 2909 770 2970 qum
811 2891 971 2970 pertinent
1004 2890 1043 2950 ad
1074 2889 1212 2950 diversas
1240 2889 1387 2962 haereses,
1409 2895 1441 2950 et
1469 2889 1695 2950 maledicorum
1723 2887 1847 2948 culum-

137 2980 238 3040 nias:
267 2979 347 3040 alios
375 2977 416 3038 ad
444 2978 558 3057 prioris
586 2977 799 3042 tomicaleem
830 2983 1004 3052 recensent,
1025 2979 1094 3057 ipso
1123 2977 1281 3038 interdum
1311 2977 1472 3058 proposito
1501 2983 1533 3038 et
1560 2976 1738 3054 argumenti
1754 2975 1846 3035 dissi-

138 3075 322 3138 militudine
349 3075 536 3136 reluctante.
554 3077 697 3155 Nuperus
715 3094 790 3136 vero
820 3075 927 3137 ltditor
956 3074 1188 3147 Benedictinus,
1218 3091 1312 3154 quem
1350 3074 1410 3134 sibi
1449 3071 1662 3152 Epistularum
1702 3070 1846 3134 ordinem

139 3171 406 3250 chronologicum
434 3176 655 3252 proposuerat,
682 3173 799 3252 passim
828 3171 1021 3234 immanibus
1045 3170 1086 3232 ad
1120 3171 1187 3232 hece
1209 3171 1393 3250 excipienda
1413 3169 1529 3250 scripta
1553 3169 1692 3230 hiatibus
1707 3169 1845 3231 interru-

138 3271 215 3351 pit:
246 3269 329 3330 iniis
357 3275 464 3330 autem
492 3268 671 3348 digerendis
698 3269 817 3331 nullam
833 3274 1025 3350 temporum,
1040 3269 1081 3330 ad
1106 3287 1177 3348 ques
1205 3267 1432 3342 referebantur,
1464 3267 1618 3329 rationem
1642 3265 1764 3340 habuit,
1791 3263 1846 3328 sed

138 3368 279 3428 fortasse
306 3385 412 3428 rerum
429 3384 437 3438 ;
454 3366 537 3428 unde
565 3366 683 3428 iactum
713 3372 769 3441 est,
801 3371 835 3428 ut
859 3366 934 3428 dum
963 3367 1088 3446 utrique
1117 3365 1238 3428 semitm
1267 3365 1359 3427 simul
1387 3365 1552 3438 insisteret,
1568 3364 1608 3425 ab
1623 3369 1757 3446 utraque
1785 3381 1845 3424 ιιι-

138 3465 219 3544 pius
245 3463 434 3534 aberrarret,
451 3461 701 3542 perturbatoque
728 3463 932 3526 materiarum
954 3481 1018 3524 una
1045 3467 1139 3543 atque
1167 3463 1319 3542 temporis
1346 3462 1466 3536 ordine,
1497 3461 1648 3523 lectorem
1685 3466 1843 3522 transuer-

140 3578 218 3621 sum
245 3563 381 3638 raperet.
397 3561 498 3620 Erunt
521 3567 720 3639 argumento,
752 3577 792 3621 ne
815 3561 848 3622 in
876 3559 937 3622 hec
965 3577 1024 3638 ego
1051 3578 1182 3622 censura
1208 3560 1327 3622 diutius
1355 3577 1472 3636 verser,
1489 3577 1567 3639 quas
1590 3556 1733 3619 obtinent
1756 3555 1845 3617 sedes

139 3657 177 3717 in
210 3673 250 3718 ee
276 3655 452 3720 recensione
480 3655 545 3719 duo
573 3663 695 3719 tentum
718 3657 800 3732 libri,
826 3674 963 3738 quorum
995 3675 1075 3719 unus
1106 3655 1192 3737 (Vita
1221 3661 1252 3719 S.
1285 3656 1373 3720 Pauli
1400 3655 1560 3736 Eremitee)
1588 3661 1680 3716 aetate
1707 3653 1846 3733 reliquas

139 3771 257 3816 omnes
285 3755 316 3814 S.
346 3753 487 3816 Doctoris
513 3753 766 3816 elucubrationes
792 3759 944 3834 superat:
975 3753 1055 3816 alter
1082 3753 1245 3834 (Dialogus
1273 3760 1385 3815 contra
1407 3753 1605 3832 Pelagianos)
1633 3750 1754 3812 caeteris
1783 3749 1846 3809 ier-

139 3869 195 3912 me
225 3849 370 3912 omnibus
397 3851 553 3931 posterior
578 3857 635 3913 est.
652 3851 709 3914 111ι
729 3857 835 3914 ιιιιιι
866 3851 1013 3931 Epistolis
1042 3851 1084 3912 ad
1111 3851 1293 3913 Marcellam
1318 3857 1349 3912 ιι
1386 3850 1517 3912 Ριιιιιι
1545 3849 1669 3928 scriptis
1696 3845 1848 3908 decennio

137 3953 219 4029 post
245 3948 403 4022 subditur,
418 3947 490 4028 ipsa
509 3955 768 4030 argumentorum
798 3949 877 4011 serie
908 3951 1046 4011 immane
1077 3954 1229 4028 quantum
1260 3948 1428 4010 abludente
1445 3967 1452 4008 ε
1470 3947 1522 4010 ιιι
1545 3965 1619 4009 uero
1648 3945 1701 4027 qui
1723 3946 1763 4007 ad
1790 3963 1853 4005 ers-r

138 4063 223 4108 num
250 4045 388 4126 pertinet
415 4045 762 4126 quadringentesimum
791 4047 948 4108 decimum
973 4046 1131 4127 quintum,
1148 4046 1296 4125 Epistolis
1324 4045 1393 4106 aliis
1421 4045 1671 4126 praeponiturab
1686 4061 1770 4106 anno
1785 4049 1848 4104 tre·

145 4143 324 4204 centesimo
352 4144 544 4222 octogesimo
572 4149 660 4206 sexto
688 4144 834 4206 exaratis.
851 4145 970 4226 Nempe
997 4145 1042 4205 ite
1070 4148 1286 4222 comparatum
1317 4148 1364 4203 est
1392 4150 1555 4216 enatura,
1572 4148 1607 4203 ut
1633 4137 1850 4201 nullasitdis·

138 4237 295 4300 similium
325 4239 458 4302 societas
482 4257 598 4316 rerum,
628 4258 708 4320 quas
736 4241 762 4302 si
790 4242 830 4302 sd
858 4260 953 4302 unam
983 4241 1102 4320 puriter
1126 4239 1234 4302 reierri
1262 4239 1372 4300 seriem
1395 4241 1527 4318 ingratis
1555 4236 1736 4317 compellas,
1764 4236 1849 4315 ejus·

141 4335 234 4398 modi
261 4354 374 4398 carere
400 4337 668 4417 perturbationem
697 4338 785 4402 haud
813 4337 923 4419 possis.
965 4339 998 4401 Si
1041 4338 1080 4400 ed
1111 4357 1204 4419 quem
1233 4337 1390 4418 llpistolas
1418 4337 1559 4417 exegeris
1594 4341 1771 4413 temporum
1799 4350 1849 4393 or·

139 4432 264 4508 dinem,
281 4433 449 4495 'tractatus
477 4451 539 4496 una
567 4433 688 4514 exiges,
716 4435 850 4497 deformi
881 4432 1067 4513 trajectione
1094 4434 1289 4515 peccandum
1320 4435 1371 4508 sit,
1401 4439 1497 4514 atque
1525 4433 1616 4496 unius
1653 4447 1757 4493 causae
1785 4447 1849 4492 mo

139 4535 299 4590 numenta
320 4529 384 4591 hue
397 4529 535 4610 illucque
563 4531 795 4612 discerpenda3
826 4531 852 4594 si
881 4532 1084 4594 materiarum
1110 4533 1200 4594 malis
1227 4531 1367 4612 vestigiis
1388 4532 1554 4605 inbaerere,
1578 4528 1850 4608 chronologiaere-

139 4627 250 4706 gulas,
267 4645 339 4706 quse
367 4627 579 4708 Epistularum
609 4633 655 4690 est
683 4629 913 4708 propemodum
944 4629 1063 4704 anima,
1080 4635 1257 4709 pervertere
1285 4649 1408 4692 necesse
1436 4629 1566 4691 habeas.
1598 4631 1705 4706 Neque
1734 4643 1772 4687 eo
1799 4624 1849 4684 in-

140 4723 246 4798 ficias,
276 4723 339 4784 tria
366 4741 434 4785 esse
450 4729 505 4788 ant
521 4731 659 4806 quatuor
686 4727 849 4805 opuscula,
865 4726 980 4807 quibus
994 4726 1124 4789 totidem
1142 4727 1289 4806 Epistulae
1310 4728 1409 4788 lucem
1426 4727 1574 4788 afferrent
1588 4722 1766 4804 argumenti
1781 4737 1853 4800 pro·

140 4819 317 4883 simitste:
342 4821 440 4883 satius
455 4821 525 4884 dieo
541 4840 618 4893 esse,
643 4821 793 4884 lectorem
823 4822 862 4884 de
889 4823 951 4884 illis
980 4823 1162 4896 admonere,
1186 4840 1282 4902 quam
1312 4823 1375 4884 suis
1405 4823 1531 4884 sedibus
1555 4839 1609 4902 per
1634 4821 1695 4880 vim
1726 4817 1851 4879 auulsas

142 4915 179 4977 in
210 4915 352 4998 alienum
379 4917 481 4980 solum
510 4920 691 4993 transferre,
719 4923 752 4980 et
779 4919 858 4981 lucis
902 4919 1082 4981 mutuandae
1122 4919 1264 4994 obtentu,
1296 4939 1392 4981 mores
1432 4927 1464 4982 et
1488 4919 1714 4998 impedimento
1742 4914 1851 4994 legen-

142 5013 238 5075 tibus
263 5031 342 5076 esse.
371 5016 419 5078 Ad
447 5016 532 5078 hune
559 5023 643 5079 certe
669 5015 798 5077 modum
819 5021 851 5078 et
880 5015 1090 5078 accuratiores
1118 5015 1251 5077 aliorum
1281 5023 1421 5078 veterum
1445 5019 1574 5078 Petrum
1596 5011 1853 5076 editionessdor·

143 5115 235 5170 natm
261 5115 348 5186 sunt,
372 5111 406 5172 in
433 5111 548 5192 quibus
575 5114 620 5174 ita
643 5129 718 5174 suus
746 5112 859 5192 cuique
887 5113 1094 5194 scriptionum
1124 5113 1232 5192 generi
1261 5114 1349 5176 locus
1378 5113 1538 5186 tribuitur,
1568 5118 1604 5174 ιι
1639 5128 1741 5191 neque
1768 5107 1851 5188 epis-

140 5205 260 5270 tolaris
287 5225 391 5270 scrrrm
419 5208 533 5289 planus
559 5209 831 5272 dissertationibus
868 5215 900 5272 et
929 5211 1027 5284 libris,
1056 5228 1158 5290 neque
1193 5211 1223 5271 in
1251 5211 1490 5272 Commentariis
1519 5216 1549 5271 et
1583 5207 1738 5282 Humilis,
1768 5207 1853 5268 etsi

142 5321 217 5385 qua
243 5311 317 5367 sunt
344 5307 408 5367 elia
437 5307 614 5388 disparibus
643 5307 792 5387 auspiciis
814 5313 889 5369 nate
919 5309 1179 5389 permisceantur.
1205 5308 1294 5379 Quod
1337 5313 1371 5368 ιι
1398 5327 1456 5387 ego
1500 5306 1621 5368 meliori
1651 5305 1756 5367 adbuc
1780 5304 1853 5383 jure

140 5401 177 5462 in
212 5399 406 5484 Hieronymo
434 5403 617 5466 exornando
641 5409 834 5484 praestarem,
866 5405 938 5466 (ιιι
953 5412 1107 5485 praeterca
1134 5421 1237 5464 causae
1271 5403 1477 5483 impulerunt.
1508 5404 1624 5478 Altera,
1663 5401 1748 5482 quod
1771 5418 1852 5462 non·

142 5495 242 5562 nulls
269 5497 339 5580 ejus
365 5500 530 5584 opuscula,
561 5517 633 5582 quae
654 5500 705 5564 uel
733 5500 766 5566 in
795 5501 865 5566 aliis
887 5501 983 5568 tomis
1010 5500 1220 5584 rogabantur,
1255 5506 1291 5568 ιι
1319 5501 1444 5590 Didymi
1471 5501 1551 5568 liber
1572 5501 1612 5566 de
1639 5499 1758 5587 Spiritu
1784 5515 1854 5592 ιιι·1

311 5633 581 5710 secessum.
1595 5639 1615 5731 ι

39 5739 154 5952 ‘0³⁰⁵
