4108 6174
142 213 221 286 isio
750 225 955 292 excusari
978 223 1064 292 uss.
1086 227 1127 292 ur
1150 229 1232 292 son.
1763 215 1843 294 rato
1878 193 1880 201 '
1917 223 1920 235 ·

142 353 339 427 serpentibus,
356 353 466 431 vivunt,
483 362 511 414 et
526 361 561 416 dc
582 359 655 432 ipss,
678 361 867 418 exstinctione
885 361 966 418 vitio·
980 363 1006 430 Α
1023 360 1111 416 ditur.
1128 361 1204 418 Bene
1218 367 1316 418 autum
1331 363 1385 419 lob
1400 367 1467 436 post
1481 362 1595 438 flagella
1614 364 1708 420 vivere
1724 363 1841 418 dicitur.

141 460 208 500 rum
219 444 257 500 ud
271 444 381 503 loutern
396 446 460 502 vite
476 448 573 505 scrius
587 449 786 506 inardescunt.
1020 451 1089 523 quia
1105 449 1233 508 Ecclesia
1248 451 1329 524 prius
1345 451 1458 525 flagello
1483 452 1643 527 discipline
1669 453 1841 527 percutitur,

427 535 466 592 lo
482 536 629 611 uaprlu.
646 539 690 594 15.
1020 545 1049 595 ct
1077 539 1265 611 postmodum
1293 539 1358 596 vitas
1381 540 1556 614 porrectione
1584 543 1745 598 roboratur.
1775 541 1843 605 Qum

177 621 360 696 nemereus
371 629 451 697 pater
472 641 538 683 mus
561 627 747 684 hereditatem
771 629 845 683 iuter
866 629 968 698 [ratres
1021 627 1109 682 etiem
1127 627 1202 683 lilios
1217 644 1298 697 snos,
1317 631 1345 684 et
1360 628 1435 685 filius
1460 628 1588 685 liliorum
1614 647 1734 686 suorum
1750 643 1844 700 usque

142 711 275 782 ipsumam.
303 713 377 786 Ergo
401 729 436 770 ex
459 716 653 788 perlectorum
684 732 805 773 numeru
829 715 966 789 speciosas
1021 715 1056 770 od
1070 719 1204 788 quartum
1216 717 1431 787 generationem
1441 718 1843 790 conspicit:quiahncaetatc,

143 807 355 857 memorantur.
386 803 458 877 lpse
481 803 569 862 etiem
593 822 628 862 ex
648 804 883 879 imperfectorum
900 812 966 878 typo
1021 819 1084 874 queo
1098 803 1235 860 annuist
1258 807 1439 877 temporibus
1457 804 1583 863 volvitur
1598 823 1691 880 usque
1706 806 1845 862 adfinem

141 887 222 945 velut
236 888 359 946 infirme
380 896 493 949 mentes
516 893 714 952 hereditatem
740 894 898 966 accipiunt.
914 895 967 951 Sc·
1022 891 1135 960 mundi,
1153 909 1203 965 per
1218 909 1269 948 ora
1283 894 1504 966 predicantium
1521 898 1675 951 nascentes
1690 894 1746 951 sibi
1762 894 1845 950 scho-

142 992 223 1034 rores
244 994 314 1053 ergo
339 997 406 1036 cum
431 982 574 1039 iratribus
599 984 636 1039 ed
657 983 852 1040 hereditatem
868 1000 965 1056 pervc-
1021 981 1063 1037 les
1092 980 1313 1052 contempletur.
1343 983 1427 1040 Videt
1452 982 1579 1040 filiorum
1609 982 1695 1051 filios,
1724 999 1791 1038 cum
1808 982 1844 1038 eb

142 1066 246 1124 niunt:
264 1069 333 1141 quia
346 1069 457 1126 inllrmi
472 1071 508 1128 ad
535 1072 664 1129 coelestia
686 1089 754 1128 cum
774 1073 900 1128 fortibus
916 1073 968 1128 ad·
1021 1069 1131 1126 eisdem
1147 1070 1183 1126 ed
1199 1070 1288 1126 finem
1302 1071 1382 1145 gigni
1397 1076 1427 1128 at
1437 1071 1508 1128 alios
1523 1072 1664 1145 agnoscit.
1678 1071 1745 1136 Quae
1758 1085 1845 1127 senex

143 1155 313 1213 mittuntur.
330 1160 503 1216 licitatorem
518 1160 565 1216 iob
578 1168 638 1232 post
653 1161 719 1220 lraec.
740 1163 842 1217 Vacuus
857 1161 967 1217 alierum
1022 1163 1050 1214 et
1064 1158 1151 1231 plena
1164 1159 1277 1215 dierum
1295 1160 1418 1216 moritur
1431 1176 1438 1216 ε
1451 1160 1519 1234 quie
1529 1161 1726 1234 subsequente
1736 1157 1800 1216 luce
1810 1175 1845 1216 ex

142 1249 197 1317 est,
214 1246 264 1320 qui
289 1250 317 1302 et
340 1246 501 1321 quemlibet
516 1248 642 1308 multum
669 1250 783 1320 vixerit,
798 1250 892 1307 statis
907 1267 967 1307 suas
1022 1247 1155 1304 mercede
1174 1248 1411 1321 quotidianorum
1435 1266 1567 1322 operum,
1590 1249 1722 1322 deposito
1748 1265 1846 1305 corru-

142 1338 276 1407 tempora
298 1334 470 1392 inveritate
491 1339 695 1412 consumpsit,
712 1352 740 1395 et
755 1343 856 1396 contra
868 1340 967 1411 plenus
1022 1336 1131 1409 ptiouis
1147 1337 1283 1410 pondere,
1301 1338 1335 1394 ad
1351 1338 1599 1412 incorruptionem
1614 1337 1777 1411 spiritualia
1792 1354 1844 1411 pa-

141 1422 251 1480 uerum
266 1423 383 1500 dicitur,
400 1425 448 1481 cui
463 1442 649 1499 nequaquam
675 1427 738 1484 dios
758 1428 803 1484 sui
820 1428 967 1500 pereundo
1021 1425 1085 1481 trias
1100 1430 1239 1482 mutatur.
1257 1425 1344 1482 Plena
1358 1426 1471 1484 dierum
1495 1428 1629 1494 moritur,
1649 1427 1697 1484 cui
1713 1427 1844 1486 labentes

140 1515 303 1580 transeunt,
329 1513 378 1569 sed
403 1530 437 1568 ex
453 1515 624 1586 quoti‘liuna
640 1518 773 1573 mercede
790 1518 858 1573 boni
872 1516 968 1589 operis
1022 1515 1092 1571 anni
1107 1531 1164 1570 nan
1180 1519 1344 1581 transcunt,
1360 1517 1410 1572 sed
1426 1516 1567 1572 stantium
1584 1523 1704 1572 actuum
1719 1515 1845 1573 retribu-

142 1601 219 1674 epud
230 1601 347 1673 justum
365 1602 510 1674 judicem,
531 1609 560 1660 et
576 1609 731 1678 postquam
744 1606 882 1662 transacti
899 1609 969 1662 sunt
1022 1603 1101 1660 tiano
1115 1602 1289 1660 solidentur.
1308 1604 1396 1660 Plena
1420 1605 1534 1661 dicrum
1551 1605 1684 1674 moritur,
1709 1606 1780 1678 quia
1794 1621 1846 1678 per

140 1689 186 1744 vel
201 1688 320 1759 luerint,
336 1697 531 1749 reservantur.
546 1693 578 1748 In
595 1699 663 1767 typo
675 1677 823 1763 Ecclesie,
836 1695 861 1750 si
872 1695 903 1749 lt
917 1710 969 1766 per
1022 1691 1084 1746 haec
1099 1693 1283 1748 transcuntia
1297 1696 1429 1765 tempore
1438 1693 1568 1766 id,·quod
1581 1711 1638 1750 nou
1651 1693 1767 1764 transit,
1780 1710 1847 1765 ope·

114 1771 295 1835 ¹derrerium
311 1779 459 1849 ducimus,
474 1782 510 1837 ad
527 1781 719 1839 centesimum
736 1789 765 1839 et
780 1783 968 1858 quadragesi·
1023 1786 1114 1837 ratur.
1140 1812 1173 1822 -
1198 1781 1257 1838 Usu
1291 1783 1395 1838 veteris
1425 1782 1489 1837 vitus
1515 1782 1627 1838 lemiuae
1653 1782 1728 1837 iuter
1751 1797 1846 1837 meres

141 1883 223 1923 mum
239 1885 396 1926 numerum
412 1869 609 1943 pervenimus.
633 1873 667 1927 Et
692 1876 768 1928 reete
792 1871 927 1928 Ecclesiae
941 1875 969 1930 et
1023 1869 1220 1927 hereditatem
1234 1887 1290 1926 non
1302 1871 1429 1926 habent:
1448 1871 1517 1943 quin
1527 1870 1600 1944 legis
1611 1869 1749 1928 severitas
1761 1868 1848 1926 fortia

141 1953 336 2029 multiplicata
353 1959 386 2012 lu
401 1963 429 2014 ct
444 1959 458 2014 l
476 1965 661 2033 computatur
676 1962 683 1996 ¹
699 1980 707 2016 ε
723 1960 793 2034 quia
809 1964 968 2033 utrumque
1023 1958 1143 2031 eligens
1160 1959 1279 2015 infirma
1291 1965 1492 2031 contemnens,
1517 1960 1651 2016 districta
1664 1961 1762 2033 potius
1782 1963 1845 2016 stu·

141 2047 350 2101 testamcutum
380 2048 558 2115 custodiens,
584 2057 610 2105 el
628 2053 689 2106 tem
705 2049 867 2106 secuudum
884 2049 967 2122 Legis
1023 2047 1096 2114 duit,
1122 2065 1210 2120 quam
1235 2049 1363 2120 benigne
1378 2049 1501 2104 sancire.
1517 2049 1571 2104 Sed
1589 2049 1637 2120 piu
1652 2048 1846 2120 Redemptum

141 2132 325 2206 decalogum,
343 2151 431 2208 quem
448 2137 610 2193 secundum
627 2138 774 2211 Evangelii
791 2142 918 2211 quatuor
932 2137 967 2193 li·
1021 2137 1164 2203 veniente,
1179 2141 1207 2192 et
1221 2136 1357 2192 infirmus
1372 2153 1438 2192 cum
1458 2136 1592 2208 perlectis
1607 2137 1642 2191 ad
1658 2152 1780 2208 regnum
1796 2153 1845 2194 es·

141 2221 212 2279 bros
225 2223 337 2293 vivens,
364 2241 456 2297 usque
478 2226 513 2282 ad
529 2225 714 2299 perlectisnis
735 2226 851 2283 culmen
866 2232 968 2284 exten·
1023 2225 1161 2282 sumitur.

178 2351 188 2384 ²
206 2348 273 2422 Legi
289 2348 352 2405 vult
366 2350 461 2408 editor
475 2350 655 2425 Lipsiensis:
673 2350 853 2410 cccccccccc
868 2353 1059 2425 multiplicato.

1086 2523 1154 2530 ⁴-

1080 2543 1084 2547 .
1093 2540 1154 2548 —.-

840 2650 1143 2802 uiscatos

518 2887 550 2948 E
551 2897 672 2970 ccerpto
687 2908 724 2951 ec
738 2889 830 2951 curiis
841 2887 964 2970 popinis
992 2885 1123 2968 ejsudem
1145 2886 1252 2950 cadr'cis
1266 2887 1472 2969 manuscripti.

183 3176 249 3248 Pap.
264 3177 291 3232 3.
316 3176 398 3234 Sicut
420 3193 522 3235 omues
541 3180 626 3250 justi,
652 3179 692 3234 ite
713 3180 779 3246 Job,
804 3196 862 3237 non
882 3181 1006 3250 modoc
1026 3181 1199 3248 retinent,in
1212 3181 1442 3252 quamaucntes,
1455 3177 1541 3234 malis
1551 3176 1738 3233 sermonibus
1749 3190 1848 3247 specu-

145 3264 254 3330 verbis,
276 3266 327 3321 sod
344 3267 444 3338 rebus,
463 3266 611 3324 Christum
637 3268 823 3342 presignavit
836 3271 856 3338 ¹,
874 3273 907 3324 ut
920 3285 972 3342 per
1026 3270 1154 3326 lantibus
1170 3273 1284 3326 nocent.
1299 3268 1354 3323 Sed
1371 3269 1441 3340 quia
1455 3271 1483 3322 et
1497 3267 1551 3338 ipsi
1575 3266 1734 3338 aliquando
1748 3265 1784 3320 ud
1796 3265 1847 3320 Ec·

146 3353 313 3426 passionem
331 3371 488 3426 passurum
505 3356 640 3413 ostendet
653 3356 812 3428 Christum,
830 3357 857 3413 id
871 3363 916 3414 est
928 3375 972 3413 ca·
1025 3359 1143 3415 clesiom
1155 3359 1287 3425 redeunt,
1299 3357 1360 3412 hec
1370 3372 1513 3412 annorum
1525 3357 1536 3391 ⁶
1546 3353 1741 3412 reconciliatio
1752 3358 1848 3411 osteu-

144 3445 200 3513 put
213 3457 281 3497 cum
297 3457 426 3516 corpore,
438 3446 517 3517 quod
534 3445 663 3503 Ecclesia
677 3451 731 3503 cst.
746 3445 972 3518 Uxorejuscar-
1026 3447 1080 3508 dit.
1097 3463 1147 3518 pro
1163 3446 1272 3518 quibus
1286 3446 1341 3501 lob
1357 3450 1438 3501 orat:
1456 3445 1527 3516 qvvia
1541 3443 1741 3500 hereticorum
1758 3443 1848 3498 sucri-

146 3527 229 3586 nales
245 3530 401 3604 significat,
414 3535 551 3604 quiintrs
562 3534 731 3607 Ecclesiam,
744 3553 801 3608 quo
816 3551 866 3607 per
884 3535 972 3590 fidem
1026 3535 1092 3589 licia
1107 3534 1164 3589 Deo
1180 3550 1237 3589 non
1253 3539 1321 3589 suut
1338 3537 1465 3604 accepts,
1486 3532 1542 3586 nisi
1560 3532 1699 3588 manibus
1714 3530 1848 3586 Ecclesie

144 3617 268 3692 propius
283 3621 475 3689 suut,durius
491 3621 520 3679 in
532 3623 804 3694 vitapremunturi.
816 3623 907 3680 Amici
918 3623 972 3680 Job
1027 3621 1133 3678 oblata.
1150 3626 1265 3694 Septem
1281 3621 1377 3693 procis
1393 3619 1536 3675 sacrillcie
1555 3619 1718 3674 atteruntur
1731 3619 1751 3685 ⁵,
1768 3617 1849 3689 quie,

144 3705 310 3776 haereticos,
326 3709 377 3782 qui
392 3711 489 3783 specie
513 3712 696 3784 consulendi,
713 3713 846 3787 decipere
859 3713 972 3782 volunt,
1028 3710 1306 3783 dumseptilormem
1317 3708 1458 3780 Spiritum
1471 3706 1627 3779 accipiunt,
1642 3706 1727 3779 quusi
1737 3711 1850 3778 septem

145 3801 176 3852 et
185 3796 258 3854 dum
268 3799 352 3870 quasi
366 3815 418 3872 pro
428 3799 552 3858 Domino
566 3801 736 3875 loquuntur,
746 3802 860 3859 veritati
871 3803 973 3858 adver·
1029 3797 1226 3855 oblationibus
1248 3796 1411 3870 expientur.
1440 3795 1529 3852 Tauri
1554 3799 1582 3852 et
1605 3795 1711 3850 arietes
1734 3810 1786 3865 pro
1810 3793 1853 3849 eis

148 3890 263 3942 santur.
280 3887 456 3957 Job,dolcus
480 3889 596 3959 dicitur,
613 3908 670 3964 quo
686 3893 784 3964 passio
796 3890 913 3962 Christi,
929 3890 975 3946 vel
1030 3886 1119 3944 oblati
1148 3890 1227 3942 sunt.
1250 3887 1280 3941 ln
1306 3889 1389 3940 tnuru
1419 3885 1514 3940 cervix
1537 3884 1680 3956 superbias
1701 3884 1851 3956 signatur:

144 3973 231 4030 labor
253 3974 388 4032 Ecclesiae
411 3977 593 4051 exprimitur.
626 3979 754 4053 Eliphsz,
783 3980 888 4036 domini
909 3995 975 4034 coc-
1030 3977 1059 4031 in
1080 3975 1169 4030 ariete
1191 3974 1315 4030 ducatus
1340 3973 1447 4046 gregis,
1474 3974 1545 4046 quin
1570 3971 1853 4046 persupcrbtemab

143 4066 264 4133 teruptua
275 4063 304 4132 ³3
322 4064 351 4120 id
376 4069 431 4138 est,
455 4066 592 4139 heretici,
609 4069 670 4141 qui,
692 4069 762 4124 dum
779 4067 853 4124 lelsa
867 4069 903 4124 de
917 4068 975 4124 Deo
1030 4063 1159 4120 Ecclesia
1174 4063 1346 4131 resilientes,
1363 4068 1430 4134 post
1445 4079 1476 4118 se
1491 4063 1625 4118 infirmos
1640 4077 1742 4134 greges
1758 4060 1854 4117 trahe·

142 4151 291 4217 sentiunt,
318 4169 385 4210 eum
412 4156 609 4228 superbiendo
632 4161 832 4214 contemnunt.
856 4156 975 4226 Baldud,
1031 4153 1113 4210 hant.

147 4247 279 4310 cetratus,
296 4241 324 4297 id
341 4245 468 4313 estsoto,
484 4245 625 4317 quianon
647 4245 808 4302 intentione
823 4247 909 4317 bons,
926 4246 976 4302 sad
1067 4243 1133 4314 Pap.
1163 4243 1225 4298 lii.
1251 4241 1444 4313 sardonychus
1470 4245 1553 4296 terrae
1575 4239 1670 4296 rubrae
1686 4237 1855 4294 similitudi-

147 4328 281 4401 eppetitu
296 4329 394 4402 glorie
419 4331 599 4405 loquuntur:
622 4333 723 4401 idest,
754 4351 811 4391 nou
827 4334 888 4390 zelo
913 4335 979 4391 novi
1033 4349 1101 4388 nem
1117 4337 1214 4387 tenet:
1231 4331 1377 4402 sapphirus
1390 4329 1499 4386 aeriam
1514 4332 1594 4385 tenet
1611 4327 1746 4401 speciem.

150 4414 294 4488 hominis,
310 4420 360 4475 sed
374 4421 516 4492 parvitate
540 4422 605 4478 vite
625 4424 739 4480 veteris.
756 4423 879 4497 Saphar,
894 4424 978 4480 disci·
1069 4421 1138 4489 Pop.
1164 4417 1225 4474 148.
1251 4417 1284 4473 El
1307 4419 1433 4490 wodeton
1458 4415 1611 4488 AElhiopia‚
1639 4432 1690 4487 pm
1718 4431 1762 4481 0⁰,
1778 4413 1857 4486 quod

144 4507 224 4578 potio
248 4509 363 4579 specuts
377 4508 420 4566 vel
435 4512 632 4584 speculatorem
645 4513 794 4584 dissipans,
807 4512 875 4586 quia
888 4513 978 4569 haere-
994 4547 1018 4612 D
1034 4508 1113 4565 omni
1138 4506 1234 4564 colore
1259 4506 1423 4580 resplendet
1436 4507 1458 4574 ⁶,
1482 4505 1609 4578 topazion
1631 4503 1714 4577 quasi
1731 4503 1859 4576 topadion

146 4592 978 4675 ticimentessupernacontemplnuteeverbispervertere
1033 4603 1165 4655 vocatur.

147 4686 303 4756 appetunt,
320 4683 539 4745 Contemnendo
552 4705 621 4762 ergo
639 4687 731 4747 Deum
744 4691 773 4746 in
789 4694 933 4747 vetustate
947 4705 978 4746 se
1070 4692 1135 4758 Pap.
1154 4686 1213 4742 150.
1232 4685 1293 4741 llos
1308 4689 1438 4741 veterum
1456 4683 1513 4738 luit
1538 4687 1571 4738 ut
1586 4682 1715 4738 seniores
1729 4680 1759 4735 in
1775 4683 1859 4752 porta

186 4827 194 4860 ¹
212 4824 347 4884 Proxime
372 4831 508 4957 superius
529 4831 609 4888 edita
633 4831 812 4889 interlinear.
834 4831 980 4959 Ergasitio
1071 4828 1238 4886 ‘Rescribil
1253 4827 1396 4900 lipsiens.
1414 4827 1517 4894 editor,
1535 4826 1698 4880 amicorum.

146 4895 483 5072 iipsiissifiriiiginsn.
501 4995 516 5024 c
1036 4987 1087 5044 per
1102 4987 1175 5044 quos
1191 4977 1220 5026 et
1229 4971 1315 5040 juxta
1333 4969 1514 5051 interliueer.
1530 4968 1670 5094 Exgosit,
1687 4966 1859 5037 septiformis

144 5095 149 5102 ·
194 5043 457 5180 cllttllttlt
481 5045 626 5172 popei:
639 5046 904 5172 „titillavit
917 5046 981 5173 tl?
1034 5041 1368 5170 llllttttlutti
1385 5037 1860 5182 tttllltutlttltltttt

148 5109 228 5261 (⁸15ng
243 5182 331 5252 positi
346 5133 649 5272 vtumysiiiituaiiuiri
662 5133 798 5244 m’uribus¹
820 5133 980 5270 siissiui-
1035 5185 1155 5258 scripsit
1183 5190 1293 5269 srrrtor,
1324 5180 1546 5268 supplendeque
1576 5183 1620 5236 est
1648 5197 1702 5236 vox
1732 5125 1858 5236 lviiisic:

147 5249 386 5450 cuipter
414 5279 429 5309 “
639 5259 763 5332 mm,
779 5258 979 5316 hrivum
1034 5253 1503 5398 ressuscitato
1600 5339 1664 5396 cp.
1733 5322 1857 5392 ,opi

187 5391 199 5429 ⁸
235 5397 305 5522 ‘759⁰
322 5402 371 5482 ita·
390 5399 524 5529 videm·
538 5400 643 5458 llieron
667 5401 697 5457 in
715 5402 897 5469 Onomastico,
912 5415 978 5474 sup.
1034 5397 1099 5455 zion
1115 5415 1149 5454 ex
1163 5397 1267 5456 virenti
1281 5412 1387 5473 genere
1402 5401 1455 5470 est,
1467 5409 1607 5471 emurque
1619 5393 1715 5452 colore
1732 5391 1859 5466 resplen-

145 5462 882 5620 cttiuutrartuutcrla,ltu
1034 5470 1117 5528 lu·
1137 5491 1150 5522 ”

426 4902 463 4957 ub
487 4903 583 4960 verbis
605 4909 634 4960 ct
659 4904 844 4977 passionibus
891 4904 975 4961 bristi
1071 4903 1210 4972 ‘Septem
1227 4899 1291 4955 Jubi
1318 4898 1392 4954 lilios
1415 4896 1545 4953 denotari
1566 4895 1613 4951 hic
1632 4894 1730 4951 nullus
1745 4892 1858 4961 dubito,
