4066 6162
166 319 219 404 ter
773 311 1133 408 eorumeorurn
1153 310 1232 405 na'
1250 339 1290 405 n.
1804 287 1870 422 ‘ica

168 475 321 534 falsatione
335 473 372 533 ab
388 471 545 547 hereticis,
559 474 771 550 apostolorum,
795 481 824 532 et
839 477 993 548 utriusque
1006 482 1033 548 Α
1048 475 1166 532 chaale:
1195 495 1206 524 ι
1232 477 1364 550 Increpet
1383 477 1436 532 tibi
1457 475 1610 551 Dominus,
1633 482 1777 560 diabolep.
1799 515 1814 543 »
1833 496 1869 562 ¹et

167 563 333 634 Clementis,
351 569 440 638 atque
454 563 598 639 Dionysii,
619 565 698 622 uenit
721 566 757 622 nd
783 564 948 638 origenem,
964 568 993 620 et
1046 565 1185 621 Zacharia
1200 563 1354 622 similiter:
1368 587 1382 616 c
1395 567 1496 624 Utrum
1507 567 1647 643 increpet,
1658 591 1694 630 an
1706 595 1763 635 non
1775 579 1868 639 incre-

168 653 325 710 bisuerbis
340 652 492 727 loquitur.
511 675 524 704 ιι
540 654 637 728 Ipsius
661 654 716 711 boc
739 654 945 727 conquerentis
965 655 994 708 et
1047 657 1096 724 pet
1110 653 1187 709 Deus
1213 653 1374 725 diabolum,
1399 655 1461 728 ipse
1484 657 1597 715 viderit.
1622 662 1656 717 Et
1679 665 1704 720 si
1728 667 1868 743 increpat,

169 741 346 816 deplorantis
361 743 481 816 scriptis
504 759 538 800 ao
562 743 682 800 vocibus
704 742 901 816 probavimus.
917 741 992 806 Quid
1047 742 1194 813 quomodo
1210 741 1349 815 increpet,
1366 743 1428 816 ipse
1443 753 1594 818 agnoscat,
1613 770 1623 800 r
1647 751 1681 807 ut
1696 761 1761 825 post
1776 758 1870 816 multe

172 830 520 904 enimipsecumadbuc
544 832 573 887 in
598 847 684 888 carne
709 833 834 900 vivens¹,
850 829 992 895 sentiens,
1047 846 1111 901 quae
1141 830 1285 902 prolixum
1314 836 1360 888 est
1392 833 1530 904 scribere,
1561 837 1660 896 addit:
1687 864 1701 892 «
1737 844 1795 902 Nos
1813 845 1868 903 1100

174 920 326 992 vidensque
340 936 499 994 perpessus
520 919 559 977 sit
581 921 617 977 dc
640 920 783 978 librorum
810 935 931 976 suorum
947 917 992 973 vel
1047 919 1193 975 sentimus
1210 919 1286 992 quod
1303 919 1456 990 ejicientur
1470 922 1505 978 de
1527 941 1617 998 regno
1643 929 1794 1000 coelorum,
1811 950 1870 991 nou

175 1023 339 1066 sermonum
355 1009 605 1082 corruptionibus,
622 1008 666 1065 vel
690 1008 864 1066 adulterinis
887 1006 992 1064 editio·
1047 1006 1142 1063 solum
1182 1008 1232 1079 qui
1265 1008 1389 1082 grandia
1417 1020 1621 1082 peccaverunt,
1649 1019 1729 1074 verbi
1762 1023 1868 1095 gratia,

171 1097 263 1166 nibus,
279 1098 426 1170 exipsius
441 1097 566 1171 epistola
581 1115 668 1172 quarn
686 1097 787 1154 scribit
797 1097 833 1154 ad
847 1095 992 1169 quosdam
1048 1095 1247 1165 fornicatores,
1264 1101 1292 1152 et
1306 1097 1441 1166 adulteri,
1458 1105 1486 1154 ct
1511 1101 1709 1164 masculorum
1732 1112 1870 1169 concubi·

168 1186 270 1242 charos
298 1202 370 1243 suos
397 1185 616 1256 Alexandriam,
654 1187 803 1243 evidenter
830 1186 992 1242 docetur.»
1046 1189 1135 1252 tores,
1162 1190 1191 1241 et
1213 1186 1303 1252 fures,
1329 1187 1380 1243 sed
1404 1192 1433 1242 et
1456 1190 1506 1260 qui
1531 1191 1646 1249 minora
1668 1196 1868 1272 deliquerunt,

165 1267 331 1347 ‘statimque
354 1275 522 1348 exemplam
541 1275 697 1349 subjungit
720 1273 859 1348 epistole,
879 1278 909 1330 et
928 1289 992 1345 qus
1047 1289 1081 1328 ex
1093 1289 1126 1328 eo
1142 1275 1220 1344 quod
1236 1274 1377 1347 scriptum
1397 1280 1459 1332 est:
1486 1301 1499 1329 ιι
1516 1279 1616 1353 Neque
1639 1282 1758 1352 ebriosi,
1774 1305 1870 1362 neque

162 1363 325 1420 falsitatem
341 1363 519 1437 scriptorum
532 1363 665 1438 origenis
687 1363 831 1420 hereticis
855 1363 991 1434 imputat,
1047 1359 1182 1417 maledici
1197 1379 1332 1435 regnum,
1349 1363 1399 1420 Dei
1414 1365 1650 1443 possidebunt(l.
1663 1371 1774 1444 Cor.v1,
1791 1378 1835 1450 10)
1847 1397 1867 1450 ;.

164 1453 226 1526 ipse
250 1451 395 1525 incipite
421 1451 565 1510 falsitate:
593 1470 652 1510 non
681 1453 723 1509 ita
749 1452 945 1523 interpretans
960 1454 993 1505 ut
1049 1455 1077 1505 ct
1100 1455 1160 1506 tarn
1185 1451 1214 1506 in
1231 1452 1359 1509 bonitate
1389 1469 1478 1525 quam
1508 1455 1538 1511 in
1555 1459 1707 1518 severitate
1735 1463 1786 1521 Dei
1801 1484 1867 1526 esse

164 1541 293 1598 babetur
306 1539 336 1596 in
353 1541 461 1606 Gracc,
478 1557 530 1596 nec
549 1541 579 1596 id
596 1541 708 1598 Latinis
730 1540 896 1608 insinuans,
914 1537 991 1610 quod
1048 1553 1228 1595 mensuram.
1245 1539 1326 1597 Unde
1345 1547 1451 1598 cuncta
1475 1543 1598 1601 nitimur
1620 1564 1705 1621 agere
1728 1553 1868 1612 consilio:

163 1629 225 1703 ipsa
241 1629 274 1684 in
288 1629 354 1686 suis
369 1627 476 1686 litteris
488 1631 651 1702 profitetur.
667 1629 799 1702 Cumque
809 1627 860 1685 illa
870 1626 992 1699 epistota
1046 1626 1075 1682 in
1092 1628 1150 1683 vini
1167 1645 1283 1701 quoque
1297 1634 1378 1701 potu,
1394 1635 1424 1686 et
1437 1631 1466 1687 in
1492 1634 1690 1694 moderatione
1711 1642 1868 1714 sermonis,

163 1722 222 1776 tcta
238 1717 424 1774 Demetrium
438 1717 638 1774 Alexandrina
663 1717 745 1775 urbis
769 1716 937 1790 pontificem
953 1715 993 1773 la·
1047 1720 1080 1770 ut
1094 1716 1168 1771 nulli
1183 1718 1346 1775 audeamus
1361 1719 1544 1779 maledicere.
1569 1723 1645 1798 ldrgo
1667 1743 1733 1784 cum
1749 1736 1869 1804 propter

163 1809 252 1874 reret,
276 1809 308 1863 et
340 1807 371 1862 in
400 1807 491 1864 totius
521 1806 602 1864 orbis
630 1807 784 1880 episcopos
813 1811 843 1863 et
872 1803 992 1862 clericos
1048 1804 1121 1861 tm
1144 1806 1195 1861 Dei
1210 1807 1346 1863 timorem
1363 1825 1516 1866 caveamus
1537 1811 1567 1867 in
1591 1816 1760 1889 quempiam
1776 1820 1868 1878 male·

162 1894 534 1962 invehatur,etfrustraab
545 1894 684 1952 Doclesiis
704 1894 992 1952 excommunicatum
1008 1857 1031 1923 B
1047 1894 1126 1950 dicta
1140 1895 1282 1964 conferre,
1298 1899 1484 1956 recordantes
1498 1898 1580 1958 illius
1605 1903 1686 1973 dicti,
1703 1929 1718 1956 ιι
1734 1907 1796 1963 Non
1814 1909 1870 1966 fuit

164 1999 229 2042 esse
246 1983 382 2050 sadicat,
397 1999 451 2040 neu
464 1982 540 2040 velle
554 1983 585 2039 in
596 1983 761 2042 maledictis
772 1981 992 2051 referrcvicem,
1046 1984 1296 2053 aususJ'ndicium
1320 1985 1427 2044 inferre
1456 1987 1647 2062 blasphemia
1676 1994 1764 2065 (Iuda
1788 1998 1827 2070 9),
1853 2021 1869 2050 n

166 2089 203 2129 nc
217 2071 328 2128 scilicet
342 2071 506 2128 maledicus
529 2071 663 2128 videatur
682 2087 747 2128 csse
772 2071 871 2140 bomo,
896 2069 991 2142 quiin
1047 2072 1124 2144 quod
1138 2073 1246 2128 dicitur
1260 2075 1296 2130 de
1320 2075 1460 2133 liichaele
1483 2083 1584 2135 contra
1607 2080 1778 2154 diabolnm3
1795 2092 1825 2143 ct
1838 2087 1868 2146 in

169 2165 287 2217 tantum
301 2164 402 2216 cautus
415 2159 455 2216 sit
468 2160 505 2216 ad
520 2158 766 2230 maledicendum,
782 2163 862 2216 utne
875 2156 992 2216 diabolo
1047 2160 1104 2216 alio
1119 2158 1182 2218 loco
1197 2179 1203 2218 :
1222 2185 1235 2212 ιι
1250 2161 1469 2221 Dominationes
1486 2167 1605 2239 quidem
1625 2173 1792 2245 reprobant,
1806 2176 1870 2249 glo·

167 2250 287 2323 quidem
315 2250 422 2306 audeat
450 2249 640 2320 maledicere;
681 2249 759 2307 unde
794 2255 823 2306 et
850 2247 990 2316 Candido,
1046 2247 1869 2330 riasuutemblasphemant(fbid.ltt);·quidamcorum

162 2336 364 2396 Valentiniani
387 2336 534 2410 dogmatis
560 2338 706 2407 sectatori,
733 2337 934 2395 calumniandi
961 2353 993 2393 se
1046 2337 1097 2406 qui
1112 2335 1237 2393 libenter
1251 2341 1452 2398 contentiones
1467 2344 1625 2415 reperiunt,
1650 2341 1869 2409 ascribuntno-

161 2428 350 2485 occasionem
366 2426 443 2483 MD
459 2426 583 2494 dederit,
604 2427 681 2499 quod
707 2425 858 2484 diabolum
882 2424 993 2482 salvun-
1046 2423 1135 2482 biset
1159 2430 1266 2482 nostra
1292 2427 1431 2484 doctrina
1455 2428 1682 2504 blasphemiam,
1708 2453 1870 2512 superque

160 2517 201 2574 dae
215 2515 328 2573 dixerit
342 2531 407 2572 osse
421 2515 612 2572 naturae:bic
623 2514 808 2572 dissimulato
819 2517 991 2588 argumento
1046 2512 1102 2585 ipsi
1133 2513 1268 2583 viderint,
1300 2518 1448 2588 quomodo
1477 2518 1549 2576 illud
1574 2523 1714 2580 audiant:
1741 2527 1869 2602 «Neque

159 2604 305 2678 epistolae,
322 2603 474 2678 fingitpro
489 2603 623 2677 Origene,
648 2605 726 2678 quod
750 2603 800 2660 illc
823 2620 881 2659 non
897 2602 991 2675 loqui·
1046 2601 1164 2670 ebriosi,
1181 2620 1275 2676 neque
1295 2604 1430 2662 maledici
1454 2623 1577 2681 regnum
1602 2609 1652 2668 Dei
1676 2614 1870 2686 possidebunt

160 2698 215 2751 tur.
249 2693 337 2750 Unde
361 2691 490 2765 epistole
517 2693 611 2766 ipsius
634 2698 748 2766 partem
773 2689 927 2766 paululum
958 2706 993 2746 ex
1045 2690 1144 2758 (icor.
1160 2709 1199 2756 vr,
1215 2693 1281 2761 10);
1299 2717 1314 2742 n
1338 2693 1406 2750 iicet
1430 2700 1543 2767 patrem
1570 2700 1687 2757 malitis
1714 2708 1743 2760 at
1769 2708 1868 2778 perdi.

160 2781 371 2858 superioribus
393 2782 544 2853 transtuli,
566 2786 594 2838 et
614 2782 767 2854 bisJunxi,
788 2798 852 2854 quas
876 2779 991 2853 abipso
1046 2778 1134 2836 tionis
1150 2795 1263 2852 eorum,
1279 2781 1328 2854 qui
1343 2783 1379 2838 de
1394 2799 1483 2856 regno
1504 2784 1555 2841 Dei
1579 2788 1743 2859 ejicientur,
1769 2794 1869 2854 dicant

160 2871 341 2930 commatice
356 2869 514 2942 doloseque
529 2870 672 2927 translata
683 2873 764 2937 sunt,
780 2874 881 2942 atquo
895 2867 991 2924 consi·
1046 2883 1132 2940 posse
1151 2867 1268 2936 salvari,
1285 2871 1361 2942 quod
1378 2888 1414 2928 nc
1429 2877 1526 2930 mente
1545 2876 1663 2948 quidem
1680 2881 1748 2951 quis
1762 2889 1867 2956 captus

160 2959 198 3018 lio
211 2959 375 3034 superiora
393 2959 529 3028 tacuerit,
549 2959 612 3032 ipss
639 2959 728 3017 lector
751 2962 900 3032 agnoscat.
917 2961 992 3013 Con·
1047 2956 1142 3013 dicere
1156 2961 1260 3029 potest.
1279 2981 1293 3008 ι»
1309 2957 1416 3016 Cetera
1431 2961 1550 3034 quidem
1565 2981 1599 3020 ex
1615 2966 1716 3024 eadem
1743 2971 1868 3043 epistola

160 3055 206 3108 trs
219 3049 395 3107 sacerdotes
410 3063 478 3122 ergo
494 3047 626 3105 Ecclesiae
637 3047 813 3122 generaliter
824 3048 990 3120 disputans,
1046 3045 1196 3102 transtulit
1214 3063 1267 3119 pro
1282 3047 1347 3116 hoc,
1363 3050 1440 3120 quod
1462 3049 1492 3106 in
1518 3053 1575 3109 fune
1598 3055 1755 3115 verborum
1770 3059 1869 3136 Orige-

161 3139 306 3212 aquibus
320 3137 464 3211 indignus
488 3138 694 3194 communione
717 3138 782 3210 ejus
803 3137 898 3192 fuerat
912 3135 992 3207 judi·
1046 3135 1093 3191 nis
1109 3135 1290 3208 interpretati
1305 3153 1421 3194 sumus.
1438 3162 1451 3189 ιι
1473 3141 1547 3214 Ergo
1562 3157 1630 3199 cum
1646 3153 1765 3219 propter
1779 3151 1867 3208 tinno-

162 3233 258 3300 catns,
274 3227 340 3282 baec
354 3225 475 3282 intulit:
491 3249 506 3278 ιι
522 3225 596 3291 Quid
613 3241 731 3283 necessa
746 3229 791 3282 cst
810 3224 845 3281 de
865 3220 1027 3297 prophe-C
1046 3239 1108 3278 rem
1123 3221 1172 3280 Dei
1198 3241 1351 3282 caveamus
1375 3227 1404 3282 in
1429 3230 1597 3302 quempiam
1621 3231 1777 3292 maledieta
1796 3253 1868 3296 con·
1953 3239 1956 3246 ’

162 3321 263 3372 tarum
285 3313 476 3372 sermonibus
499 3313 604 3382 dicere,
629 3313 737 3387 quibus
764 3313 991 3387 saepissimspa·
1047 3311 1161 3380 ferre,»
1183 3317 1212 3368 et
1248 3313 1377 3387 reliqua:
1402 3317 1458 3394 ists
1481 3317 1687 3378 fraudulenter
1705 3329 1868 3399 amputatis

165 3405 308 3472 storibuS,
334 3409 365 3460 et
388 3403 552 3474 majoribus
577 3407 659 3470 natu,
683 3407 712 3460 et
730 3401 942 3470 sacerdotibus,
959 3415 993 3457 ac
1047 3399 1259 3473 superioribus,
1284 3420 1319 3459 ex
1342 3405 1451 3476 quibus
1474 3406 1613 3465 inferiora
1635 3411 1811 3486 dependent,
1826 3419 1869 3475 sic

165 3492 353 3564 principibus
366 3491 468 3565 populi
483 3491 702 3549 comminantur
725 3495 755 3547 et
777 3495 905 3564 arguunt
920 3489 993 3546 eost
1048 3489 1135 3561 coepit
1167 3491 1325 3548 transferre
1354 3493 1519 3566 epistolam,
1561 3500 1647 3570 quasi
1684 3501 1739 3559 boc
1779 3521 1869 3564 sensu

171 3581 243 3644 Dure
267 3581 373 3653 absque
393 3579 480 3637 nobis
504 3580 541 3638 dc
569 3580 680 3638 sanctis
708 3577 867 3652 scripturis
889 3577 994 3635 elicere
1048 3578 1184 3650 superius
1199 3584 1278 3636 esset
1292 3582 1472 3649 exordiunt’,
1488 3588 1517 3640 et
1530 3586 1616 3642 aitz«
1630 3589 1753 3654 Quijam
1767 3609 1870 3650 popum

173 3667 310 3740 potestis,
334 3673 362 3724 et
380 3668 491 3743 liquido
513 3668 671 3742 pervidere,
696 3667 773 3742 quod
798 3666 920 3724 forsitan
939 3667 995 3724 boc
1048 3666 1100 3738 qui
1127 3665 1253 3724 libenter
1284 3667 1393 3726 habent
1427 3671 1576 3729 criminari
1614 3677 1763 3748 proximos
1790 3697 1873 3755 suos,

169 3763 290 3830 tempus
305 3756 351 3824 sit,
366 3758 402 3814 de
417 3774 475 3833 quo
490 3757 617 3814 dicitur:
645 3779 659 3808 ιι
674 3756 768 3812 Nolite
790 3756 907 3812 credere
921 3755 995 3812 ami·
1050 3753 1202 3811 ascribunt
1224 3755 1310 3813 nobis
1333 3762 1363 3814 et
1387 3758 1525 3815 doctrinae
1554 3766 1659 3819 nostra
1683 3764 1794 3825 crimen
1809 3769 1874 3826 bla-

165 3847 223 3916 cis,
240 3864 294 3904 nec
308 3847 433 3921 speretis
449 3847 479 3904 in
496 3845 680 3921 principibus
695 3845 785 3918 (ilict.
806 3862 856 3914 vn,
873 3845 921 3914 5);
938 3867 951 3896 u
968 3849 997 3901 et
1050 3842 1200 3915 sphemia,
1212 3846 1414 3916 quodanobis
1425 3864 1572 3921 nusquam
1582 3853 1755 3912 audierunt:
1768 3858 1805 3916 dc
1815 3876 1874 3932 quo

163 3951 247 3994 nunc
270 3936 431 4009 impleatur
454 3934 643 3993 vaticinium:
670 3957 684 3985 ιι
702 3937 794 3991 Duces
818 3930 918 4006 populi
939 3931 996 3988 mei
1049 3930 1106 4004 ipsi
1122 3930 1256 4002 viderint,
1278 3934 1409 3992 nolentes
1432 3938 1585 3996 observare
1609 3945 1782 4003 mandatum
1799 3949 1874 4006 illud

162 4041 212 4083 mc
226 4025 414 4092 nescierunt,
430 4023 483 4080 fllii
499 4022 580 4080 stulti
593 4027 673 4090 sunt,
688 4027 717 4080 et
731 4039 790 4079 nou
802 4021 996 4093 suntsapien-
1050 4020 1129 4092 quod
1157 4020 1247 4078 dicit:
1281 4045 1295 4072 ιι
1319 4023 1394 4090 Quia
1421 4025 1557 4084 maledici
1587 4047 1710 4106 regnum
1740 4035 1791 4093 Dei
1815 4055 1874 4096 non

162 4119 218 4172 tes.
236 4114 397 4189 Sapientes
413 4117 494 4184 sunt,
510 4118 543 4170 ut
559 4113 668 4170 faciant
693 4110 782 4178 mala,
808 4112 883 4167 bene
897 4114 995 4168 autem
1050 4109 1262 4181 possidebunt;
1280 4133 1294 4160 ιι
1310 4111 1438 4170 dicentes
1458 4131 1588 4174 asserere
1611 4137 1659 4176 me
1681 4127 1794 4194 patrem
1811 4143 1874 4183 ma·

159 4205 259 4262 tacere
286 4202 563 4278 nesciunttlerem.
595 4219 633 4270 ιν,
661 4202 708 4272 21,
735 4199 802 4272 22);
823 4221 837 4251 u
869 4214 995 4271 quorum
1049 4197 1118 4254 litiae
1145 4203 1174 4256 et
1194 4199 1368 4271 perditionis
1392 4218 1493 4259 eorum
1516 4206 1566 4277 qui
1587 4207 1623 4264 ds
1644 4225 1735 4282 regno
1759 4211 1876 4285 DeieJ'i·

158 4293 261 4368 magis
272 4290 411 4349 misereri
421 4307 510 4363 quam
525 4307 574 4348 eos
589 4289 687 4347 odisse
702 4288 854 4354 debemus,
871 4291 900 4344 et
914 4302 996 4343 orare
1050 4287 1179 4354 ciuntur,
1196 4288 1225 4344 id
1245 4294 1290 4346 est
1311 4288 1472 4360 diabolum,
1499 4307 1565 4349 asse
1585 4293 1779 4354 salvandum:
1795 4300 1874 4372 quod

156 4399 213 4454 pro
228 4381 308 4450 illis,
323 4395 414 4454 quarn
430 4378 473 4436 eis
489 4378 672 4435 maledicere.
696 4378 736 4434 ld
763 4375 995 4433 benedicendum
1051 4393 1087 4433 ne
1102 4377 1209 4450 aliquis
1224 4379 1343 4450 quidem
1359 4385 1456 4437 mente
1472 4385 1569 4438 motus
1583 4387 1612 4439 ot
1629 4385 1784 4444 manifeste
1798 4388 1877 4445 insa-

154 4470 252 4538 enim,
284 4473 318 4527 st
345 4485 403 4526 nou
434 4469 470 4525 ad
500 4467 735 4525 maledicendum
764 4465 854 4523 creati
879 4481 993 4522 sumus.
1051 4465 1390 4540 niensdicerepotast.·

153 4554 1035 4646 UndeetMicbaelcumadversnsdiabolumdisputaret„
1090 4559 1129 4612 ts.
1155 4555 1287 4626 Dictoque
1311 4558 1428 4615 Condidi
1450 4559 1586 4631 origenis.
1617 4563 1698 4620 Liber
1722 4567 1874 4627 Novotioni

153 4645 745 4721 deffoysicorporanetantoquidem
762 4643 997 4701 matcaususcst
1052 4641 1085 4697 dc
1112 4643 1253 4701 Trinitate.
1282 4677 1317 4686 -
1345 4647 1478 4704 Conferte
1515 4649 1649 4723 origenis
1677 4654 1776 4721 verba,
1810 4670 1874 4727 qua

156 4735 315 4808 iudicium
330 4735 440 4792 inferre
455 4733 655 4808 blasphemia,
672 4733 723 4790 sed
738 4732 850 4789 dixitzc
867 4732 1000 4804 Increpat
1053 4745 1143 4802 supra
1158 4731 1193 4786 ad
1210 4734 1330 4790 verbum
1353 4737 1500 4804 transtuli,
1525 4737 1572 4795 his
1595 4757 1659 4811 qua
1687 4741 1723 4796 ab
1745 4741 1800 4798 isto
1816 4757 1875 4816 nou

159 4821 222 4880 tibi
247 4823 394 4880 Dominus
412 4821 499 4894 (freda
521 4823 562 4896 9).
579 4847 593 4874 n
619 4823 672 4880 Cui
695 4822 766 4895 quid
790 4820 887 4878 simile
908 4820 998 4877 etiam
1052 4835 1136 4874 versa
1151 4825 1231 4886 sunt,
1248 4823 1298 4878 sed
1315 4839 1424 4892 eversa,
1451 4831 1479 4882 et
1503 4831 1645 4899 quantam
1671 4829 1746 4884 inter
1770 4847 1800 4886 se
1816 4847 1875 4889 non

156 4912 190 4969 in
212 4911 360 4970 &charia
375 4909 522 4985 legimus:
537 4933 551 4963 ιι
568 4911 699 4984 Increpet
709 4911 762 4967 tibi
774 4908 997 4976 Dominus,dia-
1053 4906 1149 4964 solum
1164 4910 1331 4980 vorborum,
1347 4913 1398 4968 sod
1421 4919 1450 4968 et
1472 4931 1615 4972 sensuum
1639 4915 1766 4973 habeant
1780 4919 1875 4976 disso-

146 5000 251 5060 bcle:
269 5006 302 5059 et
318 5001 450 5074 increpet
463 4999 607 5058 Dominus
628 5001 658 5057 iu
683 5004 721 5068 te,
738 4999 788 5072 qni
812 4997 999 5071 elegitteru·
1054 4997 1196 5067 nantiam,
1221 4999 1413 5071 perspicietis.
1443 5003 1519 5060 m
1542 5003 1668 5062 Obsecro
1693 5021 1729 5062 nc
1753 5007 1878 5065 molesta

150 5092 258 5152 salam
284 5089 416 5163 (luetur.
440 5107 482 5158 nr,
505 5089 578 5162 2).»
604 5089 705 5161 ltaque
729 5091 759 5144 et
783 5103 838 5144 nos
862 5085 998 5159 cupimus
1054 5090 1092 5146 sit
1119 5089 1200 5146 vobis
1232 5088 1371 5162 prolixior
1406 5091 1617 5164 interpretatio.
1662 5095 1771 5154 Idcirco
1796 5097 1877 5155 enim

152 5178 350 5256 increparis
373 5177 498 5236 Domino
521 5195 572 5236 eos
594 5179 645 5252 qui
670 5177 775 5236 nolunt
798 5193 866 5234 cum
881 5174 998 5232 bumili-
1053 5178 1152 5235 omnia
1167 5179 1319 5243 vertimus,
1335 5183 1436 5252 atquo
1446 5179 1570 5238 consilio
1582 5183 1734 5256 superiora
1744 5188 1877 5255 tacuerit,

150 5277 218 5329 tata
252 5286 273 5328 a
304 5267 449 5342 proximis
478 5268 633 5342 increpari.
664 5268 784 5326 Dicente
817 5271 916 5324 autern
944 5265 998 5322 ldi-
1053 5270 1255 5343 probaremus.
1297 5267 1426 5324 liabctur
1467 5269 1603 5345 dialogus
1642 5275 1719 5346 apud
1764 5275 1878 5334 Grreoos

192 5527 202 5561 ¹
223 5521 265 5578 ln
290 5519 380 5575 rufini
396 5519 585 5586 editionibus,
600 5521 628 5576 in
644 5535 728 5576 corne
748 5523 817 5576 esset
840 5519 947 5576 vicens.
967 5519 998 5576 ln
1089 5517 1259 5575 ¹Victorius
1275 5518 1389 5588 maluit,
1405 5522 1543 5592 qucaibcc
1556 5523 1880 5581 sensucessctexordium

146 5589 462 5654 codicaautcmcolle
484 5591 503 5648 ii
514 5591 638 5650 Romani
648 5592 769 5650 verbum
778 5593 908 5660 sentiens,
920 5593 1000 5666 quod
1053 5592 1083 5650 id
1096 5595 1151 5656 cst.
1165 5591 1250 5666 quasi
1267 5591 1334 5650 iude
1348 5609 1454 5652 sensus
1474 5593 1625 5669 inciperet,
1650 5613 1717 5653 curn
1742 5594 1879 5670 superius

150 5662 380 5758 subsequitur,
395 5679 455 5724 uon
495 5663 608 5726 abatur.
1053 5661 1221 5744 incepisset.
