4054 6168
106 382 161 459 itt
589 397 640 462 ua
663 397 753 464 airu
774 397 825 462 ar
847 395 992 463 uomu-
1009 383 1095 462 noc.
1118 393 1302 462 sasaim.
1737 381 1801 461 ato

136 524 252 585 ltamale
263 521 291 585 ¹:
308 542 360 603 pro
375 543 433 604 quo
447 528 552 604 Aquila
576 531 794 604 intorpretatur,
810 531 919 589 malte-
932 539 961 607 Α
975 530 1143 598 teroboam,
1159 535 1193 588 ut
1215 530 1383 604 Regnorum
1406 531 1507 588 narrat
1532 527 1657 589 historia
1672 531 1723 603 (lll
1734 530 1801 606 ltep.

106 615 193 674 bitur:
211 618 414 691 scriptumest
430 620 459 675 in
483 619 622 676 Zacharia
643 621 712 693 (xiv,
734 621 790 692 to).
806 621 857 677 list
870 637 919 677 au·
973 636 1025 692 xii,
1041 620 1098 691 25),
1115 623 1144 676 et
1157 619 1214 676 sita
1229 625 1274 676 est
1287 621 1318 676 in
1334 620 1444 678 finibus
1458 622 1554 678 tribus
1576 619 1725 693 Ephraim.
1742 621 1806 678 Sed.

105 709 156 764 tam
170 712 197 762 at
212 705 290 763 alius
305 706 388 765 locus
404 708 433 765 in
450 709 537 786 ,tribu
561 709 714 782 Benjamin
734 711 819 781 juxta
833 710 919 766 Beth·
974 706 1096 766 attilius
1111 709 1230 764 llmmcr
1244 708 1449 782 appellabatur
1462 709 1590 777 Sichem,
1607 723 1697 782 aquo
1713 711 1742 766 et
1755 709 1800 767 lo·

105 794 182 864 laem,
197 795 233 852 dc
261 811 319 868 quo
347 795 475 854 dicitur:
505 800 560 856 l'oc
588 801 619 855 in
646 804 733 854 Rama
758 799 855 855 audita
881 802 921 855 est
974 813 1027 854 cus
1043 813 1149 854 nornen
1165 801 1324 870 acceperat.
1344 797 1408 853 Fuit
1422 802 1520 856 autem
1534 801 1563 854 et
1577 795 1668 854 altera
1681 797 1796 856 Sicham

105 884 202 957 (Moab.
221 901 252 953 ii,
268 885 324 958 18).
346 885 392 958 (lit
420 887 457 943 do
485 886 540 943 hoc
566 887 596 943 in
625 886 708 944 libris
724 888 920 944 hebraicarum
974 885 1005 940 in
1020 889 1121 942 monte
1135 885 1285 958 Ephraim,
1301 885 1403 942 civitas
1419 885 1619 958 lugitivorum.

106 973 284 1042 Quaestionum
297 972 414 1045 plenius
427 974 559 1047 dicitur.)
1012 973 1154 1041 Sennaar,
1170 974 1247 1031 unde
1262 974 1317 1030 luit
1331 973 1471 1046 amarlal,
1488 975 1538 1047 qui
1562 976 1701 1034 adversus
1716 992 1800 1050 reges

138 1061 340 1131 Rhinnccrnra,
378 1063 486 1120 civitas'
510 1064 636 1139 AEgypti,
671 1065 757 1135 cujus
786 1065 921 1120 meminit
975 1064 1167 1118 Sodomorum
1181 1061 1293 1119 belluni
1308 1065 1406 1137 gessit.

104 1149 196 1208 laetas.
212 1149 381 1223 (Sciendum
397 1155 507 1222 autem,
532 1154 609 1225 quod
632 1153 687 1210 hoc
701 1153 875 1210 vocabulum
889 1153 920 1208 in
1012 1150 1799 1226 Sodomacivitnsimpiorumdivinoigasconaumpta.

101 1237 180 1296 libris
193 1238 343 1296 Hebraicis
363 1257 421 1297 non
447 1241 583 1310 habetur,
606 1241 657 1298 scd
688 1259 705 1298 a
731 1241 922 1316 Septuaginta
972 1241 1056 1311 juxta
1073 1256 1153 1297 mare
1168 1244 1325 1298 Mortuum.

100 1328 304 1400 lntsrprctihus
318 1332 438 1402 propter
449 1330 584 1387 notitiam
600 1330 654 1387 loci
671 1330 805 1387 additum
818 1332 886 1404 est.)
1012 1328 1087 1385 W
1104 1328 1236 1401 Saboim,
1249 1338 1277 1384 et
1292 1328 1467 1385 haeccivitas
1494 1328 1653 1401 impiorum
1673 1328 1703 1385 in
1718 1332 1804 1386 etar-

101 1418 174 1474 SSS
187 1417 267 1488 Qooa
281 1419 312 1473 in
327 1418 397 1474 libro
411 1420 609 1476 hebraicorum
621 1420 767 1476 nominum
788 1419 922 1492 dicimus,
976 1433 1030 1473 nos
1045 1418 1157 1474 cineres
1172 1417 1327 1486 dissoluta,
1348 1418 1434 1490 juxta
1456 1418 1558 1474 urbem
1579 1418 1729 1491 quondam
1744 1419 1796 1476 So·

135 1506 276 1562 boeotiam
290 1523 365 1562 nunc
379 1509 411 1562 in
425 1507 444 1563 S
458 1507 560 1566 littera
580 1508 687 1565 uidetur
708 1510 789 1565 tituto
810 1523 921 1581 praeno
977 1506 1106 1562 domam.

135 1593 264 1650 tondum:
281 1595 355 1668 apud
368 1596 491 1653 lletraeos
506 1599 561 1653 trio
576 1613 632 1654 essa
653 1597 681 1668 S,
708 1597 757 1653 toa
770 1602 809 1654 ast
821 1614 920 1670 camec,
1012 1593 1151 1666 sophera,
1168 1594 1390 1666 monsforientis
1401 1595 1431 1650 in
1444 1595 1629 1666 lndia,juxta
1643 1610 1732 1668 quem
1747 1595 1803 1652 hac

132 1683 206 1754 sade,
233 1687 259 1738 et
286 1686 342 1740 sin.
369 1685 437 1754 Qus
462 1701 525 1741 com
545 1685 619 1758 apud
648 1685 751 1742 Graecos
772 1689 922 1744 attatinos
977 1682 1145 1740 bitaverunt
1159 1683 1212 1740 filii
1227 1684 1340 1753 Jectan,
1358 1683 1409 1739 lilii
1432 1684 1536 1740 Haber.
1559 1686 1637 1751 Quos
1656 1682 1803 1757 losepbus

132 1787 196 1828 cono
207 1771 297 1828 simili
308 1776 497 1846 proferantur,
513 1775 544 1830 iii
557 1791 609 1830 suo
633 1775 730 1847 linquo
744 1775 828 1831 aliter
842 1784 924 1848 atque
978 1771 1068 1828 relert
1082 1789 1099 1828 a
1113 1771 1246 1844 cophene
1258 1773 1379 1829 lluminc
1390 1776 1420 1829 et
1429 1772 1517 1828 India
1529 1771 1698 1845 regionibus
1709 1787 1804 1844 usque

132 1861 213 1916 oti'tcr
237 1865 377 1918 resonant.
403 1861 477 1920 Unde
500 1864 613 1932 occidit,
635 1871 665 1918 ut
691 1862 784 1919 eudem
809 1866 924 1921 omnino
980 1861 1016 1916 nd
1033 1859 1063 1917 id
1076 1858 1394 1934 locorumpcrienisse‚
1409 1860 1723 1935 ubiappellaturragio
1738 1859 1805 1919 tlte-

131 1949 205 2021 upud
217 1964 268 2006 iios
284 1949 424 2006 diuersum
439 1966 538 2007 sonore
548 1951 708 2019 videantur,
725 1959 750 2008 at
763 1953 826 2024 plus
839 1968 922 2024 pacm
937 1915 962 1982 B
977 1947 1040 2004 ria:
1057 1951 1107 2006 sad
1125 1954 1154 2006 ct
1169 1950 1272 2007 classis
1295 1950 1461 2008 Salomonis
1484 1966 1536 2023 per
1557 1949 1720 2008 triennium
1734 1949 1803 2008 hinc

130 2039 422 2097 cataractariorum
435 2039 544 2097 tabeat.
559 2041 619 2096 Noa
642 2041 717 2097 enim
740 2056 860 2108 mono,
875 2041 922 2100 sed
977 2037 1111 2108 quedam
1127 2039 1303 2095 commercia
1315 2039 1498 2112 deportabat.

130 2127 641 2200 actribortdteria,tocaetorbeset
664 2129 921 2186 vicatideecrtton·
1012 2126 1112 2198 Socra,
1129 2127 1297 2198 urstuxta
1311 2127 1480 2195 Sodomam,
1511 2143 1575 2200 quse
1604 2129 1633 2184 et
1661 2127 1755 2201 Sagun
1775 2130 1805 2184 at

129 2219 187 2272 tur.
976 2215 1066 2272 Zoara
1080 2215 1128 2288 (de
1142 2232 1202 2288 qna
1216 2219 1245 2271 et
1257 2233 1347 2290 supra
1362 2215 1512 2287 diximus).

404 2305 451 2362 titi
471 2305 611 2363 chassi.
1012 2304 1095 2376 Save,
1111 2303 1213 2360 civitas
1228 2304 1349 2377 antiqua
1363 2304 1392 2360 iii
1409 2321 1467 2378 qua
1479 2303 1683 2360 habitaverunt
1697 2305 1803 2360 Amor·

131 2391 235 2462 Sidon,
255 2393 327 2449 urbs
347 2393 499 2450 Phoenicss
523 2394 659 2468 insignis,
688 2393 759 2451 olim
778 2394 922 2452 terminus
976 2391 1057 2460 rhei,
1074 2409 1146 2466 gens
1159 2393 1266 2464 valida,
1282 2409 1372 2466 super
1386 2393 1535 2466 regionem
1551 2392 1694 2462 Sodoma,
1711 2408 1800 2465 quam

95 2481 327 2538 chananeorum
345 2483 381 2538 ad
404 2481 578 2555 Aquilonem
594 2482 765 2556 respiciens,
779 2488 808 2540 et
822 2488 923 2557 postea
976 2479 1084 2537 excidit
1093 2481 1335 2555 chodologomor.

94 2569 227 2644 regionis
242 2569 359 2627 tudae.
390 2569 500 2627 Cecidit
529 2574 626 2628 autem
651 2571 682 2626 in
703 2576 811 2629 sortem
826 2573 922 2630 tribus
1013 2569 1086 2638 Scir,
1102 2587 1188 2628 mons
1202 2571 1232 2628 in
1252 2569 1486 2637 terranom,in
1499 2568 1799 2643 quahabitavitllsnu

92 2661 178 2727 Aser,
190 2658 242 2716 sed
253 2676 313 2715 non
322 2675 388 2715 eam
399 2659 539 2732 possedit,
548 2660 724 2733 quiahostes
734 2658 922 2734 nequaquam
977 2659 1007 2712 in
1021 2659 1140 2732 regione
1154 2659 1318 2718 Gebalsna:
1335 2677 1399 2733 que
1414 2676 1446 2716 ca
1459 2676 1492 2716 eo
1503 2659 1582 2731 quod
1596 2659 1672 2716 Esau
1689 2657 1801 2732 pilosus

93 2747 190 2804 valuit
204 2745 357 2819 expellere.
530 2777 532 2784 ,
977 2752 1054 2804 esset
1068 2751 1096 2805 et
1111 2749 1257 2822 hispidus,
1271 2749 1343 2821 Seir,
1355 2749 1384 2805 id
1396 2747 1548 2820 ost,pilosi
1559 2763 1665 2804 nomen
1681 2747 1798 2821 accipit.

127 2836 273 2901 Senuaar,
297 2850 421 2908 campus
445 2836 611 2909 Babylonis,
634 2837 664 2893 in
689 2854 747 2910 quo
768 2839 859 2894 turris
874 2855 923 2894 ex·
977 2839 1009 2890 ln
1024 2835 1133 2910 quibus
1148 2837 1220 2894 locis
1247 2842 1333 2895 antea
1359 2836 1503 2894 habitavit
1530 2829 1693 2904 Chai-raus,
1710 2852 1799 2908 quem

91 2927 208 2980 structa
222 2927 278 2980 est.
294 2923 376 2980 Unde
394 2939 531 2998 egressus
553 2926 647 2981 Assur
668 2926 821 2983 edificavit
835 2927 922 2984 Nine-
977 2923 1123 2982 interiecit
1146 2924 1388 2999 chodologomor.
1416 2924 1549 2983 Meminit
1573 2924 1682 2982 montis
1696 2925 1801 2982 Sciret

88 3029 168 3070 vem.
185 3011 320 3069 Meminit
333 3012 425 3084 hujus
439 3013 495 3070 loci
509 3014 658 3087 Josephus
678 3014 708 3071 in
730 3015 826 3088 primo
841 3015 923 3073 Anti·
978 3013 1070 3071 isaias
1084 3014 1114 3070 in
1129 3015 1240 3072 visione
1254 3016 1399 3072 Idumaea.

90 3103 243 3175 quitatum
258 3098 344 3169 libro,
360 3101 403 3158 ita
429 3101 578 3159 scribens:
613 3121 624 3151 i
654 3104 923 3179 Decampcquiin
1013 3101 1120 3175 Salem,
1137 3103 1239 3161 civitas
1254 3104 1441 3176 sicimorum,
1457 3119 1521 3176 que
1536 3105 1581 3160 est
1594 3100 1800 3171 Sicham;sed

89 3189 254 3265 Babylonia
264 3189 660 3264 regionavocaturSennaar,
670 3196 771 3249 narrat
781 3193 923 3252 Hestiaeus
977 3194 1006 3247 et
1021 3191 1079 3248 alia
1092 3191 1163 3249 villa
1177 3193 1344 3250 ostenditur
1357 3208 1453 3266 usque
1476 3191 1505 3247 iii
1534 3195 1709 3264 presentem
1724 3189 1802 3247 diem

88 3277 266 3344 historiens,
282 3278 400 3336 dicens:
417 3279 542 3344 Quidam
557 3281 743 3337 sacerdotum
756 3281 871 3356 prolugi
886 3281 922 3338 da
937 3284 958 3350 G
977 3279 1073 3351 (juxta
1086 3280 1188 3338 AElinm
1204 3285 1306 3338 contra
1321 3279 1529 3338 occidentalem
1544 3278 1662 3354 plagam
1683 3279 1739 3337 hoc
1753 3295 1803 3337 no-

89 3366 205 3442 templo
219 3365 447 3441 Snyalii²tcvia
462 3383 546 3424 sacra
560 3367 718 3442 rapientes,
734 3372 764 3425 in
792 3370 924 3428 Saunaar
978 3369 1076 3437 mina;
1099 3370 1129 3425 in
1153 3374 1253 3427 octavo
1278 3385 1395 3444 quoque
1418 3369 1515 3443 lapide
1539 3386 1556 3425 a
1579 3367 1746 3442 Scythopoli
1770 3369 1801 3425 in

89 3471 237 3530 campum
251 3456 417 3530 Babylonia
432 3472 598 3530 pervenere.
616 3479 627 3508 ι
976 3473 1080 3530 campo
1094 3457 1177 3516 vicus
1192 3458 1338 3516 Salumias
1367 3458 1547 3532 appellatur:
1573 3456 1721 3530 losephus
1735 3473 1802 3515 vero

125 3545 249 3602 Siehsm
264 3547 294 3600 et
308 3543 416 3614 Salam,
432 3560 497 3616 que
521 3545 634 3616 (latine
648 3549 678 3602 et
691 3545 798 3619 Graec)
814 3546 923 3605 Sicinio
976 3545 1073 3603 Salem
1096 3561 1161 3603 esse
1189 3547 1319 3604 affirmat
1345 3547 1464 3620 (Auttqq.
1494 3547 1546 3604 tib.
1570 3563 1589 3616 i,
1618 3561 1678 3617 cop.
1698 3545 1801 3617 l1)‚in

87 3637 200 3690 vocata
213 3637 266 3704 est,
282 3633 386 3690 civitas
398 3633 500 3704 Jacob,
516 3650 596 3690 nunc
610 3634 736 3692 deserta.
752 3634 923 3693 Ostenditur
976 3650 1035 3706 qua
1055 3635 1187 3708 regnavit
1213 3635 1415 3707 Melchisedec,
1444 3652 1507 3708 quae
1536 3637 1637 3706 postca
1664 3634 1742 3690 dicte
1756 3639 1802 3691 est

88 3725 197 3778 autem
212 3719 291 3778 locus
304 3722 336 3778 in
351 3722 530 3779 suburbanis
553 3721 715 3795 Neapoleos
725 3724 811 3795 juxta
825 3725 921 3798 sepul·
976 3721 1147 3796 Solyma,2ct
1161 3725 1197 3781 ad
1213 3728 1386 3797 extromum,
1401 3720 1607 3795 Hierosolymis
1630 3737 1738 3779 nomen
1752 3738 1800 3780 aa·

86 3825 176 3866 crum
191 3809 320 3883 loseph;
336 3825 426 3882 quain
442 3810 585 3867 subvertit
607 3810 768 3876 abimelec,
784 3817 813 3869 at
833 3815 919 3870 senii·
974 3812 1074 3885 cepit.)

85 3899 170 3955 navit
185 3899 216 3954 iii
232 3914 267 3956 aa
282 3897 386 3968 salem,
403 3899 480 3956 sieut
494 3899 525 3954 in
542 3898 617 3955 libro
632 3898 770 3956 Judicum
792 3902 863 3974 (cap.
879 3919 919 3971 rx,
1010 3901 1097 3968 Sur³,
1112 3900 1163 3956 ubi
1179 3899 1290 3958 invenit
1318 3900 1439 3975 angelus
1463 3898 1599 3957 ancillam
1621 3903 1698 3957 Sara
1712 3899 1799 3976 Agar,

83 4001 156 4044 uera.
174 3987 222 4059 ⁴5)
237 3985 380 4061 scriptum
396 3991 452 4044 est.
467 3988 574 4044 Postea
587 4002 654 4044 varo
668 3986 835 4046 instaurata
849 3994 921 4048 esta
974 3987 1053 4046 inter
1067 3988 1159 4046 Gades
1174 3993 1203 4046 et
1216 3990 1321 4047 Barad.
1337 3989 1509 4048 Extenditur
1533 3991 1632 4046 autam
1651 3989 1801 4046 desertum

121 4162 129 4195 ¹
145 4162 279 4228 Romala,
295 4165 352 4218 etc.
370 4161 442 4218 Puto
457 4162 533 4245 hauc
547 4179 648 4219 vocem
664 4180 679 4220 e
695 4165 795 4222 Graeca
809 4161 919 4224 Ῥαὸεδὶ
973 4167 1045 4234 Quis
1061 4167 1099 4224 sit
1113 4167 1205 4239 igitur
1221 4169 1363 4226 confictus
1375 4168 1424 4225 ille
1432 4168 1548 4252 Jupiter
1559 4167 1706 4235 tenatiae,
1721 4183 1800 4240 pror

87 4239 254 4312 sumptam,
271 4233 459 4305 depravatam
475 4236 567 4291 luisse
579 4235 617 4291 ah
627 4236 855 4308 exscriptoribus
867 4241 918 4298 La·
973 4255 1026 4294 sus
1040 4239 1143 4313 ignoro
1158 4255 1164 4294 :
1180 4241 1230 4298 sed
1248 4241 1283 4297 de
1296 4242 1366 4298 Jove
1378 4241 1495 4314 Enyotio
1506 4240 1633 4313 plurima
1647 4237 1704 4311 legi
1719 4255 1736 4295 a
1758 4239 1798 4308 ud

86 4302 168 4372 tinia,
209 4303 239 4361 ui
264 4319 318 4378 pro
346 4305 481 4374 ltamode,
510 4310 672 4378 posuerunt
699 4309 832 4380 ltomole;
849 4329 917 4368 nani
974 4310 1101 4383 optimos
1117 4310 1284 4385 scriptores.
1302 4311 1432 4368 Primum
1446 4327 1552 4368 nomen
1576 4306 1717 4371 Ἐνυάλιος
1752 4327 1798 4364 ar·

88 4322 258 4458 apudugllll
273 4374 400 4448 legimus
415 4376 501 4449 Ῥαμὰ
524 4372 562 4440 δὲ,
608 4378 664 4433 uod
689 4379 832 4436 Eusebius
848 4399 916 4439 con·
972 4385 1028 4437 tem
1042 4381 1066 4438 si
1089 4381 1199 4455 nificat,
1216 4389 1245 4440 et
1259 4400 1311 4457 pro
1326 4385 1409 4440 llarte
1424 4397 1475 4440 seu
1489 4383 1543 4439 Deo
1563 4382 1657 4439 bellico
1672 4380 1801 4438 sumitur

86 4450 216 4530 punctim
236 4445 437 4530 iortelegebat
453 4443 578 4519 Ῥαμαδὶ.
643 4465 736 4506 amau.
972 4453 1050 4525 apud
1066 4397 1181 4510 graecos
1208 4461 1351 4513 auctores.
1383 4453 1577 4537 Distinguitur
1605 4451 1798 4511 nihilominus

122 4547 158 4558 —-
172 4516 254 4574 Nihil
266 4518 392 4574 dubium
402 4518 478 4575 hanc
488 4535 553 4575 esse
563 4518 743 4589 Ramma,de
753 4537 811 4605 qna
822 4523 916 4596 loqui·
970 4525 1137 4596 copatione
1159 4531 1246 4590 Morta
1270 4527 1348 4600 apud
1371 4526 1459 4600 Soph.
1485 4543 1515 4582 iii
1538 4525 1633 4596 Aiace,
1659 4519 1798 4599 ἥχαλκο-

89 4583 134 4643 tur
148 4589 309 4646 Zacharias
334 4605 398 4661 cap.
424 4605 481 4656 xiv,
507 4591 551 4646 tO.
573 4589 670 4647 Graeco
696 4594 808 4649 nomini
831 4595 916 4668 'Papi
974 4593 1076 4664 boleti]
1093 4591 1228 4666 ἐνυάλιος,
1244 4597 1288 4654 vel
1309 4598 1499 4669 Colcottorux,
1524 4595 1553 4651 td
1576 4599 1631 4666 est,
1656 4595 1737 4667 Mars,
1752 4595 1797 4652 vel

89 4657 294 4786 ffibifl‘glstuli
310 4676 400 4744 penes
416 4659 494 4725 LXX,
513 4655 542 4714 dt
561 4660 725 4734 particula:
742 4664 834 4737 litque
849 4671 920 4724 adso
935 4651 959 4719 D
974 4666 1115 4738 Enyctioa.
1132 4667 1273 4725 Similiter
1287 4670 1365 4743 apud
1394 4666 1541 4726 Plutarch.
1557 4667 1588 4723 in
1603 4665 1687 4723 Rom.
1703 4665 1797 4733 Qniri-

88 4729 184 4808 lirpha
205 4731 438 4804 ileltlartianao,
455 4731 564 4814 lectum
593 4732 630 4788 ab
656 4735 780 4792 Eusebio
796 4739 918 4810 conlun—
973 4753 1063 4793 ausa
1094 4733 1797 4798 uibusdamdiotussorturt‘soottioasacundo

90 4801 163 4854 ctirn
176 4798 303 4875 Ῥαμαδέ.
319 4802 438 4887 Hieron.
453 4819 483 4860 rn
500 4818 568 4887 eum
582 4802 812 4888 locum,·ltlinma
826 4814 919 4865 uatem
973 4807 1051 4881 apud
1067 4753 1228 4881 Jqosephum
1244 4809 1295 4867 lib.
1311 4829 1320 4868 i
1334 4811 1453 4884 Antiqq.
1470 4827 1534 4883 cap.
1549 4811 1577 4866 5.
1595 4823 1701 4866 nomen
1722 4806 1795 4864 illud

91 4879 119 4918 us
134 4867 252 4931 iocosae
295 4874 466 4930 mnatre
489 4875 599 4942 matous,
624 4879 730 4948 inquit,
752 4879 918 4950 interpreto-
973 4880 1115 4963 scriptum
1131 4879 1238 4952 legitur
1251 4880 1406 4952 'Eootlioq
1422 4885 1452 4939 in
1463 4899 1520 4938 ms.
1532 4877 1730 4951 codicellcgic
1741 4879 1796 4934 ltu·

94 4941 132 4992 lte
145 4951 189 4998 est
202 4889 313 5018 spatior,
329 4949 356 5002 et
369 4946 461 5002 oeteis
473 4946 523 5017 pti
541 4952 707 5018 posuerunt,
723 4947 917 5015 exaltaturus,-
972 4951 1045 5007 sebii
1061 4947 1207 5018 ἐννυὲλιος,
1224 4969 1291 5009 cnm
1308 4953 1416 5027 duplici
1441 4975 1454 5006 ν
1481 4958 1509 5008 ct
1524 4971 1536 5004 ε
1555 4953 1585 5007 iu
1601 4947 1697 5006 medio
1713 4966 1765 5023 pro
1780 4968 1798 5002 α

94 5004 197 5072 thoma
211 5019 312 5142 qnippe
326 5015 462 5072 exaltatio
477 5016 589 5072 dieitur.
972 5023 1050 5094 quod
1066 5021 1260 5150 Hierongmus
1275 5023 1399 5098 legebat,
1416 5029 1448 5080 ut
1463 5023 1549 5079 iidem
1566 5021 1678 5080 iaciunt
1696 5019 1798 5078 omnia

123 5080 187 5168 ’Mc
200 5090 272 5160 temp
289 5087 441 5172 eliopolis,
458 5091 514 5169 etc.
530 5089 592 5154 Quo
607 5089 725 5170 auctore
739 5088 854 5174 Jupiter
868 5097 916 5176 Ga·
971 5093 1149 5177 exemplaria
1209 5094 1351 5165 Doctoris,
1366 5095 1397 5150 in
1413 5094 1520 5176 quibus
1536 5097 1581 5176 cst
1603 5090 1719 5176 capotii,
1737 5107 1796 5148 non

94 5153 191 5213 malitis
203 5158 247 5215 vel
263 5159 406 5216 Gemetios
420 5174 450 5213 iii
467 5157 676 5231 Hieronymum
692 5165 853 5234 irrepserit,
872 5163 916 5219 di·
970 5166 1084 5236 aayetn.
1102 5166 1196 5231 Quare
1211 5174 1309 5223 autem
1323 5167 1353 5222 in
1369 5164 1551 5224 antecedatis
1562 5164 1646 5220 libris
1658 5162 1794 5236 legamus

95 5228 151 5309 lire
165 5231 328 5310 erubesco;
345 5245 440 5312 aeque
463 5245 529 5312 vern
558 5230 769 5314 asscriptorum
785 5237 914 5290 veterum
969 5236 1090 5293 demotis·
1106 5252 1157 5308 pro
1179 5238 1302 5308 Enyotii',
1330 5253 1389 5294 non
1418 5237 1506 5294 aliam
1535 5234 1657 5307 conjicio
1672 5250 1793 5292 causam

95 5299 916 5445 tttt'tt‘tltttttttttttlttttttttltttli
970 5305 1791 5452 tittitititit?tttttlttttttltttl:

94 5438 183 5498 leram
199 5442 355 5500 lectionem
371 5416 496 5517 dapsilii,
513 5443 581 5500 licet
594 5460 661 5499 cum
676 5444 731 5502 lioc
744 5446 914 5506 discrimine
969 5453 1067 5505 natur.
1084 5419 1228 5508 Putarunt
1253 5452 1351 5524 itaque
1374 5454 1487 5509 Erasm.
1504 5456 1532 5508 ct
1552 5449 1672 5506 Marian.
1689 5449 1790 5506 eodem

91 5509 192 5636 {irim
218 5516 249 5570 in
276 5512 336 5570 illis
362 5515 448 5572 luerit
472 5514 626 5600 scriptum,
652 5517 740 5600 uniat,
761 5519 869 5588 eniuli'i,
886 5525 915 5576 ct
970 5521 1056 5576 modo
1070 5535 1186 5604 sempor
1201 5521 1355 5612 legandum
1378 5525 1453 5595 apud
1479 5523 1698 5593 Hieronymum.
1717 5517 1791 5602 Hinc

160 5583 240 5665 llll.
257 5584 355 5668 ilnuin
383 5585 518 5660 attegiis
547 5584 762 5669 exemplaribus
778 5595 913 5647 neutram
969 5591 1117 5661 domebus,
1143 5608 1199 5648 eiua
1228 5593 1364 5651 demetiae
1390 5595 1445 5654 linc
1475 5595 1547 5659 loco,
1577 5609 1629 5667 pro
1645 5591 1789 5663 Enyattas.

86 5647 186 5712 rossia
197 5655 378 5726 dictionem
395 5659 445 5715 sed
456 5658 511 5715 hoc
522 5657 773 5716 modolectionem
790 5663 914 5718 mutavit
968 5663 1113 5720 Miarian.

84 5717 117 5766 ’θ
133 5741 276 5788 sensim:
292 5727 327 5786 de
342 5731 443 5804 tempto
459 5731 568 5789 leuata
589 5729 641 5787 olii
659 5731 731 5788 iouis
746 5747 838 5804 sacro,
855 5736 911 5791 stc.
1002 5733 1128 5806 ’Vacat
1146 5736 1178 5792 ut
1192 5734 1332 5812 diximus,
1347 5737 1379 5796 in
1392 5738 1458 5798 Vat.
1475 5747 1591 5811 quoque
1605 5747 1679 5792 nisa.
1694 5729 1742 5788 hic
1755 5725 1792 5784 tt·
