4078 6162
171 311 231 372 55¹1
595 309 791 376 sinuosus
813 311 971 376 CONTRA
992 307 1299 373 satanianos-
1311 308 1386 372 LlD.
1409 312 1433 373 l.
1815 313 1878 382 858

170 441 290 500 Domini
318 443 529 500 transferretur
557 444 733 511 Jerusalem,
759 449 787 500 et
814 445 998 501 lascivientes
1013 447 1041 512 Α
1056 448 1085 499 et
1100 460 1157 499 non
1173 443 1298 500 audies‘l
1313 443 1501 500 Vccilerabcr
1523 446 1558 500 ad
1582 449 1611 502 te
1631 447 1690 502 vim
1705 448 1830 520 patiens,
1845 453 1875 506 et

169 533 260 588 boves
274 530 443 604 plaustrum
464 533 495 589 in
518 536 628 606 partem
655 534 776 590 alteram
793 533 997 603 declinassent,
1054 548 1112 588 non
1128 531 1278 588 salvabis?
1294 533 1387 596 Quare
1412 533 1565 589 ostendisti
1589 519 1662 590 mihi
1686 536 1874 609 iniquitatem

169 621 251 677 misit
268 637 393 678 manum
424 625 457 678 ut
483 626 661 680 sustentaret
688 623 859 679 inclinatam
889 640 998 678 arcein.
1053 626 1081 676 ct
1096 621 1237 689 laborem,
1253 622 1351 678 videre
1366 623 1496 693 praedam
1509 626 1536 678 et
1551 623 1876 694 injustitiam'ltlontra

169 711 249 768 m
264 709 431 783 Statimque
445 711 599 784 sequitur:
626 735 640 764 c
657 713 752 768 iratus
777 718 822 782 est
845 713 925 768 luror
941 712 998 766 Do·
1054 728 1101 765 mc
1117 709 1224 766 lactum
1239 715 1284 766 est
1294 711 1442 786 judicium
1458 716 1486 767 et
1505 713 1694 769 contradictio
1710 719 1874 786 potentior:

172 799 250 855 mini
277 797 306 854 in
333 797 434 868 Ozam,
464 804 493 856 et
520 800 665 873 percussit
691 817 759 857 eum
786 800 864 856 Deus
890 799 998 872 ibipro
1053 799 1528 872 propterhaeclacerataestlex;
1549 805 1577 856 et
1602 819 1659 858 non
1683 805 1877 874 pervenitus-

174 887 347 962 ignorantia,
361 890 390 945 et
406 892 540 946 mortuus
555 895 599 946 est
616 891 704 960 juxta
730 906 827 946 arcam
847 889 909 946 Dei.
926 889 998 944 Gon·
1055 905 1110 960 que
1122 889 1158 944 ad
1176 889 1262 944 finem
1275 890 1441 961 judicium:
1459 892 1529 962 quia
1543 891 1652 964 impius
1673 894 1811 965 prevalet
1826 896 1878 952 ad-

177 975 364 1049 triststusque
394 977 496 1044 David,
526 979 604 1051 quod
643 982 827 1050 percusserat
855 977 999 1033 Dominus
1052 993 1155 1033 versus
1171 979 1298 1048 justum,
1315 983 1468 1052 propterea
1483 981 1632 1052 egreditur
1647 981 1795 1052 judicium
1811 1000 1879 1056 per-

177 1065 271 1133 Dzsm,
286 1065 387 1122 timuit
401 1067 560 1123 Dominum
586 1069 613 1122 in
640 1067 691 1123 illa
713 1067 771 1132 die,
796 1071 825 1122 et
847 1066 998 1132 ait:Quo·
1053 1083 1169 1122 versum
1188 1067 1305 1138 (Helice.
1322 1086 1341 1135 1,
1360 1069 1430 1138 l-t).
1444 1091 1457 1118 a
1489 1069 1542 1124 Pro
1572 1086 1630 1141 quo
1656 1071 1880 1145 seipsereprc·

171 1155 258 1211 modo
286 1154 469 1228 ingredietur
497 1157 533 1211 ad
562 1173 608 1212 me
635 1173 703 1212 arca
732 1156 848 1212 Domini
877 1156 915 1226 (ll
933 1157 999 1226 ltep.
1053 1155 1556 1229 hendensquodperignorantiam
1580 1158 1619 1213 sit
1633 1157 1760 1228 loeutus,
1776 1161 1880 1217 scribit

167 1259 207 1312 vr,
223 1245 251 1310 7,
267 1243 346 1316 8)‘la
366 1243 456 1300 David
468 1245 569 1316 justus
594 1251 623 1300 et
646 1245 788 1318 propheta
803 1249 831 1300 ct
846 1249 953 1299 unctus
968 1243 998 1298 in
1053 1245 1205 1301 Canticum
1222 1245 1408 1317 poenitentiae.
1425 1246 1453 1300 Si
1469 1249 1619 1317 peccatum
1637 1263 1694 1302 non
1714 1252 1778 1303 erat
1792 1250 1879 1322 igno-

164 1349 266 1406 regem
283 1331 371 1403 (Psoi.
388 1336 505 1402 cxxvii),
523 1351 610 1406 quem
627 1333 715 1408 elegit
730 1333 872 1390 Dominus
893 1349 998 1388 secun·
1053 1333 1159 1400 rantia,
1172 1335 1319 1406 supcrlluc
1330 1334 1433 1389 scribit
1446 1333 1554 1389 librum
1566 1335 1769 1406 penitudinis,
1781 1338 1879 1394 etina·

165 1424 240 1479 dum
256 1439 309 1478 cor
323 1439 423 1490 suum,
440 1427 472 1478 ut
487 1423 594 1480 laceret
608 1428 729 1479 cunctas
744 1422 910 1479 voluntates
923 1424 998 1494 ejus,
1053 1423 1130 1478 niter
1144 1422 1235 1478 voluit
1249 1422 1278 1477 id
1293 1423 1403 1495 lugere,
1420 1425 1497 1494 quod
1517 1429 1669 1495 peccatum
1695 1442 1752 1481 nou
1778 1425 1877 1484 habet.

164 1517 201 1566 ut
213 1511 296 1568 videt
309 1505 509 1584 ignorantiam
525 1512 640 1569 Domini
664 1513 761 1568 lurore
778 1511 922 1584 punitam,
940 1516 998 1566 ter·
1054 1513 1084 1566 ln
1101 1512 1231 1567 Ezechiel
1245 1516 1373 1568 extrema
1389 1517 1481 1584 parte,
1498 1513 1548 1568 nbi
1564 1529 1615 1584 per
1630 1513 1784 1571 edificium
1801 1520 1879 1571 tem-

164 1601 250 1656 retur
265 1603 356 1672 atque
370 1599 514 1668 tristatur,
526 1617 579 1657 nec
592 1601 696 1674 quaerit
706 1617 826 1656 causam
838 1599 998 1666 aDomino,
1053 1599 1094 1672 pli
1108 1599 1137 1656 in
1155 1605 1253 1656 monte
1267 1600 1327 1666 siti,
1343 1601 1477 1656 Ecclesiae
1502 1601 1596 1657 multa
1621 1607 1687 1674 post
1712 1602 1819 1660 saecula
1833 1603 1880 1660 su-

163 1705 259 1762 quare
275 1689 332 1759 (all.
349 1691 419 1760 qua)
435 1689 612 1760 percusserit
634 1689 830 1762 ignorantem,
847 1689 896 1744 scd
913 1689 998 1744 simi·
1053 1692 1125 1744 turae
1140 1695 1324 1745 sacramenta
1339 1693 1505 1758 narrantur,
1522 1691 1618 1762 primo
1640 1697 1668 1747 et
1692 1694 1817 1763 septimo
1832 1692 1880 1748 die

161 1777 225 1834 lem
242 1777 424 1834 sententiam
439 1778 646 1848 pertremiscit.
665 1768 907 1851 Pracepit'David
923 1777 1000 1849 prin·
1054 1778 1165 1834 mensis
1180 1779 1268 1850 primi
1284 1779 1449 1834 offeruntur
1463 1779 1587 1834 victima
1612 1797 1664 1851 pro
1691 1785 1808 1852 peccato
1825 1781 1880 1852 [At.

162 1866 226 1941 cipi
240 1866 389 1923 exercitus
402 1866 487 1932 Joab,
504 1872 536 1922 ut
551 1872 685 1923 numeret
700 1867 861 1940 populum3
883 1866 1000 1922 statim-
1054 1868 1193 1939 peccatis]
1209 1867 1352 1935 omniurn,
1376 1869 1404 1923 in
1430 1885 1488 1940 quo
1511 1885 1564 1940 per
1586 1885 1714 1925 errorem
1730 1873 1782 1926 aut
1795 1871 1881 1944 ignc-

163 1973 225 2030 que
248 1955 403 2028 Scriptura
428 1961 657 2012 commemorat:
684 1979 697 2006 (ι
724 1961 757 2010 nt
782 1955 928 2028 percussit
951 1971 999 2011 cor
1054 1955 1178 2010 rentiam
1194 1961 1397 2028 peccaverunt.
1423 1957 1539 2030 Septem
1564 1974 1681 2030 quoque
1704 1958 1809 2015 diebus
1827 1961 1881 2016 Pa·

151 2045 262 2100 -sunm
276 2043 378 2112 David,
393 2048 422 2100 et
436 2043 509 2100 dixit
524 2045 560 2100 ad
576 2045 753 2101 Dominum:
771 2045 886 2100 Peccavi
909 2044 999 2099 vehe-
1054 2044 1142 2111 schae,
1158 2044 1259 2100 hircus
1272 2061 1389 2117 semper
1403 2062 1454 2117 pro
1480 2051 1596 2117 peccato
1613 2051 1768 2104 mactatur.
1786 2049 1882 2121 Septi·

172 2138 298 2197 menter,
314 2133 381 2204 quia
410 2133 465 2189 hoc
490 2135 543 2190 feci
563 2137 602 2204 (ll
627 2135 690 2204 ch.
719 2151 796 2200 xxiv,
820 2133 875 2204 l0).
895 2134 997 2189 »Cum
1054 2132 1093 2187 mi
1108 2133 1220 2188 mensis
1235 2133 1338 2205 quinta
1360 2135 1475 2188 decima
1498 2134 1555 2201 die,
1581 2135 1658 2191 idam
1681 2137 1881 2209 propeccatis

169 2222 293 2293 juberet
307 2225 336 2277 ut
351 2224 445 2290 lieret,
461 2223 563 2295 utique
591 2223 662 2296 quid
687 2223 805 2290 diceret,
826 2221 997 2295 ignorabat;
1054 2221 1261 2278 sacrificiorum
1278 2223 1348 2278 crdo
1365 2222 1536 2278 celebratur.
1550 2225 1584 2278 llt
1595 2229 1659 2296 post
1671 2224 1729 2280 alia
1740 2225 1879 2297 plurima,

166 2315 314 2367 ettamen
340 2328 371 2368 se
395 2311 459 2384 ipse
484 2310 680 2384 reprehendit,
709 2317 737 2369 et
761 2329 813 2384 pro
838 2311 893 2367 hac
913 2311 999 2382 culpa
1054 2327 1117 2382 quae
1133 2327 1189 2365 non
1215 2315 1259 2365 est
1284 2311 1370 2366 istius
1397 2312 1537 2383 temporis
1563 2312 1713 2383 replicare,
1735 2313 1879 2385 scriptum

160 2399 359 2472 septuaginta
380 2399 475 2456 millia
499 2400 652 2456 hominum
670 2400 767 2473 angeli
794 2399 892 2473 gladio
909 2399 999 2454 truci·
1054 2403 1116 2454 est:
1134 2421 1148 2449 «
1165 2399 1233 2454 Erat
1248 2403 1345 2454 antem
1362 2399 1402 2454 ihi
1419 2399 1500 2454 locus
1516 2399 1551 2455 ad
1577 2399 1774 2469 Occidentem,
1792 2401 1881 2458 dixit-

162 2488 289 2544 dautur.
319 2486 459 2545 Salomon
489 2490 643 2562 completis
677 2488 778 2562 templi
808 2487 999 2557 caeremoniis,
1054 2488 1244 2559 queadmc:
1269 2489 1326 2542 lste
1352 2492 1398 2543 cst
1425 2486 1517 2556 locus,
1546 2488 1594 2543 ubi
1623 2504 1746 2560 coquere
1773 2489 1881 2546 debent

164 2580 316 2649 utrasque
345 2576 459 2650 palmas
489 2579 613 2634 tetendit
640 2579 677 2634 ad
706 2577 874 2645 Dominum,
895 2576 997 2634 etait:
1053 2576 1430 2648 sacerdoteshostiamprc
1456 2582 1575 2649 peccato
1602 2581 1697 2650 etpro
1714 2577 1880 2650 ignorantia

162 2689 177 2718 c
196 2663 275 2722 Cum
291 2667 457 2738 peccaverit
472 2667 524 2722 tibi
538 2666 675 2740 populus,
692 2685 750 2724 non
766 2666 898 2723 estenim
911 2665 999 2721 hcmc
1054 2664 1160 2737 (doech.
1177 2657 1323 2738 ncv1,20).
1346 2687 1359 2714 a
1383 2665 1526 2722 Jercmias
1551 2665 1682 2737 loquitur
1706 2667 1741 2721 ad
1767 2671 1880 2726 Deum:

165 2755 295 2828 quinon
311 2757 553 2828 peccetllllllep.
569 2774 631 2826 vm,
657 2756 712 2828 lo).
728 2780 742 2808 a
768 2756 842 2812 Abia
857 2755 1000 2828 propheta
1055 2777 1068 2803 α
1082 2754 1155 2822 Scio,
1179 2754 1308 2822 domine,
1337 2756 1413 2810 ut)
1438 2755 1516 2826 quod
1543 2773 1600 2810 non
1623 2759 1667 2810 est
1687 2755 1816 2812 hominis
1834 2756 1881 2814 via

166 2843 310 2900 silonites
327 2843 477 2899 nesciebat
492 2844 527 2900 ad
544 2861 575 2900 se
584 2845 682 2901 venire
694 2861 813 2901 uxorem
823 2845 997 2909 ceronnam,
1053 2845 1136 2915 ejus:
1154 2859 1207 2898 nec
1222 2842 1274 2897 viri
1291 2849 1345 2910 ost,
1373 2848 1404 2898 ut
1428 2842 1558 2898 ambulet
1583 2849 1610 2898 et
1636 2843 1743 2916 dirigat
1758 2860 1878 2916 gressus

163 2932 304 3005 dixitque
336 2933 389 3004 (lt.
414 2932 479 2988 add.
506 2933 543 3006 ei)
571 2934 738 2990 Dominus:
763 2933 834 2989 Ecce
863 2932 999 2988 uxorJe-
1054 2931 1880 3004 suos(.lercm.x,23).Ideoquepravumestcorhomi·

159 3022 287 3078 roboam
304 3021 496 3093 ingredietur,
513 3025 545 3077 ut
561 3027 671 3095 querat
695 3021 782 3078 verba
797 3039 814 3078 a
828 3027 856 3078 te
871 3039 922 3094 pro
939 3019 999 3077 lilio
1055 3021 1110 3089 nis,
1128 3024 1157 3077 et
1170 3020 1369 3088 inscrutabile,
1386 3025 1414 3076 et
1428 3021 1494 3092 quis
1509 3025 1665 3094 cognoscet
1679 3020 1751 3076 illud
1769 3022 1880 3094 (terem.

161 3125 220 3167 sno
235 3110 288 3182 qui
304 3113 438 3182 aegrotat,
452 3112 534 3182 juxte
558 3111 612 3166 hcc
637 3115 665 3167 et
686 3111 771 3182 juxta
793 3111 848 3168 hoc
869 3110 998 3183 loqueris
1053 3127 1122 3177 nvn,
1138 3109 1189 3182 til?
1204 3131 1218 3160 »
1236 3109 1267 3164 ln
1293 3108 1456 3165 Proverbiis
1482 3109 1628 3183 legimus:
1653 3111 1736 3165 «Est
1754 3111 1880 3182 viaque

160 3197 383 3270 [tuloqueris]
399 3197 516 3254 adeam
541 3199 593 3269 (lll
616 3201 677 3270 ltcp.
703 3215 761 3266 xiv,
786 3199 824 3270 5).
844 3220 858 3247 ι»
883 3184 1032 3253 uliseusll
1053 3198 1168 3254 videtur
1182 3203 1261 3254 reeta
1289 3215 1353 3254 csse
1381 3199 1459 3271 apud
1487 3197 1633 3266 homines,
1662 3205 1691 3254 et
1719 3198 1882 3257 novissima

162 3287 336 3342 sedebatis
360 3289 471 3354 monte,
501 3286 580 3342 venit
608 3287 643 3342 ad
673 3303 741 3342 eum
770 3285 885 3354 mulier,
912 3288 997 3358 cujus
1053 3289 1116 3358 ejus
1140 3288 1262 3344 veniunt
1290 3288 1319 3344 in
1356 3288 1535 3360 protundum
1565 3287 1671 3343 inlerni
1699 3289 1791 3360 (Pron.
1822 3305 1880 3358 x1v,

165 3372 250 3430 lilius
262 3378 400 3430 mortuus
416 3379 489 3445 erat,
505 3378 534 3430 et
548 3373 713 3448 amplexata
727 3375 815 3447 pedes
830 3377 904 3447 eJus,
921 3375 997 3431 voci·
1056 3379 1111 3449 12).
1139 3399 1153 3427 a
1184 3379 1256 3433 Ecce
1283 3381 1311 3432 et
1339 3377 1386 3432 hic
1415 3376 1570 3433 manifeste
1608 3377 1775 3449 ignorantia
1810 3393 1881 3433 con-

165 3464 290 3520 leretur.
306 3463 474 3536 ltepellente
490 3467 587 3519 autem
603 3480 667 3520 eam
687 3463 774 3530 Giezi,
790 3464 864 3519 dixit
879 3465 914 3519 ad
930 3481 997 3520 erim
1052 3466 1220 3532 damnatur,
1247 3483 1314 3522 cum
1338 3465 1418 3521 aliud
1441 3471 1526 3537 putat
1549 3465 1646 3532 homo,
1669 3464 1881 3538 etsubspecie
1912 3472 1914 3478 '

168 3551 216 3605 vir
231 3552 334 3607 Deiz«
348 3552 467 3608 Dimitte
496 3569 571 3621 eam,
602 3552 743 3625 quoniam
770 3554 869 3609 anima
888 3555 952 3625 ejus
968 3554 998 3608 in
1051 3555 1182 3610 veritatis
1198 3555 1234 3610 ad
1251 3556 1365 3610 inferna
1380 3553 1535 3610 delabitur.
1555 3573 1566 3602 ι
1585 3551 1692 3622 Multa,
1709 3553 1816 3625 inquit,
1831 3570 1882 3609 co-

174 3639 373 3695 amaritudine
386 3645 437 3709 est,
455 3643 484 3696 et
503 3641 645 3698 Dominus
669 3641 773 3698 celavit
788 3659 804 3716 a
819 3659 876 3711 me,
895 3647 925 3698 ut
941 3658 997 3698 non
1052 3643 1208 3717 gitationes
1223 3643 1252 3698 in
1266 3644 1353 3699 corde
1368 3643 1498 3697 bominis
1515 3643 1607 3712 (Pron.
1635 3659 1694 3712 xix,
1716 3643 1783 3712 21);
1801 3664 1814 3691 a
1831 3642 1882 3697 sed

174 3726 362 3784 annuntiaret
375 3729 446 3786 mihi
462 3729 509 3801 (lt'
526 3731 587 3801 dep.
605 3747 642 3796 ιιι,
658 3731 716 3802 27).
734 3754 747 3782 a
1054 3749 1111 3787 non
1128 3736 1226 3787 tamen
1243 3730 1480 3799 illiusvoluntas,
1493 3747 1556 3802 quae
1568 3729 1680 3784 incerta
1692 3732 1720 3784 et
1733 3730 1883 3787 lluctuans

208 3816 772 3890 39.ExlibrcdicrumetPrcpletia.-
796 3819 827 3873 lu
851 3819 999 3876 librcdie·
1053 3825 1141 3892 atque
1171 3819 1324 3876 mutabilis
1354 3825 1408 3885 est,
1434 3819 1484 3875 sed
1505 3818 1555 3874 Dei
1579 3817 1736 3874 consilium
1759 3818 1883 3875 obtinet.

162 3921 234 3962 rum
251 3905 399 3980 leg'mus:
417 3931 431 3958 «
449 3907 580 3964 Fuerunt
594 3908 647 3964 filii
663 3907 749 3965 Sobel
763 3908 856 3980 patris
868 3907 1000 3965 Cariath·
1054 3933 1068 3959 c
1084 3909 1164 3978 Quis,
1182 3908 1288 3981 inquit,
1313 3907 1489 3982 gloriabitur
1513 3912 1627 3964 castum
1651 3923 1682 3964 sc
1707 3908 1816 3964 habere
1836 3923 1886 3964 cor

160 3995 268 4068 jarim,
286 3995 641 4070 quipropbetabant¹ex
661 3996 783 4053 dimidio
808 3998 832 4068 (l
854 3999 950 4052 Pcrcl.
968 4014 998 4057 11.
1054 3999 1149 4070 (Pi-cc.
1170 3997 1315 4069 xx,9)·l»
1344 4021 1356 4046 c
1377 3997 1411 4052 llt
1442 3998 1508 4070 quis
1536 3999 1662 4054 confidet
1691 3998 1887 4054 muudumse

163 4085 227 4156 52).
247 4087 454 4142 »lltlterumz
472 4085 567 4142 «Filii
593 4091 691 4143 autem
716 4086 813 4142 Salma
836 4085 928 4158 patris
948 4087 1000 4142 Be·
1054 4103 1119 4144 esse
1140 4104 1157 4142 a
1183 4085 1326 4158 peccato?
1353 4085 1451 4142 Dulcis
1477 4092 1521 4142 cst
1543 4087 1620 4142 enim
1641 4087 1773 4142 hominis
1800 4085 1887 4158 panis

163 4172 276 4232 thloem
291 4178 322 4230 et
338 4173 514 4247 h'etophathi
540 4191 647 4232 corona
671 4175 778 4231 domus
800 4174 886 4242 Joab,
907 4176 1001 4248 etqui
1056 4175 1211 4242 mendacii,
1227 4179 1256 4231 ct
1271 4178 1371 4247 postea
1385 4173 1555 4247 implebitur
1579 4191 1611 4230 os
1637 4176 1700 4246 ejus
1720 4173 1888 4230 calculos

159 4264 397 4336 prophetabant,
415 4280 450 4320 ex
464 4264 589 4321 dimidio
605 4264 697 4332 Zarai,
716 4287 730 4314 a
756 4268 785 4320 et
800 4268 903 4319 catera
917 4265 999 4336 (reid.
1056 4265 1180 4321 Domino
1195 4280 1316 4336 gressus
1332 4262 1460 4319 hominis
1482 4263 1660 4335 diriguntur,
1683 4262 1819 4319 mortalis
1836 4279 1888 4319 au-

156 4353 219 4425 5ll.
243 4351 394 4410 Similiter
417 4353 519 4425 utique
542 4355 636 4409 saciati
661 4356 744 4409 crant
772 4353 822 4425 qui
846 4353 1001 4426 propheta·
1056 4359 1114 4410 tom
1132 4353 1279 4424 quomodo
1308 4353 1382 4409 sciro
1406 4351 1512 4425 poterit
1534 4353 1595 4410 vias
1611 4357 1705 4408 suas?
1728 4352 1831 4408 Omnis
1845 4351 1891 4408 vir

157 4443 249 4516 bant,
265 4445 412 4499 ettamen
428 4443 584 4514 perlectam
601 4459 658 4498 non
680 4447 852 4498 meruerunt
872 4443 1003 4516 accipere
1056 4442 1170 4498 videtur
1196 4441 1250 4497 sibi
1272 4443 1385 4514 justae,
1412 4443 1462 4498 sed
1488 4441 1608 4514 corrigit
1632 4442 1729 4510 corda,
1757 4441 1891 4498 omnium

156 4530 379 4604 prophetiam:
397 4547 584 4604 nequaquam
601 4532 636 4587 de
652 4533 749 4587 lutura
766 4531 928 4588 secundnm
944 4537 1002 4588 trc-
1018 4553 1040 4618 D
1058 4531 1146 4587 Deus.
1165 4530 1254 4586 Filius
1271 4531 1367 4586 malus
1379 4531 1495 4602 justum
1524 4547 1555 4586 ae
1581 4531 1649 4586 iacit
1660 4533 1681 4598 ²,
1698 4536 1726 4586 et
1742 4547 1800 4587 non
1814 4530 1893 4587 lavat

156 4619 319 4694 polcgiam
335 4635 343 4676 :
361 4621 413 4676 sed
443 4619 708 4692 impresentiarum
735 4619 821 4690 jnxta
849 4619 1003 4678 historiam
1061 4619 1171 4674 exitum
1189 4637 1286 4675 suum.
1303 4619 1394 4675 Filius
1411 4620 1506 4676 medus
1531 4620 1660 4676 excelsos
1675 4620 1763 4676 habet
1778 4617 1889 4683 oculos,

158 4709 394 4780 prophetantes.
421 4708 557 4765 Habacuc
581 4709 724 4782 propheta
748 4708 901 4765 Canticum
919 4726 1006 4766 suum
1061 4713 1090 4763 et
1105 4708 1251 4780 palpebris
1276 4709 1337 4764 suis
1361 4707 1499 4766 elevatur.
1526 4711 1574 4765 Det
1598 4711 1675 4765 enim
1699 4709 1811 4780 justus,
1839 4705 1891 4777 qui

164 4797 227 4851 hoe
240 4797 379 4854 inscribit
402 4796 506 4853 titulo:
538 4796 667 4853 «Oratio
696 4797 832 4852 Habacuc
859 4798 1007 4871 prophetae
1061 4796 1312 4869 peritinjustitia
1340 4813 1393 4852 sua
1421 4800 1512 4868 (Pron.
1542 4816 1589 4864 xx,
1617 4797 1790 4868 lbseqq.).»
1808 4794 1890 4851 Unde

167 4885 478 4960 proigcoratienibus
498 4887 552 4958 [At.
575 4885 792 4958 ignorantibus]
821 4887 932 4958 (lloboc.
963 4903 1006 4956 ιιι,
1062 4885 1169 4940 dicitur
1198 4886 1234 4940 ad
1263 4902 1349 4940 eum:
1382 4907 1396 4935 κ
1424 4887 1465 4940 Ne
1492 4886 1533 4941 sis
1553 4887 1654 4956 justus
1680 4883 1890 4955 multum‚neo

146 4975 207 5048 Ἰ).
228 4975 390 5032 »laamas
408 4975 486 5031 enim
504 4975 599 5032 lueret
614 4976 753 5031 audacter
776 4975 813 5030 ad
838 4975 1007 5041 Dominum,
1062 4974 1147 5046 quasi
1168 4972 1409 5044 persapientiam
1439 4991 1552 5046 quares
1581 4973 1740 5044 supcrllua,
1766 4973 1891 5030 neforto

159 5069 194 5122 et
210 5063 352 5121 dixerat:
372 5064 448 5121 130
465 5085 480 5114 «
499 5063 670 5137 Usquequo,
699 5061 832 5135 Domine,
864 5063 1007 5135 clamabo,
1063 5063 1265 5135 obstupescas.
1291 5063 1475 5133 Quacunquc
1499 5061 1577 5116 enim
1599 5059 1776 5120 laboraverit
1803 5061 1890 5120 homo

202 5281 213 5314 ¹
233 5278 301 5335 Duo
314 5293 390 5336 mss.
407 5279 454 5336 bic
469 5283 497 5336 et
512 5278 600 5352 paulo
616 5281 683 5350 post
698 5276 805 5334 minori
822 5291 944 5333 numero
962 5263 1011 5350 qui
1065 5278 1160 5360 malus
1172 5277 1234 5349 ipse
1245 5293 1276 5332 se
1283 5276 1398 5345 justum
1411 5274 1490 5357 dicit,
1501 5275 1720 5402 exitumlnntom
1733 5295 1820 5335 suum
1832 5294 1891 5335 non

163 5349 396 5478 Wffl'hoettigaliio
420 5420 502 5478 locus
526 5439 561 5479 ex
585 5421 656 5476 Lxx
679 5419 811 5476 versione
835 5419 1011 5494 desumptus
1065 5348 1892 5502 gtblgqtaegg'ltilqosqtmqqtreqraqstg4veqst1qqlqqfiovgngqahgg

156 5495 244 5552 bine
261 5493 334 5549 inde
350 5495 405 5556 est,
421 5510 479 5550 nou
495 5498 527 5550 ut
538 5493 680 5550 hodierna
693 5493 852 5574 praeierunt
863 5494 1011 5567 exempla·
1065 5509 1150 5574 versu
1166 5491 1350 5555 duodecimo,
1365 5507 1452 5562 quem
1468 5510 1498 5547 m
1514 5493 1611 5549 Gracc
1628 5493 1736 5548 contar.
1754 5494 1785 5547 ln
1801 5493 1890 5544 veteri

155 5567 224 5624 ria.
247 5565 340 5620 Porro
355 5563 530 5631 versiculus,
545 5565 638 5622 Filias
654 5563 743 5620 motae
752 5568 860 5635 justum
881 5579 909 5621 ae
931 5567 1010 5638 tacit,
1065 5565 1192 5622 editione
1221 5562 1308 5618 verba
1340 5561 1391 5618 Sed
1419 5567 1533 5637 corripit
1561 5564 1642 5620 cordo
1671 5560 1889 5629 omivi'avnlleuq

157 5644 228 5702 etc.
246 5637 336 5698 aliter
350 5637 387 5696 ab
402 5636 569 5712 augustino
593 5635 703 5712 legitur
718 5635 803 5710 epist.
819 5635 872 5695 93:
889 5659 903 5690 a
920 5637 1012 5700 Filius
1066 5635 1123 5710 his,
1140 5635 1223 5696 luvet
1237 5635 1343 5694 exitam
1357 5651 1448 5709 saeva,
1464 5641 1692 5714 postponuntur.
1764 5649 1767 5659 ¹
