4064 6158
135 303 188 378 dit
672 309 883 379 tattaeus
907 307 1146 379 tourttnutt
1169 311 1242 379 hid.
1265 301 1306 380 11.
1770 309 1837 383 Μ

136 444 326 520 miscitur,
355 463 442 522 morte
470 463 507 506 ec
522 447 662 506 uoluntate
687 449 790 515 cumb,
819 464 906 521 neque
925 463 959 502 cc
973 446 1109 514 Amitlia
1137 449 1246 506 talenta
1273 451 1387 520 dehere,
1405 448 1484 508 aliud
1513 449 1716 525 quadrantem.
1737 451 1773 511 lit
1800 445 1837 510 de

133 538 268 595 sarman
291 541 358 607 uiri,
395 538 576 595 radendae
601 537 958 610 natitant(ionn.1,t2,
1014 538 1239 611 otiosoquidem
1264 542 1360 608 verbo,
1377 545 1405 597 ct
1424 540 1567 598 adulterio
1591 543 1632 600 rei
1651 542 1835 612 tenebimur;

135 628 174 698 13)
201 627 334 684 Verbum
358 645 425 684 caro
450 628 560 684 iactum
584 630 639 695 est,
662 631 694 682 ut
716 643 770 700 nos
804 627 840 682 da
873 641 960 681 carne
1014 629 1063 683 sed
1094 645 1152 684 non
1180 633 1224 685 est
1251 630 1329 686 idem
1359 629 1544 698 suffundi,et
1563 633 1709 703 torqueri;
1731 632 1834 689 erube-

132 716 327 773 transiremus
343 716 373 772 in
387 717 525 773 Verbum.
550 717 609 774 Nec
631 715 760 773 Verbum
785 715 872 771 desiit
895 729 960 770 esse
1014 733 1103 785 scere,
1119 721 1148 772 et
1163 717 1249 791 longo
1277 722 1407 792 tempore
1436 721 1570 776 cruciari.
1586 721 1675 777 Putas
1700 725 1833 778 nostrum

135 806 213 876 quod
228 805 495 862 iueratrnechomo
506 805 634 878 perdidit
644 805 800 876 osse‚quod
813 806 959 860 natusest.
1014 822 1078 862 esse
1105 807 1183 878 qnod
1206 806 1464 880 loquimurtAudi
1485 809 1651 884 apostolum
1666 809 1832 868 ioannem:

136 893 236 951 Gloria
248 898 332 950 aucta
347 899 402 959 est,
418 910 476 950 non
492 897 604 950 mutata
614 897 729 950 natura.
741 893 792 948 Vis
803 893 877 949 scire
889 909 960 964 quo·
1014 896 1070 965 (tui
1092 896 1142 950 scit
1162 898 1277 967 fratrem
1297 914 1377 952 snum
1402 915 1513 970 peccare
1541 907 1683 972 peccatum
1714 917 1770 956 non
1800 899 1836 955 ud

137 984 223 1040 modo
238 999 306 1039 cum
322 982 436 1039 Christo
452 999 544 1038 unum
568 999 674 1055 corpus
689 981 875 1039 efficiamur?
903 981 959 1037 Do·
1014 988 1136 1052 mortem,
1161 993 1244 1056 petat,
1269 994 1295 1042 ct
1317 987 1392 1042 dubit
1415 989 1442 1042 ei
1463 989 1560 1054 vitum,
1585 989 1711 1061 peccanti
1732 1005 1788 1045 non
1802 987 1838 1045 oct

136 1075 196 1127 cent
220 1075 249 1127 te
274 1071 349 1144 ipse,
370 1071 421 1144 qui
446 1071 596 1128 condidit:
633 1073 690 1143 Qui
711 1072 827 1127 comedit
849 1086 960 1125 concern
1014 1076 1284 1143 montemontano
1304 1078 1459 1146 peccaverit
1482 1077 1517 1132 nd
1531 1085 1658 1146 mortem,
1673 1079 1839 1150 quiscrcbit

132 1177 231 1226 mam,
257 1165 285 1216 et
309 1161 387 1236 ttttt,
398 1162 561 1231 sanguinem
581 1176 683 1228 mcum,
697 1160 782 1216 ticin
797 1177 842 1215 me
857 1163 959 1224 monet,
1014 1177 1063 1232 pro
1078 1177 1108 1216 co
1124 1162 1235 1230 (idean.
1252 1180 1279 1228 v,
1296 1162 1364 1234 tor
1379 1163 1479 1220 Cernis
1499 1165 1575 1236 quod
1600 1165 1625 1221 si
1644 1167 1838 1238 propeccatis

133 1259 157 1306 ct
181 1266 233 1321 epo
260 1251 292 1304 in
321 1249 380 1304 itto.
407 1248 483 1304 Sicut
503 1249 579 1304 misit
603 1265 644 1304 mc
659 1250 751 1304 uiucns
767 1255 858 1316 l’ctcr,
874 1255 899 1304 ct
913 1263 961 1317 cpe
1016 1248 1181 1306 minoribus
1195 1251 1393 1322 deprecemur,
1407 1253 1598 1326 impetremus
1612 1254 1774 1311 veniam.Si
1786 1269 1838 1326 pro

136 1341 193 1396 uico
204 1346 318 1411 propter
332 1341 463 1399 Putrem:
479 1346 506 1393 et
521 1339 568 1410 qni
582 1337 697 1393 comedit
709 1353 762 1404 mc,
775 1339 842 1393 vict
849 1346 962 1410 propter
1015 1337 1186 1410 majoribus,
1199 1339 1326 1398 difficilis
1340 1341 1506 1415 impetratio
1521 1340 1573 1398 sit:
1590 1346 1618 1399 et
1632 1342 1707 1399 inter
1722 1347 1839 1416 peccata

137 1445 188 1484 mc.
218 1430 270 1484 istc
298 1437 337 1482 est
364 1429 447 1498 punis
468 1427 516 1497 qui
537 1427 569 1482 dc
583 1427 649 1482 coeto
664 1427 801 1483 descendit
816 1427 904 1499 (toan.
921 1443 960 1493 vr,
1017 1432 1045 1482 et
1067 1433 1186 1500 peccata
1209 1445 1347 1502 magnam
1373 1423 1437 1486 essa
1464 1430 1646 1487 distantiam.
1664 1431 1744 1488 Unde
1758 1435 1788 1488 et
1802 1431 1838 1487 de

135 1516 279 1590 Stupet.
297 1515 400 1572 Sedet
417 1515 747 1588 ioannesevangctista,
766 1515 816 1588 qui
838 1516 873 1571 de
894 1531 962 1588 pec·
1017 1515 1124 1589 populo
1151 1516 1250 1584 lsrael,
1267 1518 1317 1590 qui
1341 1523 1511 1591 peccaverat
1526 1524 1680 1592 peccatum
1704 1520 1740 1577 ad
1758 1537 1838 1577 mor-

134 1611 193 1664 tore
210 1603 323 1662 Christi
341 1603 480 1660 hauserat
492 1604 679 1677 sapientiam,
699 1605 728 1659 iu
745 1605 847 1661 eadem
875 1605 963 1660 verba
1017 1610 1087 1674 tem,
1105 1605 1211 1662 dicitur
1226 1608 1262 1662 ad
1285 1608 1444 1664 teremiam
1461 1626 1467 1665 :
1485 1609 1547 1665 Noti
1569 1625 1648 1666 crure
1670 1626 1718 1683 pro
1738 1611 1839 1683 populo

133 1694 304 1760 mnoordat,
321 1692 440 1750 dicens:
457 1694 489 1748 tn
514 1693 563 1748 boc
588 1695 773 1763 intcttipimus
796 1694 866 1765 quod
890 1696 919 1749 in
933 1709 963 1749 eo
1017 1694 1075 1762 boc,
1090 1711 1274 1752 necteremus
1288 1713 1338 1767 pro
1360 1699 1400 1753 cis
1415 1698 1640 1770 deprecationem,
1652 1705 1678 1754 ct
1690 1714 1745 1754 non
1768 1699 1840 1754 obsi·

134 1799 290 1850 menemus,
310 1783 409 1855 etipse
423 1784 454 1836 in
466 1783 561 1838 notra:
584 1783 715 1854 qnoniam
729 1781 762 1838 tic
785 1783 891 1854 Spiritu
914 1797 963 1838 scic
980 1791 1072 1884 Batos
1095 1783 1174 1850 mihi,
1191 1786 1255 1855 qnia
1279 1802 1335 1842 non
1365 1786 1515 1842 exaudiunt
1541 1795 1567 1843 te
1590 1787 1699 1860 (ierem.
1716 1805 1767 1854 vrr,
1783 1787 1839 1856 tu).

134 1874 206 1931 dedit
230 1872 369 1930 arabissi
390 1872 451 1943 qnia
474 1875 612 1942 contestas
632 1872 728 1942 suerit,
745 1873 876 1943 quoniam
889 1873 965 1927 ,icant
1019 1873 1049 1928 Si
1066 1876 1162 1928 autem
1179 1891 1282 1930 omnes
1295 1873 1446 1947 aqualiter
1460 1879 1488 1932 et
1508 1875 1665 1933 introimus
1690 1875 1841 1943 saeculum,

134 1972 172 2020 cst
186 1963 278 2018 fitius
302 1961 353 2016 Dei
373 1960 446 2014 Dens
468 1962 498 2015 in
521 1976 552 2015 eo
575 1968 678 2028 monet,
702 1964 728 2015 ct
743 1962 801 2032 ipse
816 1961 846 2015 in
862 1961 913 2016 Deo
926 1964 966 2016 est
1019 1966 1048 2018 et
1063 1961 1176 2018 eximus
1192 1963 1228 2020 de
1249 1962 1366 2028 seculo,
1381 1968 1409 2020 et
1432 1964 1486 2021 hoo
1511 1965 1712 2038 prejudicium
1729 1964 1841 2022 tuturo-

138 2053 160 2124 tt
174 2055 257 2110 taen.
271 2067 311 2114 ιν,
325 2049 370 2116 13,
388 2049 444 2117 15).
461 2048 492 2104 Si
510 2049 606 2104 credis
621 2048 652 2104 in
667 2049 826 2116 Christum,
843 2065 964 2122 quomo·
1019 2066 1086 2106 rum
1102 2051 1154 2123 [tt.
1171 2052 1315 2123 futurum]
1330 2057 1375 2109 est
1391 2069 1397 2107 :
1414 2069 1482 2126 ergo
1504 2052 1654 2126 aqualiter
1670 2059 1698 2111 et
1713 2054 1798 2126 justi,
1814 2057 1844 2111 et

142 2141 180 2197 do
205 2143 235 2196 et
261 2137 381 2210 apostati
421 2136 618 2206 crediderunt,
650 2154 741 2194 unum
766 2155 833 2195 cum
864 2138 907 2194 eis
935 2139 964 2192 in
1020 2145 1185 2213 peccatores
1200 2141 1373 2198 habebimur
1387 2142 1464 2214 apud
1481 2141 1584 2208 Deum,
1599 2143 1669 2215 quia
1684 2159 1762 2200 nunc
1780 2141 1843 2216 pari

143 2227 258 2287 Christo
273 2225 534 2299 corpusetfioieris.
550 2225 579 2280 Si
595 2231 694 2282 autem
715 2227 904 2283 temerarium
922 2228 967 2282 est
1020 2229 1106 2284 modo
1129 2233 1158 2284 et
1181 2245 1366 2302 generamur,
1384 2234 1412 2284 et
1436 2230 1589 2286 morimur.
1613 2230 1694 2296 Quod
1719 2229 1744 2286 si
1768 2230 1843 2288 duos

137 2318 228 2375 fidem
243 2332 347 2373 eorum
360 2315 414 2371 tihi
425 2319 454 2372 et
468 2315 774 2388 operavindicare,qui
790 2316 878 2372 fidam
889 2331 978 2371 eam·
1019 2334 1084 2374 csse
1108 2318 1259 2374 contendis
1272 2318 1376 2386 Adam,
1394 2317 1518 2374 atterum
1542 2323 1702 2386 terrenum,
1718 2316 1843 2375 alterum

134 2407 201 2464 dem
227 2409 257 2462 ct
282 2421 371 2478 opera
396 2420 453 2462 non
477 2402 576 2470 habes,
594 2404 731 2460 eumdem
747 2402 844 2460 locum
859 2404 966 2460 hahere
1020 2406 1227 2473 coelestem3et
1250 2406 1300 2478 qui
1326 2405 1356 2460 in
1380 2408 1494 2462 terreno
1519 2405 1638 2475 suerint,
1655 2422 1705 2463 eos
1726 2421 1791 2463 csse
1806 2405 1843 2462 ad

134 2513 191 2554 non
206 2494 332 2567 poteris.
1020 2494 1170 2551 sinistram
1186 2495 1196 2528 ²
1212 2511 1219 2548 :
1236 2495 1287 2567 qui
1311 2511 1377 2550 vero
1401 2494 1431 2550 in
1457 2495 1580 2562 coelesti,
1596 2511 1646 2552 eos
1667 2511 1731 2552 esse
1746 2494 1844 2552 adex-

167 2587 215 2641 30.
243 2583 317 2640 orto
342 2581 477 2638 catasta.
507 2585 623 2638 Peccata
651 2584 748 2652 provin
778 2586 803 2638 et
827 2583 909 2638 tcuiu.
932 2614 965 2622 -
1019 2583 1091 2652 tris;
1109 2584 1253 2655 responde
1269 2581 1342 2638 mihi
1358 2583 1533 2651 interim,ut
1559 2584 1841 2642 deduobusteira·

133 2680 224 2732 Porro
240 2672 324 2746 quod
336 2670 458 2744 jactitas
471 2687 621 2742 sponsam,
634 2687 777 2740 sororem,
793 2675 967 2740 matrem,et
1020 2671 1116 2728 tribus
1141 2671 1432 2744 interrogemzttsau
1462 2671 1492 2728 in
1520 2677 1635 2730 terreno
1662 2672 1782 2740 iuit,an
1813 2672 1844 2729 in

132 2764 236 2822 omnia
250 2762 315 2817 haec
331 2758 472 2815 vocabula
487 2759 576 2815 unius
596 2775 660 2816 esse
675 2759 819 2827 Ecclesiae,
835 2763 967 2815 cunctos·
1020 2759 1381 2816 coelestitNullidubium
1407 2764 1462 2828 eet,
1478 2761 1549 2834 quin
1578 2761 1608 2818 in
1632 2765 1748 2819 terreno
1777 2777 1845 2819 eum

133 2869 189 2926 que
204 2851 365 2909 credentes
379 2848 427 2904 his
443 2847 613 2904 nominibus
628 2848 797 2922 significari,
822 2853 924 2904 contra
938 2852 967 2904 tc
1021 2849 1113 2905 fuisse
1136 2849 1324 2920 respondeas.
1341 2848 1430 2905 Jacob
1456 2849 1485 2904 in
1510 2866 1568 2922 quo
1590 2849 1669 2906 tuitt
1683 2850 1768 2906 Dices
1781 2865 1847 2923 pro·

133 2943 214 3000 tacit.
243 2939 277 2998 Si
301 2938 382 2994 enim
403 2936 966 3005 unusordoEcclesiaeest,etnonha·
1019 2936 1110 3004 tinus,
1127 2937 1157 2992 in
1173 2934 1293 2992 coetesti.
1309 2937 1343 2992 Et
1358 2938 1503 3009 quomodo
1518 2936 1549 2993 in
1571 2936 1680 2996 coelesti
1693 2938 1759 3002 fuit,
1776 2954 1845 2994 oum

133 3033 182 3088 bet
196 3029 335 3104 plurima
350 3027 484 3083 membra
499 3027 529 3082 in
544 3043 603 3082 arno
614 3043 734 3099 corpore
746 3045 753 3082 :
766 3026 836 3099 quid
848 3042 967 3082 necesse
1021 3025 1117 3081 adhuc
1132 3025 1266 3082 Christus
1282 3041 1340 3080 non
1356 3024 1482 3081 venisset
1495 3024 1525 3080 in
1550 3041 1646 3094 carne,
1663 3025 1714 3098 qui
1738 3041 1844 3083 secun·

133 3124 228 3180 estut
247 3133 373 3190 sponsa,
396 3131 479 3171 soror
501 3117 619 3171 vocetur
641 3119 670 3170 et
696 3121 806 3171 mater:
822 3116 878 3172 nisi
894 3115 965 3171 atio·
1021 3116 1076 3170 dus
1091 3119 1119 3171 at
1133 3113 1260 3170 ooelestis
1287 3113 1379 3170 Adam
1404 3113 1512 3170 dicitur
1524 3117 1535 3170 t
1548 3118 1606 3170 hut
1632 3115 1722 3188 igitur
1741 3131 1843 3172 omnes

133 3226 201 3266 rum
226 3223 352 3280 sponsa,
376 3201 501 3260 aliorum
526 3219 618 3270 soror,
643 3203 767 3260 aliorum
793 3207 887 3260 mater
905 3185 1003 3259 sirit}
1022 3205 1098 3261 m
1114 3207 1182 3260 ante
1197 3201 1551 3283 incarnationemGhristi
1565 3203 1596 3259 in
1614 3205 1704 3260 veteri
1728 3208 1844 3277 reputa·

133 3299 220 3355 Stant
246 3295 371 3368 quidem
396 3308 498 3348 ornnes
522 3291 557 3347 ad
582 3293 733 3348 dextram:
751 3292 801 3348 sed
818 3291 894 3348 alius
909 3295 967 3347 stat
1022 3291 1067 3348 bis
1081 3291 1185 3361 Adam,
1201 3295 1229 3347 et
1237 3289 1312 3362 justi
1328 3307 1443 3362 quoque
1456 3291 1486 3346 in
1501 3294 1615 3347 terreno
1627 3291 1757 3359 homino,
1769 3295 1798 3347 et
1809 3290 1845 3347 ad

136 3392 172 3442 ut
187 3401 327 3459 sponsus,
344 3380 421 3436 atius
437 3385 469 3436 ut
484 3381 583 3451 trater,
597 3379 673 3436 alius
693 3383 725 3436 ut
752 3379 840 3437 filius.
874 3380 969 3435 Ftttoti
1022 3380 1174 3436 sinistram
1193 3383 1279 3436 erunt
1301 3379 1378 3435 inter
1393 3379 1490 3436 hircos
1510 3382 1577 3437 tuus
1594 3395 1601 3435 :
1618 3384 1669 3437 aut
1680 3380 1705 3437 si
1720 3379 1846 3452 impium

135 3475 248 3548 inquit,
277 3473 344 3539 mci,
374 3486 441 3542 quos
468 3471 570 3525 iterum
590 3471 727 3542 parturio,
747 3469 968 3526 donccGirristus
1023 3473 1067 3526 est
1090 3469 1129 3523 ibi
1156 3470 1236 3524 isaac
1258 3483 1376 3541 ponere,
1392 3467 1443 3524 ubi
1467 3469 1592 3524 ismael:
1614 3468 1655 3525 ibi
1678 3468 1779 3539 Jacob,
1797 3468 1847 3525 uhi

143 3566 280 3634 tumtur
294 3563 326 3615 in
338 3561 412 3616 cobis
427 3557 528 3630 (Galat.
545 3575 583 3624 ιν,
607 3559 662 3632 19).
688 3557 815 3614 Putasne
835 3559 968 3630 ejusdem
1024 3560 1099 3614 Esau
1122 3575 1128 3626 ;
1150 3557 1190 3613 ibi
1216 3560 1345 3624 sanctos,
1374 3557 1424 3613 ubi
1450 3560 1615 3629 peccatores
1639 3575 1646 3625 ;
1671 3556 1851 3614 novissimus

147 3665 214 3707 esse
236 3648 334 3705 meriti
353 3647 467 3720 eosqui
484 3647 699 3721 parturiuntur,
715 3645 808 3717 etqui
824 3645 971 3719 parturit?
1026 3647 1115 3703 Adam
1133 3662 1167 3702 ex
1189 3661 1222 3701 eo
1248 3650 1379 3717 tempore
1403 3645 1615 3712 numerabitur,
1630 3661 1689 3718 quo
1714 3645 1850 3702 Christus

149 3737 233 3795 Unde
256 3740 285 3793 et
309 3735 393 3792 stulte
421 3751 552 3792 asserere
580 3734 695 3791 voluisti
724 3736 973 3791 omniamembra
1026 3741 1071 3794 ast
1107 3739 1195 3790 natus
1223 3751 1257 3790 ex
1280 3734 1411 3807 Virgine,
1436 3737 1465 3789 et
1488 3737 1694 3807 argumentum
1723 3734 1851 3790 duorum

143 3825 301 3901 aequatiter
314 3842 368 3882 nos
383 3824 515 3898 diligere,
532 3840 584 3880 nec
600 3823 719 3880 oculum
735 3839 903 3896 preponere
927 3823 971 3879 di·
1027 3825 1119 3881 Adam
1143 3840 1201 3879 non
1224 3822 1355 3895 proficiet
1374 3822 1477 3879 ovibus
1494 3825 1522 3879 et
1540 3821 1632 3878 hedis
1653 3822 1724 3892 tuis,
1740 3821 1810 3895 quia
1821 3822 1852 3880 in

141 3917 214 3992 gito,
238 3929 295 3972 nec
317 3929 440 3970 manum
467 3910 624 3980 auricutae;
657 3912 708 3968 sed
727 3911 757 3967 in
789 3910 971 3984 singulorum
1029 3913 1123 3985 primo
1138 3912 1232 3967 Adam
1253 3915 1281 3967 et
1296 3927 1364 3968 oves
1378 3915 1407 3967 et
1429 3911 1528 3967 haedos
1552 3910 1732 3968 convicimus
1751 3911 1852 3981 tuisse,

142 4005 309 4063 amissione
321 4003 533 4070 membrorum,
549 3999 679 4057 dolorem
695 4017 760 4056 esse
774 4016 973 4068 communem,
1029 4007 1058 4058 et
1072 4000 1102 4056 in
1118 4016 1175 4056 uno
1192 4003 1280 4069 atque
1295 3997 1398 4054 eodem
1414 3998 1543 4068 homine,
1560 3997 1632 4055 alios
1647 4015 1665 4054 a
1678 3996 1786 4055 dextris
1803 3997 1854 4055 Dei

143 4109 212 4150 cnm
228 4089 391 4164 Apostolus
406 4089 508 4144 doceat
521 4088 556 4144 ad
575 4087 750 4156 Corinthios,
775 4089 838 4143 Atta
852 4071 997 4145 mcmbrn'
1030 4089 1156 4156 stetisse,
1171 4087 1244 4144 alios
1259 4086 1416 4143 asinistris
1431 4105 1438 4142 ε
1454 4087 1492 4142 tt
1515 4085 1603 4142 adam
1628 4087 1704 4142 enim
1721 4101 1805 4159 nsque
1819 4085 1855 4142 ud

143 4183 222 4240 m
233 4195 296 4238 erse
310 4179 477 4242 honediorc,
489 4179 548 4233 ulio
562 4176 776 4240 verecundiora:
792 4180 817 4232 ct
830 4193 890 4249 quae
906 4193 977 4234 ccre-
1031 4183 1156 4251 Moysen,
1173 4192 1246 4232 mors
1264 4191 1346 4247 snper
1364 4191 1455 4230 omnes
1479 4175 1620 4230 dominatu
1634 4181 1683 4240 est,
1703 4175 1787 4230 ctiam
1804 4189 1855 4229 arc·

143 4271 283 4329 cundiam
305 4275 383 4334 sucat,
407 4267 512 4339 major-c
535 4267 672 4322 harenata
698 4265 867 4321 circumdari
873 4266 879 4301 ¹
893 4285 903 4322 .·
918 4282 977 4338 qnae
1030 4285 1080 4342 per
1093 4283 1136 4323 cos
1150 4268 1198 4339 qni
1212 4281 1267 4322 non
1280 4271 1483 4336 peccauerunt:
1499 4264 1530 4318 in
1557 4261 1769 4319 simititndincm
1782 4277 1854 4334 pra-

147 4376 211 4416 πετο
223 4377 274 4432 per·
287 4373 317 4414 sc
330 4357 456 4424 bonesen,
472 4356 558 4412 nostri
576 4355 629 4428 [11.
656 4355 766 4424 nostra]
792 4371 847 4410 non
872 4355 977 4426 indipc·
1032 4358 1211 4414 varicationtc
1225 4354 1311 4410 Adam
1322 4357 1410 4423 (Rom.
1426 4371 1454 4421 v,
1470 4353 1526 4421 11).

145 4444 537 4515 retottccituctine(tdorx11
559 4443 670 4514 22-24).
701 4444 878 4514 Ejusdemne
901 4443 977 4499 ordi·
1070 4447 1114 4502 31.
1132 4445 1164 4500 tn
1177 4447 1301 4516 martyre
1324 4445 1450 4500 voluntas
1467 4445 1624 4498 coronatur.
1641 4472 1675 4482 -
1691 4442 1730 4498 De
1755 4457 1788 4498 eo
1804 4457 1855 4497 au-

144 4539 196 4595 nie
225 4533 385 4594 arbitraris
412 4538 441 4589 et
465 4533 571 4600 meriti,
606 4549 639 4588 os
663 4535 691 4588 et
711 4531 818 4600 alvum,
836 4531 935 4589 oculos
950 4535 980 4587 et
995 4550 1018 4615 D
1032 4539 1092 4591 tem
1109 4534 1186 4606 quod
1204 4531 1307 4588 niteris
1323 4532 1494 4605 approhare,
1511 4529 1676 4587 convicium
1691 4533 1720 4586 et
1734 4528 1857 4586 homici-

145 4631 268 4684 meatus
293 4639 347 4697 per
362 4638 437 4695 quos
453 4622 541 4678 fimus
554 4621 682 4695 egeritur
697 4624 725 4677 et
739 4621 846 4676 urina?
858 4623 981 4677 Lucerna
1035 4624 1128 4692 dium,
1144 4638 1212 4677 raca
1226 4625 1255 4677 et
1266 4620 1489 4689 adulterium,et
1503 4619 1631 4677 otiosum
1647 4622 1859 4689 sermonem,et

145 4715 259 4787 inquit,
279 4713 404 4783 corporis
425 4713 470 4766 tui
492 4716 532 4767 est
546 4710 640 4766 ocutus
654 4714 725 4765 tuus.
741 4710 771 4765 st
785 4710 880 4766 ocutus
895 4725 981 4766 cacus
1034 4710 1216 4782 impietatem
1232 4725 1290 4764 uno
1306 4709 1450 4782 supplicio
1468 4709 1627 4782 repensari,
1638 4709 1702 4780 jam
1726 4712 1860 4778 utsupra

148 4804 252 4874 tuerit,
267 4809 357 4858 totum
383 4814 481 4871 corpus
505 4800 536 4854 in
568 4799 686 4854 tenebris
713 4805 753 4854 cst
775 4799 851 4866 (Luc.
867 4815 907 4863 x1,
923 4799 979 4869 31).
1034 4797 1088 4854 tibi
1104 4813 1278 4869 responsum
1297 4801 1351 4864 cst,
1368 4802 1397 4854 et
1422 4814 1500 4854 nure
1520 4797 1643 4855 breviter
1666 4793 1858 4868 respondebo.

150 4889 188 4946 Si
204 4889 327 4962 digitum
341 4891 488 4960 amputas,
508 4888 533 4943 ai
557 4887 757 4943 summitatem
774 4885 922 4951 auricula,
937 4891 983 4942 est
1034 4889 1092 4943 Aut
1108 4890 1290 4959 peccatorem
1306 4889 1334 4940 te
1349 4886 1483 4957 negabis,
1495 4891 1527 4940 ut
1542 4902 1599 4942 non
1615 4884 1657 4941 ais
1673 4899 1741 4940 rous
1754 4883 1861 4956 gehan-

151 4977 277 5052 quidem
292 4977 387 5042 dolor,
400 4976 451 5032 sed
466 4993 524 5032 non
539 4979 654 5031 tantum
670 4974 823 5039 damnum,
839 4978 983 5031 nectente
1037 4993 1080 5032 nm
1097 4991 1104 5030 t
1122 4979 1172 5030 aut
1189 4973 1213 5029 si
1230 4976 1363 5045 peccator
1386 4973 1486 5041 tueris,
1503 4972 1590 5028 etiem
1616 4972 1651 5029 de
1670 4971 1725 5028 levi
1739 4971 1861 5029 crimine

146 5083 226 5126 cum
248 5067 350 5124 dotare
373 5064 554 5130 deformitas,
580 5067 689 5136 quanta
714 5063 736 5119 si
760 5062 860 5118 otrrtos
884 5079 981 5132 eruas,
1038 5063 1152 5120 duceris
1166 5062 1202 5117 ad
1218 5065 1371 5117 tartarum.
1389 5063 1432 5128 Os,
1450 5061 1555 5132 inquit,
1573 5063 1642 5133 quod
1659 5062 1802 5128 mentitur,
1817 5077 1861 5118 oc·

146 5165 277 5214 mances
291 5171 390 5222 nares,
406 5170 438 5211 os
455 5153 592 5210 disseces.
609 5152 676 5208 Sine
690 5151 756 5208 atiis
780 5150 921 5207 membris
945 5150 984 5208 vi·
1037 5154 1104 5210 cidit
1124 5153 1248 5208 unimam
1271 5149 1455 5222 (Sup.1,1t).
1479 5149 1618 5222 Suspicor
1642 5153 1670 5208 te
1691 5149 1861 5223 aliquando,

145 5261 223 5304 vera
236 5260 410 5319 possumus,
430 5243 494 5300 sine
509 5241 573 5299 aliis
588 5241 707 5298 omnino
730 5257 787 5296 uon
813 5255 981 5313 possumus.
1038 5247 1072 5299 ut
1085 5239 1245 5302 hominem,
1261 5238 1352 5294 fuisse
1364 5237 1519 5294 mentitum
1535 5255 1541 5294 :
1558 5240 1655 5296 omnis
1676 5240 1754 5296 enim
1775 5241 1862 5297 homo

145 5337 232 5392 Sunt
248 5337 371 5407 peccata
396 5331 481 5402 levia,
510 5335 579 5388 sunt
597 5329 705 5404 gravia.
721 5327 810 5385 Aliud
825 5335 870 5385 est
883 5329 983 5386 decem
1040 5331 1166 5388 mendax
1199 5328 1286 5400 (Psoi.
1307 5326 1381 5399 cxv),
1398 5328 1431 5382 ut
1454 5326 1492 5383 sit
1517 5327 1599 5385 solus
1625 5328 1702 5386 Deus
1722 5332 1864 5401 verax,et

195 5569 204 5602 ¹
221 5564 401 5623 Veronensis
412 5581 478 5622 cum
494 5563 691 5634 Cistercienai,
707 5564 839 5637 majorem
860 5561 985 5620 bonesto-
1076 5561 1086 5594 ¹
1101 5557 1177 5614 Olim
1193 5573 1249 5614 case
1276 5557 1311 5612 nd
1336 5558 1491 5625 sinistrum,
1507 5557 1690 5616 cisterciens.
1707 5555 1862 5622 caunac,

150 5645 217 5698 tem
230 5637 417 5694 circumdare.
1042 5629 1294 5704 quemadmodum
1308 5629 1422 5688 etinira
1437 5629 1535 5688 hahet.
