4054 6168
137 337 217 409 ills
360 351 365 369 '
638 340 949 410 COMMENTARIUS
970 343 1011 409 IN
1031 341 1333 411 euctaeiasreo.
1756 347 1836 420 tlte

133 477 196 536 lam
208 473 406 546 delectaverit,
420 475 524 534 tandiu
547 475 661 535 videtur
687 478 814 534 tribuere
828 477 958 551 volupta-
972 486 999 549 Α
1014 477 1101 550 pitur,
1118 497 1154 534 ne
1170 481 1246 535 ultra
1261 497 1350 552 quam
1371 481 1406 538 de
1421 497 1455 538 ec
1469 476 1553 541 nohis
1568 481 1712 560 scriptum
1723 491 1779 557 est,
1790 503 1835 548 re·

133 573 207 636 tem,
224 568 357 640 quaudiu
371 571 489 642 gutture
504 567 680 624 continetur.
703 567 775 623 Cum
788 583 855 623 vero
869 567 898 623 in
915 566 956 624 el·
1013 568 1175 640 quiramus,
1193 585 1227 624 na
1246 569 1315 625 velit
1341 570 1428 628 humo
1452 569 1518 644 plus
1543 573 1627 644 scire,
1653 593 1740 650 quam
1756 578 1833 636 Scri·

132 673 205 712 vum
220 656 380 727 transierit,
400 656 508 713 desinit
530 657 606 712 inter
631 656 711 712 cibos
727 671 791 712 esse
805 657 955 713 distantia.
1011 659 1275 727 pturutestataest.
1289 663 1359 714 Cum
1380 661 1457 716 enim
1470 661 1593 718 dastatu
1610 667 1833 740 nostroignors·

132 745 170 800 itt
184 749 253 817 post
268 744 328 802 haec
343 745 451 813 omnia,
467 761 525 801 non
540 744 678 816 impletur
692 744 792 800 anime
805 745 957 801 comeden-
1011 760 1089 810 mus,
1105 749 1134 800 ει
1148 746 1207 802 vita
1223 751 1325 804 nostra
1340 749 1424 820 quasi
1435 751 1541 807 umbra
1550 756 1744 825 pertranseat,
1754 758 1835 813 etiu-

131 836 193 892 tie:
210 834 271 891 sive
285 834 364 906 quod
378 849 497 890 rursum
513 833 666 900 desideret,
684 834 762 904 quod
777 833 912 902 comedit,
928 839 958 890 ει
1010 835 1077 888 tura
1090 833 1201 891 incerta
1227 836 1296 908 siut,
1327 855 1385 894 non
1413 839 1498 896 nobis
1526 841 1642 913 expedit
1670 848 1702 899 ut
1723 845 1834 918 majora

133 927 197 980 mm
221 923 339 995 sapiens
363 938 450 995 quam
475 922 585 979 stultus
608 922 719 994 absque
741 923 805 979 cibo
831 927 956 995 nequeat
1011 937 1099 992 quam
1128 939 1287 995 possumus
1311 926 1507 998 inquiramus.
1537 930 1675 986 Nonnulli
1705 932 1778 990 illud
1803 935 1833 991 iu

131 1012 239 1079 vivere,
255 1016 284 1068 et
298 1028 411 1084 pauper
425 1011 497 1067 nihil
512 1010 592 1068 eliud
607 1015 726 1082 quaerat,
740 1011 795 1068 nisi
809 1013 955 1084 quomodo
1010 1010 1065 1066 hoo
1080 1011 1142 1068 locu
1158 1013 1319 1086 significari
1335 1021 1449 1087 putant,
1467 1019 1544 1089 quod
1561 1020 1704 1090 omnium,
1722 1023 1772 1095 qui
1788 1025 1834 1080 fu-

131 1101 187 1173 (At.
203 1101 293 1174 quod)
314 1099 407 1174 possit
420 1116 563 1172 organum
588 1099 633 1156 sui
657 1099 823 1172 corpusculi
838 1105 954 1157 susten·
1010 1099 1068 1155 turi
1083 1106 1165 1169 sunt,
1187 1106 1216 1158 ct
1230 1102 1384 1160 hominum
1402 1122 1521 1178 corpore
1543 1108 1757 1184 circumdandi,
1769 1113 1833 1184 jam

131 1196 205 1258 tare,
222 1205 276 1247 neo
290 1188 409 1245 interire
424 1187 537 1244 inedia:
559 1187 617 1244 sive
644 1189 720 1261 quod
747 1188 858 1245 nullam
875 1189 954 1245 utili·
1009 1189 1111 1244 Deus⁸
1134 1191 1308 1248 vocabulum
1333 1193 1462 1250 novarit:
1490 1211 1543 1251 nec
1568 1198 1660 1268 possit
1684 1199 1772 1256 homo
1786 1217 1833 1257 re-

129 1283 223 1336 tatcm
236 1278 336 1335 anima
349 1293 385 1333 ex
399 1275 553 1334 relectione
567 1275 734 1350 corpusculi
749 1277 854 1350 capiat,
871 1283 899 1333 ot
913 1278 953 1334 ci·
1009 1276 1153 1348 spondere
1168 1285 1268 1336 contro
1283 1282 1424 1338 artificem
1440 1300 1539 1352 suum,
1561 1301 1652 1356 quare
1667 1285 1708 1342 ita
1722 1289 1766 1344 vel
1792 1288 1834 1345 ita

129 1368 261 1424 bustam
273 1365 397 1439 sapienti
409 1382 498 1438 quam
509 1365 598 1423 stulto
609 1365 774 1423 communis
785 1366 835 1436 sit,
846 1370 873 1422 et
884 1366 954 1422 illuc
1009 1363 1104 1420 factus
1114 1365 1162 1421 sit.
1175 1370 1289 1433 Quanto
1300 1371 1379 1425 enim
1390 1371 1517 1444 amplius
1528 1373 1740 1444 quesierimus,
1751 1380 1832 1434 tanto

128 1457 221 1512 vadat
237 1470 358 1528 pauper,
384 1453 434 1510 ubi
454 1471 522 1527 opes
547 1471 611 1511 esse
635 1456 825 1528 perspexerit.
850 1455 954 1512 Melius
1009 1453 1103 1524 mags
1120 1457 1233 1512 ostendi
1250 1459 1408 1516 vanitatem
1433 1465 1608 1517 nostramet
1627 1464 1830 1538 verbasupar·

131 1549 180 1602 est
193 1547 291 1602 autem
306 1543 362 1600 hoc
383 1542 509 1616 intelligi
531 1544 566 1599 do
590 1543 791 1600 Ecclesiastico
815 1544 886 1612 viro,
904 1545 953 1618 qui
1008 1541 1081 1598 ilua:
1098 1547 1127 1599 et
1141 1562 1198 1601 nou
1214 1562 1248 1601 ex
1262 1549 1448 1619 prescientia
1465 1549 1513 1606 Dei
1534 1549 1660 1607 liberum
1675 1552 1737 1609 tolli
1754 1555 1832 1610 arbi-

133 1635 166 1690 ιιι
181 1633 336 1705 Scripturis
351 1631 518 1690 caelestibus
531 1633 674 1699 cruditus,
694 1649 810 1689 omnum
823 1633 952 1690 laborem
1007 1631 1108 1700 trium,
1127 1634 1177 1688 sed
1197 1650 1304 1691 causas
1330 1641 1396 1692 ante
1420 1639 1593 1710 praecedere,
1618 1657 1708 1712 quere
1724 1659 1830 1699 unum-

133 1721 222 1778 habet
236 1721 264 1776 ia
278 1738 327 1778 ore
341 1739 405 1788 suo,
422 1725 450 1776 et
464 1721 639 1792 unimaejus
650 1738 707 1778 non
718 1722 868 1795 impletur,
881 1724 952 1779 dum
1007 1721 1146 1792 quodque
1160 1722 1203 1778 sic
1218 1724 1328 1780 iactum
1344 1725 1391 1782 eit.

130 1811 340 1884 sempercupit
354 1811 479 1868 discere.
494 1811 529 1865 St
543 1811 573 1865 ιε
588 1827 621 1866 eo
636 1810 703 1883 plus
718 1811 807 1867 hahet
821 1811 950 1884 sapiens,
968 1857 991 1922 B
1043 1830 1056 1859 u
1071 1810 1144 1875 Ouia
1166 1817 1236 1867 sunt
1258 1813 1346 1872 verbu
1356 1815 1474 1872 multa⁸
1496 1816 1722 1890 multiplicantia
1745 1817 1829 1875 vani·

128 1913 223 1971 quam
242 1896 403 1970 insipieus:
422 1897 492 1970 quia
506 1914 573 1953 cum
589 1913 746 1970 pauperem
766 1915 831 1956 esse
846 1915 875 1955 εε
890 1916 954 1955 sen·
1008 1899 1109 1953 tatem.
1125 1899 1198 1964 Quid
1215 1902 1403 1975 estamplius
1418 1904 1529 1960 homiui
1544 1905 1663 1970 tiocia
1679 1906 1758 1963 enim
1768 1923 1833 1981 cog-

126 1987 184 2043 tiat
197 1989 371 2060 (puaperem
388 1991 486 2044 autem
501 1986 596 2058 iilum,
613 1987 663 2059 qui
679 1987 709 2043 in
723 1988 876 2063 Evangelio
887 1990 954 2044 bea·
1009 1989 1089 2042 novit
1118 1989 1188 2059 quid
1214 1990 1253 2046 sit
1282 1993 1391 2048 bonum
1422 1993 1534 2050 homini
1564 1995 1594 2050 in
1623 1996 1692 2064 vita,
1710 2013 1832 2052 numero

125 2079 178 2132 tus
193 2076 323 2149 dicitur),
340 2079 476 2149 proporat
488 2075 524 2132 ed
541 2092 576 2132 eu
595 2075 878 2148 comprehendenda,
891 2095 954 2150 quae
1009 2074 1123 2131 dierum
1138 2078 1203 2133 vitre
1219 2081 1356 2136 vanitatis
1375 2082 1466 2152 ejus?
1488 2086 1517 2138 ει
1543 2083 1628 2142 faciet
1647 2085 1721 2140 eos⁶
1747 2086 1832 2156 quasi

126 2166 196 2221 vitae
212 2169 293 2234 snut,
308 2169 338 2220 et
358 2164 491 2221 ambulat
506 2167 617 2220 arctam
642 2169 672 2222 et
696 2170 851 2238 angustam
865 2167 953 2235 viam,
1009 2165 1156 2234 umbram,
1173 2167 1243 2239 quia
1259 2169 1326 2240 quis
1341 2171 1418 2225 m
1431 2170 1831 2244 annuntiabithomini,quid

128 2271 194 2327 quae
209 2255 292 2309 ducit
307 2255 344 2310 ad
358 2255 459 2320 vitam,
471 2257 500 2309 et
509 2269 620 2326 pauper
629 2257 701 2310 εειε
716 2253 802 2310 malis
816 2255 954 2327 operibus
1007 2253 1045 2308 sit
1059 2257 1125 2325 pust
1138 2271 1205 2310 eum
1221 2257 1276 2312 sub
1294 2255 1379 2314 sole?
1394 2279 1408 2307 u
1426 2261 1508 2326 Cum,
1523 2259 1629 2332 inquit,
1647 2259 1762 2332 ignoret
1776 2260 1831 2316 ho·

127 2347 158 2399 ει
172 2343 229 2400 scit
242 2343 292 2398 ubi
312 2343 445 2400 Christus
460 2342 509 2415 qui
525 2342 584 2397 vita
599 2345 653 2409 est,
673 2347 879 2400 commoretur.
1008 2357 1056 2396 mo
1072 2342 1106 2397 dc
1128 2347 1206 2399 statu
1230 2361 1294 2412 suo,
1320 2350 1349 2401 et
1370 2362 1552 2418 quecunque
1574 2347 1690 2404 videtur
1713 2347 1788 2404 scire
1802 2353 1832 2405 ει

164 2455 179 2482 a
196 2430 300 2487 Melior
314 2436 359 2488 εει
373 2435 510 2504 aspectus
525 2430 676 2486 oculorum
697 2448 784 2504 super
799 2432 952 2489 ambulen·
1007 2445 1134 2497 cernere,
1151 2447 1207 2487 non
1230 2437 1262 2488 ut
1277 2449 1308 2488 sa
1322 2433 1362 2489 rei
1378 2432 1465 2490 habet
1487 2436 1604 2504 veritas,
1632 2436 1682 2492 sed
1697 2452 1750 2508 par
1764 2451 1829 2508 sps·

128 2523 189 2576 tam
204 2519 234 2576 in
250 2520 361 2576 anima.
378 2519 431 2575 Sed
447 2523 476 2576 ot
499 2519 555 2575 hoc
579 2519 692 2574 vanitas
715 2525 743 2575 ct
764 2521 953 2594 praesumptio
1007 2517 1118 2588 culum,
1134 2523 1162 2574 et
1177 2521 1312 2577 umbram
1328 2527 1356 2578 ει
1371 2522 1529 2596 imaginem
1544 2525 1651 2591 videat,
1669 2541 1721 2580 nec
1732 2524 1830 2582 lutura

127 2605 262 2679 spiritus.
280 2628 294 2656 u
310 2605 444 2662 Dilucide
457 2606 512 2662 hoc
527 2605 736 2678 interpretatus
760 2613 804 2664 est
819 2609 952 2688 Symma-
1007 2613 1173 2678 eognoscat,
1186 2611 1251 2666 etin
1264 2610 1450 2684 multiloquio
1460 2629 1517 2669 uon
1530 2613 1827 2687 otiugiatpeccatum;
1873 2606 1882 2620 ⁸

126 2695 203 2752 chus
216 2695 336 2751 dicans:
356 2717 370 2746 c
383 2693 489 2752 Melius
504 2701 549 2751 εει
563 2695 725 2768 providere,
742 2712 829 2768 quam
846 2698 953 2753 ambu—
1006 2693 1157 2752 silentium
1173 2703 1263 2771 ponat
1278 2701 1320 2755 cri
1339 2717 1403 2769 suo,
1419 2707 1448 2757 et
1462 2702 1561 2758 credat
1575 2719 1643 2758 eum
1655 2702 1768 2760 venisse
1779 2703 1829 2775 qui

125 2783 200 2851 lare,
215 2787 248 2840 ut
261 2783 352 2850 libct;
377 2806 387 2833 ι
406 2783 484 2839 m
501 2783 531 2839 id
546 2788 601 2852 cst,
619 2783 724 2840 melius
740 2787 875 2857 estjuxtu
889 2803 953 2843 sen·
1005 2784 1134 2855 scriptus
1149 2790 1203 2858 est,
1219 2790 1377 2860 quomodo,
1393 2795 1421 2845 ει
1435 2794 1574 2861 quantur,
1586 2794 1613 2848 et
1628 2791 1725 2863 qualis
1740 2801 1828 2848 vens-

124 2889 195 2928 sum
215 2876 320 2928 cuneta
336 2888 431 2944 agore,
456 2873 508 2944 qui
532 2872 638 2929 animae
661 2877 704 2929 εει
732 2873 845 2940 oculus,
862 2890 951 2946 quam
1006 2870 1053 2941 rit,
1070 2889 1128 2930 non
1150 2877 1312 2947 requirens.

122 2961 309 3018 voluntatem
326 2961 422 3017 cordis
438 2961 523 3034 sequi
538 2962 558 3018 ¹.
575 2961 634 3018 Hoc
649 2965 694 3017 est
708 2963 784 3018 enim
802 2961 953 3020 ambulare
1041 2960 1120 3034 (Gap.
1141 2961 1214 3035 VII.)
1239 2985 1253 3014 a<
1278 2971 1391 3021 Bonum
1415 2970 1460 3022 est
1482 2982 1588 3022 nomon
1615 2982 1704 3040 super
1728 2965 1826 3037 picam

122 3049 155 3106 in
171 3049 282 3118 anima,
303 3049 381 3106 sieut
405 3049 536 3106 Ezechiel
551 3049 607 3105 ait:
636 3052 688 3119 Qui
706 3051 847 3107 ambutant
861 3053 891 3108 ic
906 3069 951 3108 oo·
1005 3048 1126 3117 bonum,
1144 3053 1243 3109 etdies
1254 3053 1358 3110 mortis
1370 3055 1546 3127 superdiem
1556 3055 1714 3111 nativitatis
1724 3056 1798 3126 ejus.
1811 3078 1826 3106 »

122 3138 516 3210 emmerammenses.
532 3156 563 3206 ιι,
588 3139 643 3210 2l).
669 3138 720 3195 Vei
743 3144 821 3196 certo
848 3157 950 3214 super·
1004 3135 1171 3208 Considera,
1197 3139 1304 3214 inquit,
1329 3159 1345 3198 o
1369 3142 1467 3211 bomo,
1494 3143 1558 3200 dies
1581 3147 1649 3200 tuos
1673 3145 1783 3214 breves,
1800 3149 1829 3202 et

121 3228 196 3284 bum
212 3231 242 3283 et
264 3226 321 3282 sibi
343 3226 506 3298 placentem
528 3227 634 3300 arguit,
659 3231 687 3283 et
712 3227 862 3284 meliorem
878 3225 985 3292 dicitG
1004 3226 1075 3298 quia
1089 3227 1146 3284 cito
1161 3245 1236 3294 esse,
1251 3230 1348 3287 soluta
1362 3247 1458 3297 carne,
1482 3233 1629 3290 cessabis:
1646 3233 1691 3289 lac
1715 3233 1768 3288 tibi
1783 3234 1827 3289 te·

122 3333 190 3374 εεεε
204 3332 285 3380 eum,
301 3315 351 3387 qui
370 3320 476 3371 cuncta
494 3315 654 3386 provideat,
679 3331 768 3388 quam
791 3315 887 3384 illum,
902 3318 948 3373 oui
1004 3330 1083 3370 mam
1109 3315 1282 3390 longiorem,
1307 3325 1340 3375 ut
1363 3322 1511 3393 quomodo
1536 3326 1719 3396 unguentum
1742 3339 1827 3379 nares

123 3403 486 3478 nihilplacet,nisiquod
507 3403 570 3477 ipse
593 3403 711 3461 iecerit:
734 3421 792 3476 quo
817 3405 950 3462 nihilest
1004 3404 1092 3461 odore
1120 3406 1254 3478 delectat,
1283 3408 1325 3464 sic
1354 3409 1391 3466 ad
1419 3415 1503 3467 tuum
1527 3410 1703 3468 vocabulum
1724 3416 1828 3467 cuncta

122 3493 268 3561 domitus,
291 3497 320 3549 et
344 3492 425 3549 omni
447 3497 535 3550 vento
559 3491 687 3549 inanius.
711 3493 838 3549 Rursum
859 3497 887 3549 ει
901 3493 948 3550 hic
1003 3494 1159 3562 posteritas
1174 3497 1184 3530 ⁷
1199 3495 1368 3553 delectetur.
1385 3500 1466 3564 Quod
1486 3500 1638 3572 perspicue
1653 3500 1826 3572 interpreta-

118 3583 361 3655 praeeurnpticrem
379 3582 504 3654 spiritus,
529 3581 635 3654 Aquila
658 3585 687 3638 ει
710 3581 877 3652 theodotio,
896 3600 947 3656 po·
1002 3584 1051 3636 tus
1066 3585 1111 3638 est
1126 3583 1331 3656 Symmachus,
1355 3586 1474 3644 dicens:
1494 3611 1504 3636 ι
1531 3586 1636 3644 Melius
1660 3591 1705 3643 εει
1719 3605 1825 3645 acmen

122 3673 243 3727 ctionem
254 3673 335 3740 emti,
351 3670 533 3742 interpretati
558 3675 646 3727 sunt:
672 3671 866 3745 Symmachus
880 3687 947 3728 vero
1002 3669 1124 3737 bunum,
1141 3687 1230 3744 quam
1247 3679 1432 3747 unguentum
1447 3674 1627 3732 beneolens.
1642 3697 1656 3727 »
1675 3675 1824 3748 Siquidem

120 3760 292 3832 affectionem
303 3762 426 3832 spiritus.
443 3759 531 3816 Porro
547 3760 698 3816 sciendum
710 3762 764 3828 est,
777 3760 855 3831 quod
868 3761 946 3831 apud
1002 3758 1092 3814 moris
1108 3765 1153 3815 εει
1177 3761 1363 3820 Hebraeorum
1387 3769 1569 3837 unguentum
1591 3764 1712 3835 bunum,
1727 3763 1824 3820 oleum

115 3848 257 3906 Hebraeos
272 3852 300 3905 ει
314 3848 435 3922 spiritus
450 3851 480 3904 ει
494 3853 598 3905 ventus
613 3848 749 3906 similiter
762 3847 947 3921 appellentur
1002 3863 1181 3923 nuncupare.
1198 3851 1279 3916 Quod
1296 3857 1392 3909 autem
1414 3854 1473 3908 ait:
1491 3874 1505 3903 «
1519 3853 1553 3908 St
1567 3852 1629 3909 dies
1655 3852 1759 3909 mortis
1775 3869 1824 3909 su·

114 3937 147 3993 id
163 3941 220 4006 est,
237 3937 321 3995 Rosa
335 3939 356 3993 ².
1001 3953 1052 4008 per
1066 3939 1144 3994 diem
1160 3940 1320 3998 nativitatis
1335 3942 1411 4012 ejus,
1426 3963 1440 3992 »
1452 3941 1495 3997 vel
1506 3941 1560 3998 hoc
1571 3941 1707 4011 ostendit,
1720 3941 1825 3999 melius

153 4049 168 4076 a
186 4025 262 4090 Quid
278 4029 332 4094 εει,
349 4026 426 4098 quod
442 4027 575 4082 futurum
590 4027 657 4083 est?
667 4028 731 4098 jam
746 4031 883 4084 vocatum
898 4033 945 4086 est
1000 4041 1064 4082 osse
1075 4028 1153 4084 exire
1163 4029 1198 4084 de
1209 4028 1325 4097 seculo,
1338 4034 1367 4084 ει
1376 4046 1473 4086 carere
1484 4030 1725 4088 tribulationibus
1736 4035 1824 4104 atque

113 4115 318 4188 nomenoius,
334 4116 538 4188 etcoguitum‚
565 4115 635 4188 quia
659 4115 745 4171 humo
770 4122 825 4184 est,
841 4123 870 4174 et
886 4134 943 4174 non
999 4115 1109 4172 incerto
1124 4116 1189 4172 vitea
1209 4120 1298 4186 statu,
1320 4131 1410 4190 quam
1435 4119 1648 4192 ingredientem
1664 4120 1820 4189 mundum,

113 4203 640 4279 poteritjudiearicurnfortiorese.
667 4227 675 4253 ›
704 4205 807 4276 Aperte
831 4205 943 4262 deSal-
999 4203 1058 4259 hac
1081 4205 1180 4262 omnia
1202 4205 1357 4263 sustinere.
1384 4206 1435 4263 Vel
1460 4213 1537 4264 certa
1563 4209 1640 4280 quod
1665 4207 1695 4263 in
1719 4213 1822 4279 morte,

111 4293 228 4350 vetoris
244 4293 418 4365 predicatur
433 4293 571 4358 adventu,
588 4293 667 4364 quod
687 4292 739 4364 qui
755 4293 872 4351 iuturus
887 4300 941 4358 est,
998 4292 1101 4366 quales
1116 4293 1221 4362 simus,
1238 4303 1339 4353 notum
1355 4295 1393 4352 sit
1406 4315 1413 4353 :
1424 4297 1454 4353 in
1465 4297 1582 4354 exordio
1592 4314 1659 4354 veru
1670 4299 1821 4367 nascendi,

111 4385 278 4453 antequam
297 4381 327 4436 iu
343 4397 463 4452 corpore
478 4385 655 4446 cerneretur,
668 4381 731 4451 jam
750 4386 884 4438 vocatum
899 4387 944 4440 εει
998 4383 1049 4454 qui
1065 4381 1121 4454 (rit.
1138 4383 1251 4455 quales)
1267 4384 1357 4440 intrari
1373 4385 1479 4455 simus,
1494 4385 1655 4458 ignoretur.
1672 4387 1730 4442 Aut
1744 4388 1822 4458 quod

109 4471 145 4528 in
161 4469 323 4542 Scripturis
338 4486 445 4526 nomen
467 4471 542 4542 ejus,
563 4472 592 4526 et
618 4468 767 4543 cognitum
793 4471 943 4545 prophetis
998 4472 1136 4529 nativitas
1161 4473 1261 4546 alliget
1284 4490 1403 4548 corporo
1429 4476 1483 4546 (At.
1509 4475 1633 4548 corpori)
1657 4474 1821 4534 libertatem

108 4565 143 4618 et
155 4561 268 4616 sanctie
282 4559 352 4616 Dei:
371 4558 441 4632 quia
455 4559 542 4616 homo
558 4557 605 4624 sit,
628 4561 656 4614 ει
676 4559 761 4630 juxta
784 4559 839 4616 hoc
864 4563 942 4633 quod
958 4588 982 4655 D
997 4561 1113 4630 anime,
1130 4579 1226 4620 mores
1242 4563 1376 4620 resolvat.

108 4649 205 4706 homo
219 4652 275 4714 eet,
291 4665 349 4706 non
365 4647 460 4721 possit
474 4663 505 4704 se
519 4647 649 4704 conterre
663 4663 731 4703 cum
751 4648 846 4722 Patre,
866 4654 895 4706 ει
910 4649 940 4707 in
1033 4673 1046 4700 α
1064 4649 1169 4708 Μειιεε
1183 4657 1229 4708 εει
1244 4653 1285 4709 ire
1299 4653 1336 4708 ad
1353 4654 1474 4710 domum
1490 4652 1599 4722 tuctus,
1614 4669 1704 4725 quam
1717 4654 1755 4711 ad
1771 4654 1820 4710 do·

106 4735 272 4808 Evangelio
287 4737 486 4792 dieat:·Pcter
499 4737 548 4808 εει
561 4752 605 4791 me
627 4736 715 4803 metit,
731 4737 822 4808 maior
844 4755 887 4795 me
900 4749 941 4796 est
996 4755 1079 4794 mum
1095 4741 1230 4809 convivii,
1247 4741 1277 4796 iu
1293 4759 1351 4815 quo
1368 4743 1436 4800 linis
1450 4748 1495 4800 est
1517 4742 1613 4800 omnis
1629 4741 1776 4800 hominis:
1792 4747 1822 4799 et

105 4827 204 4898 (loon.
222 4842 281 4894 xiv,
296 4826 353 4898 28).
370 4824 453 4881 Unde
473 4827 502 4880 et
522 4824 553 4881 in
576 4825 824 4896 consequentibus
839 4829 940 4899 pracci-
996 4827 1046 4900 qui
1061 4828 1141 4896 vivit,
1157 4829 1240 4885 dabit
1256 4832 1291 4886 ad
1307 4848 1356 4888 cor
1371 4849 1469 4888 suum.
1486 4855 1501 4882 n
1517 4833 1624 4889 Utilius
1636 4831 1726 4888 estad
1741 4847 1821 4887 exse·

148 5040 156 5072 ¹
175 5037 268 5095 vatic.
286 5039 455 5096 Voluntatem
468 5036 558 5093 cordis
573 5036 618 5092 aui
637 5037 724 5108 aequi.
1030 5040 1041 5074 ι
1057 5039 1128 5109 Quid
1141 5045 1180 5098 ert
1195 5043 1314 5114 emptius
1324 5045 1449 5100 hominii
1459 5043 1688 5100 initiumhicest
1698 5043 1819 5116 capituli

147 5111 206 5166 'id
221 5113 269 5180 eet,
287 5127 375 5168 suna.
393 5110 425 5166 In
441 5107 580 5165 omuibus
601 5123 673 5164 mss.
700 5107 849 5165 codicibus
866 5111 939 5168 scri·
994 5112 1110 5184 septimi
1126 5111 1155 5167 in
1171 5112 1297 5184 Vulgata
1311 5115 1428 5171 Latina:
1446 5117 1496 5170 sed
1510 5121 1619 5171 veteres
1634 5114 1706 5171 alias
1727 5117 1818 5172 secuti

133 5185 199 5237 tum
215 5183 308 5254 reperi
323 5182 402 5238 Rutu
417 5179 562 5237 cumhin
586 5179 854 5252 medi03quamvis
869 5181 938 5239 alibi
994 5188 1065 5239 sunt
1087 5183 1246 5241 divisiones
1275 5189 1426 5241 contextus
1453 5186 1539 5252 sacri,
1570 5191 1602 5241 ut
1628 5202 1662 5241 ex
1687 5186 1818 5244 hocloco

106 5199 229 5328 fagetur
243 5269 348 5310 nomen
364 5253 517 5309 Hebraeum
529 5251 662 5318 ceastre
676 5251 937 5334 ullaaapiratione,
994 5255 1235 5311 manifestissime
1260 5257 1407 5328 probatur.
1429 5257 1553 5314 Consule
1579 5257 1818 5330 Prolagomenoa

107 5343 174 5392 rau,
191 5327 220 5380 et
236 5341 293 5381 oon
309 5325 389 5380 rotro.
406 5324 462 5379 Sed
489 5338 574 5378 nemo
598 5326 642 5378 est
666 5323 819 5380 hommum
838 5327 959 5381 erudi.
994 5327 1078 5382 notris
1094 5328 1172 5382 edita
1187 5327 1216 5381 in
1238 5329 1364 5383 Divinum
1384 5327 1579 5386 bibliothecam
1603 5329 1697 5386 sancti
1718 5331 1817 5386 Hiero·

107 5403 210 5454 torum
232 5397 282 5468 qui
298 5401 383 5472 neget
398 5399 557 5466 utrumque
572 5398 600 5450 ει
614 5392 670 5466 legi
694 5401 723 5450 ει
737 5395 825 5450 scribi
840 5413 935 5468 possa.
993 5399 1086 5470 nymi‚
1104 5398 1154 5454 ubi
1169 5398 1204 5453 de
1219 5397 1388 5468 hujusmodi
1415 5400 1551 5472 capitulis
1572 5401 1743 5474 planissimo
1756 5403 1817 5459 dis·

107 5469 255 5526 hionnam
992 5473 1126 5540 putatum
1145 5473 1190 5524 est
1205 5469 1348 5526 Macrian.

146 5539 266 5613 ⁸biugis
282 5539 408 5595 arrideat
420 5535 553 5592 Vaticani
577 5534 672 5592 lectio.
695 5537 727 5592 St
746 5536 865 5595 tremitis
880 5556 937 5596 eor·
1027 5541 1037 5575 ⁶
1053 5538 1177 5595 Palatia.
1196 5539 1278 5610 alter,
1291 5559 1322 5598 eu
1334 5561 1343 5598 :
1357 5541 1461 5611 Vatia,
1476 5559 1532 5600 eur.

103 5610 362 5740 posevdmmpteti,
378 5609 526 5739 iatnibnenh’
535 5609 646 5736 ἔξω
657 5693 720 5736 mss
743 5678 841 5739 deside
858 5685 908 5740 atu
1027 5612 1037 5646 ⁷
1052 5611 1177 5679 alcuin..
1189 5611 1235 5666 Sic
1248 5613 1283 5668 ort
1295 5621 1483 5671 tuumnemcn
1495 5619 1593 5672 moola
1606 5619 1759 5688 permees.

196 5697 490 5740 oxmucrnrus
724 5717 730 5734 .
843 5698 858 5738 r
911 5699 934 5738 r.
