4054 6168
865 281 898 344 S.
920 275 1075 346 HUSHBH
1097 275 1331 344 utuaoattu.

244 281 323 352 tote
1834 281 1904 354 {⁰20

251 433 303 491 per
315 415 474 491 prolepsim
487 414 598 473 dietum
614 430 698 474 esse:
715 415 791 474 sieut
805 421 833 473 et
847 415 946 472 bethel
961 421 990 471 et
1005 412 1069 470 Gal·
1082 413 1112 480 A
1125 417 1254 470 montem
1270 413 1371 481 Horis,
1385 413 1414 471 id
1430 419 1484 483 est,
1501 415 1599 474 sedem
1613 417 1723 492 templi,
1739 417 1788 476 iter
1808 419 1904 478 dierum

242 507 319 580 gala,
337 525 399 580 quae
415 507 517 580 otique
533 522 627 577 usque
643 506 677 560 ad
694 512 883 578 tempusque
905 507 946 560 ita
969 501 1069 575 appel·
1124 501 1214 558 trium
1230 502 1278 570 sit,
1296 507 1324 558 et
1340 509 1553 576 cousequenter
1578 505 1644 562 illue
1668 507 1713 563 die
1734 507 1807 564 tertio
1824 527 1905 582 perve-

242 595 306 653 latu
323 603 402 663 sunt,
419 595 503 652 aliter
526 596 714 650 vocabantur.
741 595 907 650 Notandum
924 597 1021 648 autem
1041 607 1069 659 ey
1124 591 1203 646 nisse
1217 591 1341 648 dicatur.
1360 593 1435 649 ltlale
1449 594 1540 666 igitur
1554 597 1682 652 sentiunt
1696 597 1814 669 quidem,
1833 600 1906 656 Abru-

243 701 277 743 ex
293 685 451 758 prioribus,
467 689 495 740 et
510 700 544 739 ex
556 683 690 755 prasenti
707 684 782 749 loco,
808 684 886 756 quod
913 683 994 737 isaac
1010 697 1068 735 non

241 776 279 832 eit
298 780 384 831 natus
395 774 431 834 ad
443 790 583 844 quereum
594 773 735 839 Mambre,
747 773 844 829 sivein
857 771 969 828 aulone
981 772 1071 826 llam·

239 865 291 920 bre
311 866 329 934 ¹,
347 863 419 918 utin
435 863 553 917 Hebrus
578 861 719 917 babetur:
746 862 797 917 sed
820 863 849 917 in
873 861 1000 927 Geraris,
1016 859 1065 915 ubi

238 957 267 1008 et
284 953 425 1007 Bersabee
439 968 532 1023 usque
551 951 637 1006 hodie
662 951 802 1022 oppidum
827 955 880 1006 est.
907 949 974 1013 Quas
1000 965 1065 1020 pro-

236 1041 333 1096 vincia
356 1045 422 1096 ante
438 1057 494 1094 non
510 1040 620 1112 grande
640 1042 766 1112 tempus,
783 1057 817 1096 ex
837 1039 978 1094 divisione
994 1055 1064 1109 pra-

236 1130 335 1186 sidum
360 1129 522 1190 Palestinae,
541 1126 706 1183 Salutaris¹
727 1132 771 1183 est
791 1128 879 1183 dicta.
909 1128 1003 1197 Hujus
1024 1140 1065 1193 roy

235 1218 384 1290 Scriptura
406 1218 490 1273 testis
505 1225 559 1284 est,
576 1233 638 1288 qum
655 1215 693 1272 alt
710 1219 795 1286 (Vera.
812 1219 875 1288 Sil:
896 1239 910 1270 ι
934 1218 968 1271 ut
983 1215 1064 1271 habi·

235 1308 307 1363 tavit
330 1307 477 1362 Abrabam
495 1307 524 1360 in
541 1310 618 1362 terra
629 1305 879 1362 Philistinorumt
892 1329 904 1354 υ

269 1397 352 1468 (Gap.
380 1397 464 1462 XXH,
482 1394 562 1450 Vers.
578 1396 618 1463 2.)
638 1394 792 1450 «nedixit
816 1395 840 1448 ei
868 1399 960 1450 licus:
986 1392 1064 1448 Tolle

235 1485 436 1553 filiumtuum
453 1483 650 1555 unigenitum,
677 1499 764 1554 quern
788 1483 896 1554 diligis,
924 1484 1013 1546 Isaac,
1037 1495 1067 1543 rt

232 1575 305 1631 vade
327 1576 356 1629 iu
381 1578 488 1629 terram
519 1571 676 1642 excelsam,
718 1576 746 1626 rt
770 1573 841 1626 oller
871 1571 954 1627 illum
978 1571 1063 1626 ibiin

233 1662 439 1718 holocaustum
469 1678 558 1732 super
572 1677 662 1715 unum
679 1660 714 1715 de
734 1661 883 1716 montibus
908 1678 994 1732 quem
1010 1677 1063 1732 ego

1123 678 1191 735 ham
1207 679 1255 736 illo
1271 685 1402 754 tempore
1415 683 1451 737 ad
1467 700 1606 755 quercum
1622 685 1765 742 habitasse
1783 687 1906 744 llambre:

1122 785 1189 824 eum
1204 769 1271 826 inde
1287 787 1381 842 usque
1397 772 1433 827 ad
1450 777 1578 829 montem
1595 774 1694 844 Horis,
1709 774 1754 830 vix
1773 775 1848 830 unius
1864 775 1907 830 diei

1121 857 1176 912 iter
1193 856 1310 929 plenum
1328 859 1376 914 sit.

1156 945 1248 1016 (Vers.
1265 947 1319 1018 13.)
1337 971 1349 998 ε
1375 947 1531 1006 ⁴talevauit
1542 951 1688 1008 Abraham
1699 949 1793 1009 oculos
1803 967 1877 1008 suos:
1888 956 1910 1006 et

1120 1051 1185 1090 erec
1200 1035 1275 1091 aries
1288 1041 1353 1108 post
1369 1041 1482 1110 tergum
1499 1041 1563 1110 ejus
1587 1039 1739 1095 tenebatur
1761 1039 1787 1095 iu
1807 1040 1907 1112 virgulto

1120 1123 1230 1179 Sabeeb
1243 1124 1380 1180 cornibus
1395 1127 1468 1182 suis.
1478 1149 1491 1176 n
1508 1127 1671 1184 Ridiculum
1689 1144 1747 1185 rem
1762 1128 1790 1184 iu
1800 1129 1847 1186 boo
1859 1129 1906 1184 loeo

1119 1213 1275 1269 Enrisenus
1292 1214 1434 1272 Eusebius
1447 1220 1491 1271 est
1504 1216 1620 1273 loeutus
1633 1233 1640 1270 :
1656 1217 1776 1280 Sabaoth.
1788 1217 1909 1289 inquiens,

1118 1301 1226 1356 dieitur
1239 1301 1339 1371 hircos,
1358 1303 1408 1374 qui
1426 1303 1511 1359 rectis
1524 1305 1663 1362 cornibus
1677 1311 1706 1362 et
1721 1307 1756 1361 ad
1776 1306 1909 1378 carpendas

1119 1391 1231 1446 arboris
1248 1391 1364 1446 frondes
1380 1392 1515 1448 sublimis
1531 1392 1686 1450 attollitur.
1699 1395 1819 1451 Rursum
1829 1395 1910 1466 Aquila

1119 1480 1288 1554 σεχνεῑυναι,
1312 1481 1520 1553 interpretatus
1544 1488 1599 1554 est,
1624 1501 1712 1556 quern
1738 1501 1788 1540 uos
1816 1500 1909 1556 veprem

1119 1585 1277 1639 possumus
1292 1569 1398 1637 dicere,
1423 1570 1467 1625 vel
1489 1571 1655 1644 spinetum:
1680 1577 1709 1629 et
1733 1579 1763 1628 ut
1785 1573 1910 1628 verbisiu

1117 1657 1353 1730 interpretemur,
1370 1658 1517 1715 condensa
1535 1665 1563 1714 et
1587 1661 1666 1716 iuter
1686 1679 1717 1718 se
1738 1660 1852 1735 implexa
1864 1661 1908 1716 vir·

232 1747 328 1803 dicam
351 1747 415 1802 tibi.
434 1771 447 1796 »
463 1747 585 1802 Dil'lleile
600 1751 644 1802 est
661 1746 769 1801 idioma
780 1746 885 1818 linguae
902 1747 1061 1804 Hebraeaein
1078 1779 1102 1843 B
1117 1745 1209 1818 gullo.
1226 1746 1306 1802 Unde
1322 1751 1350 1802 et
1365 1747 1560 1818 Symmachus
1575 1749 1605 1804 in
1616 1749 1750 1807 eamdem
1762 1751 1856 1806 duetus
1868 1749 1910 1820 opi·

234 1835 370 1892 Latinum
395 1852 559 1890 sermonem
575 1839 695 1890 vertere.
713 1834 765 1890 Ubi
778 1853 855 1892 nune
866 1836 984 1904 dicitur,
996 1837 1063 1892 anule
1117 1833 1245 1890 aionem.
1262 1857 1275 1884 o
1292 1835 1325 1889 lit
1341 1836 1485 1908 apparuit,
1502 1835 1552 1907 ait,
1569 1836 1645 1894 aries
1661 1839 1791 1912 posthoc
1808 1843 1910 1894 retentus

231 1927 262 1980 in
284 1929 388 1980 terrum
401 1927 546 1994 arcelaum,
564 1925 593 1979 in
610 1924 727 1979 Hebraeo
742 1923 838 1991 babet,
851 1943 941 1981 aronis
952 1927 1062 2005 (utin),

232 2015 309 2087 quod
323 2013 427 2087 Aquila
446 2013 597 2069 transtulit
611 2013 660 2080 τὴν
696 2020 847 2090 καταφανῆ,
866 2015 923 2070 boc
958 2021 1002 2070 est
1018 2017 1061 2070 lu-

229 2103 320 2160 cidum
343 2120 350 2159 ;
366 2103 570 2176 Symmachus.
586 2108 637 2170 τῆς
660 2101 799 2170 ὀπτασίας,
812 2103 866 2158 hoe
880 2109 924 2160 ost
938 2107 1059 2160 visionis.

229 2193 320 2248 Aiunt
344 2210 410 2264 ergo
428 2192 536 2249 Hebrsi
547 2191 625 2246 hune
638 2201 765 2248 montem
776 2209 840 2247 esse
852 2192 879 2248 in
890 2210 948 2266 quo
962 2199 1061 2266 postea

229 2283 372 2354 templum
406 2282 555 2338 eonditum
580 2285 625 2336 est
652 2281 681 2337 in
705 2297 772 2336 area
797 2282 879 2337 Ornre
904 2283 1059 2348 iebusnit,

229 2371 305 2442 sieut
328 2376 356 2426 et
371 2371 400 2426 in
426 2370 655 2443 paralipomenis
681 2370 822 2450 seriptum
843 2378 905 2427 est:
922 2373 955 2426 Et
974 2389 1068 2444 repe,

227 2465 293 2516 rant
316 2461 454 2518 {edificare
467 2461 597 2530 tenplum
613 2477 644 2515 tn
657 2461 885 2524 rraenseseenndo,
899 2463 929 2516 in
942 2462 1059 2518 serundo

226 2549 271 2605 die
304 2551 406 2604 meracis
438 2553 469 2604 in.
501 2553 593 2604 monte
624 2549 737 2606 llario⁵
770 2551 807 2616 (ll
838 2551 933 2605 Porol.
963 2552 1056 2620 nal).

227 2637 280 2704 Qui
306 2637 414 2692 ideirco
430 2637 1057 2711 illuminansinterpretaturetlucens,·ryuiu

226 2725 304 2783 ⁸³8
329 2726 368 2782 ibi
393 2732 438 2781 εει
461 2745 544 2782 namn
568 2727 667 2798 (itus),
694 2726 748 2782 boc
771 2728 970 2782 estoraculans
985 2728 1053 2784 Dei:

225 2821 254 2871 et
288 2816 344 2872 Lex
360 2819 388 2870 et
400 2815 525 2888 Spiritus
541 2825 671 2882 εεεειεε,
688 2814 738 2886 qui
755 2815 837 2870 docet
851 2807 1055 2872 hominesveri

225 2907 324 2972 tatem,
342 2899 381 2972 let
395 2903 519 2976 inspirat
534 2903 711 2976 prophetias

259 2992 353 3064 (Vere.
375 2990 752 3064 3,t.)«1ttaautinloeum,
764 2993 965 3064 quemdixitei
977 2993 1053 3050 Deus

224 3081 254 3138 iu
269 3081 315 3137 die
329 3082 424 3138 tertia.
445 3082 631 3137 ”Notandum
648 3082 724 3152 quod
738 3081 765 3135 in
778 3081 894 3137 Geraris
905 3099 999 3154 usque
1013 3085 1049 3138 ad

259 3207 266 3240 ¹
282 3205 363 3262 Idem
380 3205 481 3279 Regin.
498 3223 552 3261 ms.
568 3207 625 3260 siue
639 3207 668 3260 in
679 3207 741 3261 nalo
753 3205 879 3262 domine.
891 3206 963 3262 Vide
978 3224 1041 3278 quae

221 3293 312 3404 csitrpra
326 3277 356 3333 in
371 3277 445 3334 libro
463 3279 602 3333 Locorum
618 3277 654 3332 ad
669 3294 766 3332 voettm
782 3279 862 3333 AEton
877 3278 912 3333 de
932 3278 1042 3336 Aulona

243 3365 360 3404 rxrmus.

256 3421 416 3476 ’Solutoris
430 3425 468 3476 est
484 3419 557 3474 dictu
578 3417 745 3490 Cognomen
770 3425 814 3474 est
838 3418 952 3492 aliquot
975 3437 1041 3492 pro-

219 3491 397 3556 vinciarum,
438 3508 488 3546 seu
553 3489 659 3545 artium
691 3489 821 3558 illarum,
856 3491 1040 3562 Macedoniae,

221 3561 362 3644 Pbrygiae,
378 3562 507 3632 Galatiae,
532 3508 631 3634 gyrio,
657 3561 818 3617 Palestinru.
844 3563 968 3619 Consule
984 3562 1037 3621 lib.

221 3634 345 3690 Notrttm.
363 3633 504 3689 lllanrran.

254 3705 444 3761 -Salutaris
459 3705 537 3760 dieta
553 3708 607 3768 εει,
624 3720 686 3776 quae
703 3703 856 3759 Palzrstina
871 3706 968 3761 Tertia
987 3706 1042 3760 sub

219 3775 336 3832 initium
353 3776 447 3848 quinti
463 3795 480 3830 a
505 3775 619 3832 Christo
644 3775 740 3830 saeculi
766 3777 795 3830 in
819 3777 886 3831 tlod.
911 3777 1042 3832 'theodo-

219 3847 312 3912 siana,
329 3853 415 3918 utque
432 3849 461 3901 in
486 3845 719 3917 Notitiaimperii
746 3847 927 3919 frequentius
948 3849 1040 3902 audit.

219 3919 279 3974 Sub
295 3917 437 3972 Salutaris
452 3933 518 3972 vero
545 3918 672 3984 nomino,
699 3935 755 3989 quo
781 3937 833 3972 nim
858 3919 1043 3988 antepranrtc

217 3997 320 4060 tempus
335 4005 369 4043 eo
384 3988 518 4044 ‹lioisione
535 3989 687 4044 Procillum
711 3991 867 4044 l'alrmtiun
890 3991 1041 4054 donatam,

218 4059 324 4115 Hieron
347 4076 413 4114 mus
438 4060 535 4118 tradit.
563 4059 667 4131 primo,
694 4063 769 4132 qarod
790 4062 890 4130 sciara,
917 4062 1043 4116 occurrit

218 4131 273 4204 leg.
289 4132 306 4186 3
322 4077 390 4187 god.
406 4130 549 4186 'l‘hcodos
564 4131 599 4186 de
614 4133 868 4203 Protostasia,qum
885 4149 961 4186 tanne
985 4132 1044 4186 lata

217 4209 261 4260 est
293 4205 346 4259 397
374 4203 494 4258 Prasiai
535 4204 634 4274 llypiae
672 4204 839 4270 Paluatinas,
871 4203 948 4273 qrrod
987 4208 1042 4270 est,

216 4276 352 4331 Salutaris
367 4275 548 4342 Potastinn3
566 4291 634 4330 nam
651 4275 727 4346 quod
745 4272 830 4344 vulgo
846 4272 953 4344 legitur
974 4276 1041 4344 Fry-

216 4349 281 4416 pice,
299 4349 438 4402 mendum
455 4346 618 4400 scribarum
635 4362 709 4412 osse,
726 4346 803 4400 docti
829 4343 880 4398 riri
907 4346 1041 4400 observa·

217 4424 295 4474 runt.
313 4423 453 4474 Caeterum
470 4423 499 4472 et
525 4417 654 4472 Bersabee
680 4415 788 4470 mentio
813 4419 856 4470 est
878 4413 1043 4472 inlaudata

215 4488 324 4545 Notitie
349 4489 527 4560 dignitatum
555 4487 681 4558 imperii,
704 4487 753 4542 ubi
779 4488 834 4542 sub
851 4486 1042 4556 dispositione

1116 1921 1145 1976 in
1166 1927 1225 1996 rete
1240 1923 1378 1979 cornibus
1394 1925 1466 1979 suis.
1486 1948 1497 1973 ι
1514 1924 1623 1981 Verum
1640 1927 1824 1999 quibusdam,
1838 1926 1907 1982 iubae

1116 2011 1257 2066 duntaxat
1285 2010 1347 2067 loco
1375 2011 1480 2069 melius
1508 2014 1646 2071 ridentur
1675 2015 1909 2089 interpretatione

1115 2099 1306 2171 Septuaginta
1321 2105 1349 2155 et
1359 2101 1530 2172 Theodotio,
1547 2103 1598 2175 qui
1615 2105 1715 2176 ipsum
1729 2121 1829 2162 nomen
1843 2119 1907 2159 sauss

1115 2189 1198 2274 (ηε)
1228 2194 1398 2260 posuerunt,
1414 2190 1565 2247 dieentes:
1586 2215 1596 2242 ι
1615 2193 1649 2248 ln
1671 2192 1795 2266 virgulto
1821 2190 1908 2248 Sabaei

1114 2277 1252 2332 cornibus
1266 2278 1337 2334 suis.
1358 2301 1371 2326 »
1394 2279 1507 2336 Etenim
1532 2280 1667 2356 συχνεὼν,
1694 2283 1754 2340 sive
1777 2279 1909 2352 retentet

1112 2365 1218 2437 Aquila
1232 2366 1330 2438 posuit
1353 2371 1383 2422 et
1405 2369 1610 2440 Symmachus,
1641 2389 1694 2443 per
1721 2389 1767 2428 sur
1790 2372 1834 2445 (a)
1853 2370 1909 2424 litte·

1112 2471 1174 2510 ram
1190 2455 1345 2511 scribitur:
1369 2456 1416 2512 hic
1438 2473 1504 2513 vero
1531 2459 1573 2530 (u)
1598 2477 1711 2516 sauses
1726 2459 1818 2516 littera
1836 2455 1908 2531 posita

1112 2547 1172 2600 est:
1189 2559 1223 2599 ex
1238 2561 1296 2617 quo
1312 2546 1501 2604 manifestum
1516 2553 1562 2604 est
1581 2565 1641 2604 non
1668 2549 1908 2624 interpretationem

1112 2632 1246 2706 stirpium
1264 2635 1489 2702 condensarum,
1504 2641 1533 2691 et
1548 2635 1578 2691 iu
1591 2639 1716 2695 modum
1732 2638 1800 2695 retis
1818 2637 1912 2692 intereo

1110 2721 1236 2794 virgulta
1250 2727 1383 2780 contextu
1404 2725 1526 2780 verbum
1546 2724 1663 2795 Sobeolt,
1689 2727 1739 2784 sed
1765 2741 1860 2782 nomen
1873 2738 1908 2778 so·

1110 2828 1180 2867 nare
1193 2810 1313 2884 virgulti
1324 2813 1344 2882 ι,
1362 2813 1439 2885 quod
1456 2813 1496 2870 ita
1509 2814 1653 2871 Hebraiee
1667 2815 1784 2873 dicitur.
1797 2815 1909 2886 agaven

1108 2899 1263 2971 diligenter
1291 2901 1474 2972 inquirens⁸,
1504 2903 1644 2978 συχνεὼνα
1675 2921 1728 2978 per
1755 2919 1856 2962 sauses
1879 2902 1908 2970 lul

1107 2986 1234 3043 litterum
1251 2989 1338 3045 scribi
1355 2991 1459 3047 crebro
1474 2991 1580 3064 reperi.

1142 3076 1235 3145 (Vers.
1251 3077 1307 3148 ll.)
1322 3080 1409 3150 {88⁰
1428 3103 1441 3130 ε
1463 3080 1498 3135 bt
1520 3081 1632 3137 vocavit
1657 3081 1806 3139 Abraham
1825 3093 1909 3136 nomeu

1099 3205 1226 3262 Salomon
1242 3202 1378 3272 certificare
1399 3203 1510 3259 domam
1524 3205 1634 3261 llornini
1669 3209 1700 3264 in
1725 3201 1908 3263 serutaremur

1096 3282 1187 3333 monle
1209 3277 1305 3342 Morio,
1332 3279 1386 3330 eto.
1409 3275 1482 3330 Hinc
1507 3275 1700 3334 manifestum
1723 3275 1849 3344 estetsi
1873 3289 1907 3352 me

1097 3347 1173 3405 lullo,
1191 3347 1403 3417 Hieronymum
1429 3347 1596 3403 memoriter
1617 3346 1699 3405 huuc
1725 3349 1821 3405 locum
1846 3359 1909 3400 reu.

1098 3425 1184 3478 tasse.
1202 3419 1344 3475 Hilarus.

1131 3493 1142 3525 ι
1158 3491 1262 3563 Aquilo
1272 3490 1413 3561 συχνεῶνα
1422 3490 1615 3560 interpretatas
1629 3499 1680 3546 est.
1698 3489 1772 3547 Male
1786 3489 1814 3544 in
1827 3483 1898 3544 edilis

1097 3562 1238 3635 seriptum
1254 3559 1390 3632 legimus,
1408 3563 1512 3634 συχνὼ,
1536 3577 1604 3616 eum
1627 3561 1731 3618 omnia
1745 3555 1905 3638 exemplaria

1099 3651 1170 3689 mss.
1186 3633 1330 3689 retineant
1351 3634 1501 3704 συχνεῶνα,
1526 3649 1543 3686 a
1567 3649 1635 3687 voce
1666 3633 1780 3689 scilieet
1807 3646 1906 3702 uoynrn

1096 3703 1219 3760 interius
1235 3703 1331 3774 positu
1346 3703 1435 3758 etiam
1449 3702 1477 3756 in
1494 3703 1643 3759 veteribus
1653 3705 1829 3761 editionibus
1840 3692 1907 3756 liras·

1098 3777 1196 3832 misna
1210 3781 1238 3830 el
1268 3773 1431 3828 Marianus·
1454 3785 1516 3859 ’με
1539 3774 1641 3830 Sabeon
1666 3776 1758 3849 igitur
1773 3775 1905 3830 Hebraou

1096 3862 1310 3935 apudrtquilam
1334 3861 1427 3916 erati
1452 3862 1585 3935 συχνεὼν,
1612 3867 1644 3918 ει
1669 3861 1905 3920 testaturHiem·

1098 3951 1216 4008 nymus,
1231 3933 1281 4004 qui
1307 3934 1440 4003 ejusdmn
1465 3933 1593 3988 nominis
1615 3935 1905 4058 masculinumjyeuus

1097 4007 1216 4072 indicat,
1233 4007 1352 4060 dicens:
1370 4008 1453 4072 tyresum
1467 4020 1516 4060 nos
1530 4021 1639 4076 rreprem
1651 4022 1800 4079 possumus
1839 4003 1903 4062 icere,

1097 4079 1138 4134 vet
1168 4080 1314 4148 spinetum,
1351 4081 1404 4130 etc.
1424 4081 1536 4142 ‹tuanta
1569 4093 1654 4149 porro
1690 4079 1779 4135 luerit
1792 4085 1903 4132 errorum

1098 4149 1222 4216 occasio,
1239 4147 1269 4202 in
1286 4145 1389 4202 multis
1404 4147 1487 4202 libris
1502 4164 1536 4202 ex
1552 4147 1708 4220 depravata
1729 4149 1845 4206 lectione
1858 4143 1903 4198 bu·

1094 4221 1145 4291 jus
1161 4219 1226 4286 loci,
1243 4217 1361 4288 longum
1379 4224 1570 4274 estenarrare
1593 4237 1626 4276 ac
1652 4222 1904 4293 nimisoperosuu.

1097 4293 1164 4348 ldeo
1181 4287 1254 4346 satis
1271 4290 1413 4344 babemus
1428 4289 1585 4362 genuinam
1604 4292 1905 4366 Hieronymisnamque

1102 4362 1255 4418 lectionem
1271 4361 1434 4416 restituere.
1452 4361 1594 4418 Messinm

1134 4465 1167 4472 —
1184 4432 1258 4487 Olim
1276 4429 1300 4484 ἐν
1318 4435 1420 4505 σιμῷ,
1433 4432 1475 4488 rel
1490 4429 1516 4485 ἐν
1528 4435 1643 4507 reyneri).
1657 4434 1726 4490 Cod.
1750 4426 1903 4490 Coislinian

1058 4520 1080 4583 [y
1100 4509 1172 4587 teste
1188 4497 1411 4572 llontlaueonio,
1428 4504 1520 4586 quiet
1535 4495 1724 4562 sinceriorem
1735 4504 1809 4560 haue
1819 4503 1845 4556 ot
1857 4495 1905 4577 pls-

215 4560 367 4617 Palestinae
384 4560 477 4631 primo
502 4560 564 4614 loco
591 4563 780 4613 recensentur
804 4559 914 4627 Eqrtitea
933 4561 1042 4616 botun-
1100 4592 1212 4632 morem
1241 4574 1352 4645 Aquilae
1382 4575 1535 4630 lectionem
1564 4581 1656 4648 putot,
1675 4575 1701 4630 ἐν
1732 4575 1866 4648 osyridis,
1885 4585 1904 4618 εν

216 4642 253 4690 ta’
265 4633 424 4700 Illyriciani
437 4632 595 4686 Berosaba.

250 4711 394 4767 ³Addunt
428 4713 547 4782 quidam
574 4726 647 4764 mss.
683 4707 795 4779 reliqua
826 4707 884 4762 dua
899 4711 1035 4766 versiculi

216 4785 306 4856 buJus
322 4784 418 4848 verba,
435 4783 532 4838 diebus
546 4782 653 4836 ocultis.

251 4857 262 4890 ι
285 4861 368 4912 Hunc
394 4853 476 4910 lacilc
506 4854 603 4908 locum
628 4852 779 4921 spectabat
802 4851 831 4905 S.
857 4851 1037 4923 Augustinus

217 4925 330 4983 lib.xv1
362 4928 394 4982 dc
428 4927 508 4991 dicit,
541 4924 658 4991 maan,
695 4922 796 4976 ubido
826 4929 923 4978 monte
951 4928 1038 4978 blena

216 4997 267 5060 ait,
283 5022 296 5048 «ι
312 4999 506 5070 Hieronymus
523 4997 673 5067 presbyter
689 4993 816 5064 scripsit,
833 5010 864 5049 se
875 4995 1038 5050 certissime

216 5069 410 5126 asenioribus
424 5071 593 5126 tudreorum
622 5065 802 5138 cognovisse,
828 5065 959 5135 quodibi
983 5065 1038 5119 im·

218 5137 346 5195 metatus
375 5142 413 5197 sit
439 5147 529 5196 isaac.
548 5161 561 5188 n
579 5137 666 5193 Vetus
682 5137 742 5192 bac
758 5135 875 5192 trutlitio
887 5141 941 5192 est.

252 5215 262 5248 ι
276 5217 402 5273 Aduolat
418 5219 613 5282 Martianoeus,
639 5217 722 5273 alitor
742 5217 913 5271 insecundo
930 5213 1036 5270 Parali-

218 5300 296 5354 pom.
333 5288 430 5350 scribi,
465 5292 589 5344 stenen
622 5286 901 5355 Solontouaerliiicurc
929 5287 1038 5341 tlomorn

217 5355 327 5410 llornini
341 5358 370 5410 in
403 5360 553 5414 tii-osorem
586 5363 615 5414 iu
648 5368 737 5415 rnortte
772 5358 873 5414 altorio:
901 5357 1038 5428 huncque

218 5427 288 5481 alluo
323 5426 499 5482 versiculum
531 5432 696 5486 niemnriter
728 5434 807 5500 pnlal
839 5429 951 5484 laudari
986 5428 1038 5482 ahs

222 5498 407 5569 Hieronymo.

253 5601 286 5608 -
303 5569 479 5640 Etctryn‘runt
502 5568 644 5638 :utlilirure
664 5572 795 5642 terriplunt
811 5577 866 5628 etc.
894 5571 979 5626 Libro
994 5589 1038 5628 se-

219 5642 313 5698 cundo
336 5639 585 5712 Paralipomenon,
603 5657 666 5712 esp.
682 5659 723 5706 nr,
736 5659 809 5698 vers.
825 5645 849 5710 l,
867 5659 923 5699 non
936 5645 1038 5700 eodem

220 5714 307 5774 modo
322 5713 464 5789 legimus:
485 5709 527 5768 ibi
541 5711 620 5770 enim
650 5711 792 5785 seriptum
822 5719 867 5773 est
881 5732 889 5776 ;
905 5717 937 5772 Et
960 5718 1040 5789 cupit

1098 4647 1206 4722 κέρασιν
1223 4643 1304 4698 αὐτοῦ
1327 4649 1346 4697 E
1373 4661 1444 4700 mss,
1469 4645 1593 4719 Regina,
1617 4647 1690 4703 alter
1706 4637 1905 4702 vetustissimus

1096 4721 1316 4780 stastlus'ns,
1333 4719 1361 4770 et
1389 4723 1603 4789 consequenter
1632 4719 1709 4774 inira
1723 4713 1904 4773 Cl'xb'llttb'd·

1095 4788 1143 4844 ubi
1170 4787 1274 4844 saltem
1299 4791 1319 4840 ll
1346 4787 1375 4841 in
1400 4789 1420 4842 H
1446 4789 1622 4845 mutandum
1655 4789 1675 4846 li
1700 4793 1758 4845 net.
1782 4789 1904 4842 Ceterum

1094 4863 1235 4933 συχνεῶνα
1245 4858 1395 4930 scripserit
1409 4858 1614 4929 Hieronymus,
1631 4865 1663 4916 ut
1678 4807 1787 4933 iquitae
1800 4855 1903 4912 verbum

1097 4947 1150 4986 suo
1167 4934 1281 5003 aptaret
1296 4930 1455 4986 contextui.
1882 4989 1886 4998 ,

1129 5003 1298 5058 ⁷Diodorus
1324 5000 1353 5056 in
1378 5001 1503 5070 Catenis,
1529 5003 1564 5058 ab
1591 5002 1694 5058 eodem
1705 4997 1902 5079 Moutlouqomo

1093 5072 1234 5140 laudatis,
1249 5073 1280 5126 τὸ
1297 5069 1322 5125 ἐν
1339 5075 1413 5147 φυτῷ
1438 5070 1488 5126 οὐκ
1512 5065 1570 5148 ’ἔχει
1585 5073 1600 5127 b
1615 5070 1715 5148 Σύρος·
1738 5087 1816 5143 μονον
1836 5063 1861 5118 ὀὶ
1876 5075 1902 5112 τι

1094 5139 1194 5198 Zerbis·
1210 5147 1291 5198 τοῦτο
1318 5139 1346 5196 δὲ
1362 5142 1393 5196 τὸ
1418 5135 1506 5215 ’ὄνομα
1527 5147 1576 5198 τοῦ
1600 5147 1685 5221 φυτοῦ
1712 5143 1779 5196 εἶναι
1799 5131 1900 5208 νομίζω·

1093 5215 1154 5277 Tol<
1171 5211 1200 5269 δὲ
1226 5209 1364 5290 Ἱέὅρειοις
1381 5209 1500 5268 δοκεῖτὸ
1526 5209 1617 5269 >ludin
1643 5211 1733 5293 ἄφεσιν
1763 5203 1901 5282 aasabim·

1091 5291 1180 5358 Syrus
1207 5303 1263 5342 non
1291 5288 1378 5351 liutet,
1403 5287 1432 5341 in
1459 5289 1587 5357 uirpatto,
1613 5286 1660 5342 sed
1687 5292 1791 5342 tontum
1817 5275 1901 5350 Solae

1094 5360 1146 5414 Hoc
1169 5367 1259 5413 uatem
1285 5373 1381 5413 nornen
1408 5374 1465 5414 esse
1489 5359 1603 5428 oirputti
1630 5359 1765 5414 existimo.
1801 5346 1900 5406 Heiraet

1092 5433 1199 5501 patruit.
1217 5429 1304 5484 Soter
1319 5429 1478 5500 siuniiicore
1492 5431 1691 5486 reensionem.
1797 5491 1802 5502 ,

1130 5499 1243 5554 lllulta
1257 5499 1286 5552 in
1305 5499 1379 5554 banc
1395 5517 1456 5556 rem
1473 5500 1605 5575 exempla
1628 5518 1644 5556 e
1666 5497 1819 5570 Scripturas
1839 5499 1898 5543 oon·

1097 5571 1172 5644 gerit
1188 5569 1384 5627 blartianaeus.

1130 5643 1197 5698 —l
1237 5641 1332 5698 uirens
1361 5645 1510 5718 συχεεῶνα.
1535 5626 1896 5718 Verissimumcomproby·

1095 5719 1144 5774 tur
1158 5730 1215 5786 quo
1250 5713 1519 5788 aitllierouymus;
1535 5732 1605 5776 uem
1634 5715 1741 5788 ubique
1764 5723 1793 5766 ut
1813 5699 1896 5760 12th
