4066 6162
146 261 209 358 mr
764 296 799 357 s.
820 281 1238 362 nosneurvineorvrur
1791 273 1852 358 ret

144 427 255 502 gisem.
281 426 415 501 Cumque
443 425 516 483 mihi
545 425 650 483 accole
685 426 766 484 illius
794 427 849 484 loci
878 427 973 484 mults
989 433 1015 500 Α
1029 429 1125 502 phites
1137 447 1145 500 ;
1158 431 1207 487 hic
1218 431 1269 504 qui
1285 445 1335 487 sex
1348 426 1442 488 millia
1455 425 1590 504 origenis
1602 424 1705 500 tiores,
1732 432 1762 487 te
1777 433 1854 503 pree

148 519 312 584 normani,
329 515 491 588 darentque
506 514 672 585 consilium,
689 519 724 572 ut
751 532 809 572 non
825 518 861 573 sd
876 516 970 573 Protei
1026 523 1118 586 sente,
1139 519 1297 588 oanmvlt;
1329 517 1378 594 qui
1410 521 1542 577 omnium
1576 519 1709 594 gentium
1738 509 1855 592 ‘lingulis

149 606 313 674 columnas,
328 604 379 662 sed
395 604 431 660 ad
445 603 525 661 Jeme
540 608 656 677 portum
679 605 844 678 navigarem
862 623 869 661 :
887 605 971 662 illum
1026 608 1260 680 pradicationem
1289 609 1345 666 sibi
1375 613 1477 666 contre
1504 609 1660 684 origenem
1687 608 1855 682 injunctam

148 695 228 754 euim
254 691 431 768 fugientium
450 697 478 749 et
506 693 692 760 turbatorum
721 695 741 764 ¹,
770 693 848 750 huno
876 693 971 751 securi
1026 699 1126 768 putat;
1143 698 1273 770 quiideo
1289 713 1357 754 eum
1389 697 1605 772 legiprolribet,
1634 713 1671 755 ne
1698 695 1748 754 alii
1788 698 1855 770 sjue

147 782 502 851 homiuisessecnrsum,
518 781 609 838 melui
623 797 675 854 per
703 781 812 839 Malene
827 781 971 856 ethcla-
1026 785 1105 841 furta
1146 795 1334 860 cognoscent.
1378 810 1391 838 ι
1434 788 1508 861 Lege
1549 787 1659 860 scripta
1686 787 1739 844 tue
1769 830 1776 857 ,
1823 789 1856 843 ei

148 873 200 930 dns
215 873 341 946 cyprum
357 886 487 944 pergere.
505 870 559 926 Ubi
585 874 739 944 susceptus
768 887 784 928 a
811 871 971 928 venerabili
1026 874 1180 948 epistolam
1195 877 1261 948 ejus
1276 876 1340 932 imo·
1351 874 1502 948 epistolas,
1516 891 1533 931 e
1547 875 1655 948 quibos
1676 867 1769 932 uuum
1786 887 1854 947 pro·

146 961 283 1036 episeopo
306 960 480 1034 Epiphanio,
496 961 581 1032 eujus
595 963 628 1016 tu
643 960 810 1017 testimonio
826 959 971 1034 glorieris,
1027 963 1117 1020 leram
1142 967 1198 1019 tus
1226 964 1294 1020 fidei
1323 964 1537 1030 testimonium,
1563 968 1596 1020 ut
1620 981 1679 1021 non
1702 958 1856 1020 immeritd

147 1047 425 1117 veniendoelrinm,
455 1048 504 1104 ubi
534 1049 641 1106 fruitus
671 1065 738 1105 sum
766 1049 974 1106 communione
1027 1067 1106 1108 nuno
1134 1069 1151 1108 n
1176 1057 1206 1108 te
1232 1050 1371 1110 laudatus
1392 1069 1457 1110 esse
1484 1053 1627 1110 videatur.
1654 1053 1853 1120 n'l'e'autem,

150 1138 296 1213 pontilicis
311 1137 545 1210 confessorisque
559 1136 684 1208 Paulini,
714 1141 743 1194 et
765 1139 908 1195 deductus
936 1140 972 1196 sb
1026 1141 1125 1210 irater,
1140 1140 1344 1210 liberetlleus,
1360 1147 1389 1198 et
1416 1145 1552 1199 sanctum
1566 1142 1709 1216 populum
1728 1141 1854 1210 Christi,

151 1233 185 1285 eo
212 1227 310 1286 medin
336 1226 434 1283 hieme
461 1230 490 1283 et
512 1226 619 1300 frigore
655 1226 840 1299 gravissimo,
867 1226 973 1284 intravi
1027 1231 1078 1302 qui
1094 1229 1145 1286 tibi
1161 1231 1361 1299 creditusest,
1377 1234 1524 1288 etomnes
1549 1231 1655 1288 iratres
1683 1231 1735 1304 qui
1754 1227 1855 1289 teomo'

149 1315 390 1391 Hierosolymam.
419 1315 487 1372 Vidi
517 1315 611 1372 multa
652 1315 817 1386 miracula3
847 1320 876 1372 et
909 1333 973 1390 que
1028 1325 1109 1384 sunt,
1125 1319 1449 1376 etmsximeltullnum
1471 1321 1683 1394 presbyterum,
1699 1319 1855 1378 abharesi

148 1405 235 1480 prius
263 1406 300 1464 ed
328 1421 376 1463 me
390 1405 470 1462 tama
497 1402 667 1478 pertulerat,
683 1404 835 1462 oculorum
861 1405 974 1475 jndicio
1029 1407 1173 1480 Origenis,
1189 1412 1218 1464 et
1233 1407 1299 1464 aliis
1326 1407 1499 1481 heresibus,
1521 1413 1550 1466 et
1564 1409 1726 1482 perditione
1741 1423 1854 1466 earum.

147 1495 343 1570 comprobavi.
374 1495 445 1551 Inde
473 1494 608 1550 contendi
649 1494 813 1568 AEgyptum,
851 1494 973 1550 lustravi
1028 1496 1058 1554 Si
1074 1496 1154 1553 enim
1169 1500 1395 1570 propteruoum
1410 1498 1543 1564 verbum,
1558 1499 1771 1571 acidumque
1786 1487 1856 1556 eone

148 1583 327 1642 monasteria
350 1583 458 1652 Nitriae,
488 1586 517 1640 et
550 1583 627 1640 inter
663 1587 832 1640 sanctorum
870 1583 975 1640 choros
1027 1585 1118 1642 traria
1133 1585 1199 1643 ildei
1216 1590 1297 1652 sunt,
1327 1585 1427 1643 multe
1444 1587 1568 1644 hareses
1583 1587 1703 1659 objectae
1732 1587 1856 1644 suntab

148 1673 267 1748 aspides
282 1672 372 1729 latere
399 1671 545 1746 perspexi.
562 1671 708 1728 Protinus
725 1672 839 1729 concito
881 1667 973 1746 gradu
1028 1674 1167 1744 Ecclesia,
1184 1675 1404 1749 quantomagis
1434 1673 1480 1732 hic
1507 1675 1750 1733 interhereiicos
1764 1676 1855 1733 habe-¹

149 1761 286 1820 Betheem
303 1777 398 1818 rusam
414 1777 549 1818 reversus
570 1777 647 1829 snm,
678 1761 728 1818 ubi
757 1761 873 1818 odoravi
901 1777 973 1834 pre·
1029 1763 1119 1830 bitur,
1135 1764 1186 1836 qui
1201 1769 1299 1821 tantas
1314 1764 1529 1837 perversitates,
1559 1763 1635 1821 m
1659 1769 1688 1821 et
1700 1768 1761 1820 tam
1776 1763 1856 1821 mala

149 1849 220 1924 sepe
234 1854 264 1908 et
277 1849 457 1907 incunabula
471 1848 642 1908 Salvatoris.
669 1847 736 1906 Vidi
751 1865 867 1923 qnoque
882 1850 974 1907 lamo·
990 1803 1015 1870 B
1030 1853 1168 1925 dogmate
1186 1857 1289 1909 contro
1318 1853 1406 1910 tidem
1426 1852 1587 1925 adinvenit,
1630 1853 1683 1909 Dei
1719 1851 1856 1910 Ecclesiae

150 1937 303 2002 &nimum
320 1939 428 2009 laeum,
442 1955 496 1996 nec
511 1939 658 1996 mainerii
688 1939 795 1995 tradidi
811 1940 869 1996 etio
887 1963 894 2007 t
924 1939 974 1996 sed
1030 1940 1123 1997 hostis
1138 1939 1269 1997 exstitiit
1287 1963 1301 1991 ι
1316 1941 1388 1998 ileo·
1410 1945 1455 1998 eet
1481 1941 1536 1998 viri
1563 1943 1658 1998 saneti
1679 1943 1714 1999 de
1727 1945 1755 1998 te
1769 1940 1855 1998 ised·

149 2027 246 2088 mulia
258 2029 359 2098 didici,
375 2045 439 2103 qua
454 2033 522 2086 ante
537 2027 713 2085 nesciebam.
735 2027 810 2094 Quid
826 2033 924 2084 autem
941 2029 976 2084 de
1032 2029 1129 2087 dontio
1145 2045 1152 2085 ι
1169 2031 1212 2087 sic
1226 2031 1263 2087 sb
1278 2047 1311 2087 eo
1334 2035 1468 2102 ornatus,
1497 2031 1540 2087 sic
1568 2029 1705 2088 laudatus
1730 2018 1855 2089 lucanis

150 2115 310 2177 me‘ltome
321 2119 488 2191 judicatum
503 2118 553 2185 sit,
569 2121 599 2174 et
614 2117 682 2191 quid
705 2123 806 2191 postea
820 2116 975 2188 scriptum,
1031 2121 1075 2176 lta
1087 2123 1133 2176 eet
1145 2119 1269 2192 epistole
1283 2121 1303 2186 ⁸,
1321 2135 1411 2192 quam
1426 2121 1462 2176 ds
1476 2119 1611 2176 eubiculo
1627 2120 1726 2177 fratris
1736 2117 1857 2176 Bromii

150 2205 340 2278 rotonense,
369 2207 531 2281 prasertim
559 2206 751 2264 cnmhsbees
773 2205 976 2263 testimonium
1031 2208 1161 2265 nummis
1188 2209 1284 2266 eureis
1313 2209 1487 2282 produxisti,
1516 2214 1549 2264 ut
1572 2205 1796 2266 calumniareris
1810 2207 1856 2264 in-

150 2297 204 2370 [At.
216 2297 397 2367 testimonio]
426 2296 651 2368 scripturarum,
681 2299 710 2353 et
738 2311 862 2369 egenen
879 2294 977 2352 verbis
1030 2301 1197 2370 terpretem,
1209 2303 1237 2354 et
1248 2315 1293 2354 me
1304 2298 1481 2369 apertissimi
1492 2297 1749 2356 tenereserimlnis
1761 2311 1855 2366 reum,

149 2385 210 2444 tuis
225 2401 289 2459 quse
300 2385 441 2442 simulare
451 2389 544 2458 potes,
572 2384 757 2458 etimpuuito
773 2386 886 2456 iactare
898 2399 978 2441 men·
1032 2403 1122 2460 quare
1144 2403 1196 2460 pro
1221 2381 1378 2444 honorabili
1402 2389 1598 2444 eternitatem
1617 2385 1855 2444 'transtulissem·.

153 2476 247 2546 dacio,
263 2475 314 2532 sed
331 2474 450 2549 seriptis
479 2474 555 2532 doe
580 2473 785 2532 ecclesiasticis
808 2475 977 2547 arguendus
1032 2477 1086 2532 Sed
1103 2476 1174 2550 quid
1188 2477 1224 2532 ad
1240 2481 1281 2546 te,
1296 2476 1345 2550 qui
1362 2475 1499 2550 prudenti
1528 2473 1650 2534 consilio
1665 2479 1771 2533 cuneta
1797 2489 1858 2532 mo·

153 2565 221 2623 sim.
235 2564 310 2622 Vide
336 2567 480 2636 quantum
509 2567 537 2618 te
564 2563 696 2620 timeam.
726 2563 756 2619 Si
785 2563 830 2619 vel
857 2576 976 2636 parvam
1032 2566 1158 2633 dereris,
1172 2570 1200 2621 et
1225 2565 1267 2621 sic
1283 2565 1398 2622 medius
1417 2565 1538 2638 incedis,
1555 2570 1588 2622 ut
1607 2564 1792 2623 siinveneris
1807 2563 1858 2638 qni

152 2649 326 2710 schedulam
340 2649 504 2709 contremo
533 2647 657 2708 Romani
672 2647 811 2723 episcopi,
838 2655 890 2706 aut
904 2650 977 2706 alte·
1031 2654 1083 2710 tibi
1112 2655 1243 2722 credant,
1273 2671 1326 2711 nee
1354 2655 1527 2712 Anastasius
1555 2655 1710 2722 contrete,
1726 2671 1780 2711 nee
1794 2650 1860 2726 Epi·-

150 2739 363 2800 riu'sllcolesie
378 2739 546 2816 protuleris,
567 2739 753 2812 'omniaque
781 2738 853 2796 inte
868 2739 978 2811 scripta
1031 2742 1158 2815 phenius
1176 2742 1347 2816 scripserint
1364 2761 1371 2798 z
1387 2744 1445 2800 nisi
1460 2743 1530 2817 ipses
1559 2742 1687 2817 epistole
1715 2741 1858 2800 reclama·

149 2837 231 2903 suut,
261 2846 327 2890 mea
353 2830 479 2888 crimina
505 2829 675 2886 condiebar.
700 2827 839 2900 Nunquid
868 2832 897 2884 et
923 2845 977 2902 ego
1031 2829 1134 2899 verint,
1151 2836 1179 2887 et
1194 2831 1333 2906 fregerint
1347 2837 1403 2888 tue
1433 2831 1538 2888 leontis
1566 2832 1733 2901 audaciam,-
1757 2830 1859 2888 statim

149 2917 208 2980 non
224 2937 342 2996 possem
358 2919 568 2994 protectionem
579 2922 662 2974 tuam
692 2919 836 2974 discutere
852 2919 863 2972 i
891 2918 977 2989 cujus
1027 2919 1175 2992 judicium
1190 2921 1344 2993 utriusque
1359 2926 1541 2988 contemnas,
1570 2925 1599 2978 et
1622 2935 1681 2978 non
1696 2922 1732 2978 ad
1749 2925 1779 2977 te
1792 2923 1858 2993 per·

153 3010 248 3072 statis
262 3007 365 3076 leeris,
380 3009 468 3076 unde,
485 3023 543 3080 quo
570 3011 703 3079 tempore
723 3005 898 3078 navigaris?
926 3005 976 3062 ubl
1032 3010 1134 3078 tinent,
1158 3009 1218 3066 sive
1243 3011 1424 3082 scripserint,
1441 3009 1501 3067 sive
1516 3025 1574 3066 non
1589 3009 1772 3083 scripserint,
1788 2999 1861 3083 quia

151 3093 686 3173 viserisi‘quibusintsrloerisffied
702 3091 790 3164 absit,
806 3094 931 3168 utquod
948 3095 977 3151 in
1032 3099 1067 3155 de
1096 3099 1250 3156 innocente
1273 3103 1302 3156 et
1325 3099 1445 3156 absente
1469 3098 1595 3156 seribere
1621 3113 1677 3154 uon
1709 3098 1862 3171 potuerint

153 3193 182 3247 te
196 3179 389 3262 reprehendo,
417 3186 523 3243 luciam
539 3202 546 3242 :
563 3188 592 3242 et
606 3183 636 3241 in
651 3183 848 3242 ecelesiastica
876 3183 978 3257 diepu-
993 3173 1016 3242 G
1035 3187 1094 3258 [At.
1111 3185 1277 3259 potuerant}
1292 3187 1306 3242 ‘l
1321 3187 1379 3244 Nee
1394 3187 1424 3243 iu
1439 3191 1573 3244 sanetum
1593 3185 1687 3242 virum
1702 3186 1764 3242 hac
1779 3185 1861 3244 male

154 3273 275 3347 talione,
295 3275 419 3334 anilium
442 3275 610 3348 jurgiorum
639 3273 832 3330 deliramenta
848 3273 979 3345 compin-
1034 3274 1301 3344 conferendasunt,
1318 3295 1335 3328 a
1351 3281 1383 3332 ut
1410 3277 1581 3334 ostendetur
1608 3291 1657 3333 ore
1683 3276 1804 3348 quidem
1832 3277 1863 3332 et

155 3371 313 3444 ganuae
338 3364 611 3438 solumprudentiae
637 3369 694 3422 ture
709 3362 818 3419 dixisse
841 3360 978 3429 sulficiat,
1035 3362 1134 3420 osculo
1162 3379 1263 3436 pacem
1293 3365 1420 3434 dedisse,
1449 3363 1638 3421 malsnuteru
1665 3355 1866 3442 etdoluroiu¹

157 3447 191 3517 ut
203 3449 307 3516 ouvees
321 3456 352 3514 iu
368 3456 492 3513 alterum
508 3453 614 3521 dicere,
633 3453 776 3526 quidquid
792 3452 821 3508 in
836 3454 864 3507 te
879 3449 979 3508 statim
1035 3469 1088 3510 suo
1104 3453 1190 3509 corde
1206 3469 1348 3510 servasse.
1365 3477 1376 3508 ι
1396 3454 1442 3510 Sic
1471 3454 1550 3510 enim
1577 3454 1804 3528 argumentaris,
1831 3455 1865 3511 et

157 3547 319 3624 retorqueri
333 3549 447 3620 potest.
1034 3541 1096 3598 baec
1122 3547 1193 3599 sunt
1224 3543 1314 3600 verbs
1346 3543 1524 3600 detensionis
1564 3547 1631 3599 tua.
1669 3541 1765 3615 Ipsius
1795 3555 1869 3601 esse

192 3641 238 3696 23.
267 3636 413 3695 llaledicto
441 3635 535 3707 Rufini
549 3635 579 3690 io
599 3631 798 3706 Epiphaniam.
832 3629 981 3703 Epipdooil
1035 3633 1188 3690 adversum
1221 3635 1250 3688 te
1281 3631 1459 3705 epistolum,
1493 3635 1522 3689 et
1549 3631 1629 3689 orbis
1659 3631 1805 3710 agnoseit,
1837 3635 1872 3690 et

156 3729 235 3808 epist.
252 3727 288 3784 od
305 3713 447 3784 loannem.
467 3755 502 3766 -
522 3723 553 3780 ln
570 3723 663 3778 sancti
679 3720 835 3795 Epiphanii
862 3719 981 3776 nomine
1035 3719 1234 3778 authenticam
1249 3720 1279 3777 in
1296 3735 1400 3777 manus
1416 3724 1483 3777 tuas
1498 3721 1615 3778 venisse
1632 3719 1842 3779 convincimus
1860 3739 1870 3779 ι

156 3802 233 3874 mira
259 3820 312 3872 tue
339 3803 549 3888 tergiversatio,
583 3815 618 3868 ut
646 3803 712 3884 post
739 3809 884 3876 osculum,
913 3811 981 3880 post
1035 3815 1064 3866 et
1092 3809 1184 3867 miror
1210 3825 1268 3882 quo
1296 3810 1497 3883 pudore,imo
1520 3825 1580 3882 qua
1604 3809 1787 3892 impudentia
1816 3823 1876 3868 ne·

156 3890 330 3973 cretionem,
346 3917 436 3977 neges
450 3917 518 3958 eum
531 3906 632 3958 eontra
645 3905 674 3957 te
689 3899 820 3973 potuisse
834 3899 978 3956 scribere:
1034 3915 1095 3972 ges,
1110 3899 1188 3972 quod
1203 3915 1307 3956 verum
1323 3915 1387 3955 esse
1397 3915 1455 3955 non
1477 3897 1629 3972 ambigis?
1643 3903 1716 3972 Ergo
1730 3893 1875 3969 pollutus

158 3979 307 4070 quomodo
323 3992 348 4050 si
376 3991 536 4048 contendas
565 3983 624 4046 non
652 3989 783 4062 potuisse
810 4003 878 4045 eum
894 3985 978 4052 mori,
1034 3987 1295 4061 eritllpiphaniue‚
1311 3987 1361 4060 qui
1387 3987 1439 4043 tibi
1459 4003 1560 4060 pecem
1588 3987 1682 4054 dedit,
1708 3989 1737 4043 et
1753 3984 1784 4041 in
1802 3999 1868 4044 sno

157 4083 209 4156 qui
237 4082 326 4156 paulo
352 4083 420 4138 ants
446 4079 568 4148 vixerat,
584 4083 634 4136 eut
656 4077 762 4135 certior
777 4078 815 4133 sit
830 4076 873 4132 tui
886 4089 980 4145 repre·
1034 4077 1120 4133 corde
1145 4077 1244 4134 dolum
1272 4077 1406 4134 servavit
1438 4077 1495 4133 Cur
1521 4091 1581 4133 non
1606 4075 1678 4132 illud
1694 4073 1793 4132 verius
1810 4077 1867 4148 sit,

156 4157 570 4246 neusinqu'nmpostpacem
599 4165 871 4226 excommunicatio.
903 4185 918 4214 ιι
940 4163 979 4218 lla
1034 4166 1111 4237 quod
1128 4166 1297 4238 teprimum
1313 4165 1490 4222 monuerit?
1513 4165 1591 4237 quod
1617 4163 1867 4222 volueritemen·

156 4261 252 4330 nobis,
267 4261 375 4335 lnquit,
401 4259 543 4329 exierunt,
560 4257 610 4314 sed
639 4272 696 4312 noo
722 4255 841 4309 luerunt
865 4267 899 4307 ex
927 4267 978 4307 no·
1034 4255 1112 4322 dure,
1129 4258 1159 4311 et
1173 4255 1209 4311 ud
1226 4257 1337 4312 rectum
1352 4255 1407 4311 iter
1420 4255 1567 4320 reducere,
1579 4259 1612 4310 ut
1624 4253 1708 4310 Judae
1723 4253 1868 4312 osculum

155 4351 201 4408 bis
231 4367 238 4406 :
269 4335 449 4406 mansissent
475 4348 577 4420 utique
605 4342 757 4401 nobiscum
792 4341 816 4412 (l
837 4341 915 4396 torn.
946 4355 978 4400 ιι.
1034 4359 1091 4401 non
1108 4344 1258 4413 refutaret,
1288 4349 1321 4400 ut
1347 4343 1524 4417 proditorem
1554 4343 1620 4399 fidei
1647 4343 1796 4420 irrogaret
1810 4359 1867 4417 pa.

156 4439 212 4510 19).
238 4459 253 4488 ι
281 4437 454 4494 lleretioum
483 4423 550 4508 post
579 4448 668 4489 unam
696 4433 724 4488 et
751 4429 873 4486 alteram
898 4444 979 4484 com·
1034 4433 1160 4492 tieotia:
1185 4438 1213 4491 et
1242 4437 1398 4506 postquem
1424 4447 1458 4490 se
1472 4431 1615 4489 intellexit
1640 4445 1723 4488 cesso
1752 4432 1866 4490 sudare

155 4525 345 4584 monitionem
387 4525 539 4581 vitandum
576 4519 731 4595 Apostolus
762 4517 893 4592 precipit
915 4519 977 4608 (vlt.
994 4547 1017 4612 D
1033 4522 1142 4592 labore,
1158 4523 1349 4597 neopardnm
1366 4525 1478 4578 mutire
1499 4521 1663 4588 varietates,
1680 4517 1865 4578 neoAEthio·

154 4617 181 4687 3,
200 4617 255 4689 10),
284 4615 335 4687 qui
350 4613 452 4687 utique
472 4615 631 4684 antequem
659 4610 767 4667 vitetur
793 4613 881 4682 utque
894 4609 978 4666 dam·
1033 4627 1100 4685 pem
1116 4612 1221 4685 pellem
1237 4627 1334 4681 susm,
1351 4612 1429 4683 quod
1446 4613 1543 4667 monte
1558 4613 1742 4684 conceperat,
1753 4608 1864 4667 litteris

155 4711 250 4776 netur,
266 4701 457 4762 ecelesiastici
483 4701 580 4776 gregis
609 4701 704 4773 portio
732 4698 797 4755 luit.
826 4698 978 4772 Simulque
1034 4700 1208 4760 indicasse?

153 4798 248 4856 risum
262 4799 361 4854 tenere
376 4809 434 4851 non
462 4807 594 4865 possum,
625 4791 738 4864 quode
766 4789 894 4861 quodam
908 4805 979 4862 pru·
1067 4791 1112 4845 24.
1144 4763 1291 4848 dalooioia
1317 4789 1349 4846 de
1384 4791 1451 4862 ficta
1476 4803 1551 4862 pace.
1579 4789 1669 4846 Amici
1693 4789 1864 4862 Hieronymi

153 4887 240 4945 dente
258 4883 468 4955 commonitus,
483 4881 513 4938 in
528 4879 631 4938 laudes
645 4877 802 4954 Epiphanii
819 4878 979 4952 personas¹
1032 4880 1114 4938 mirei
1128 4881 1158 4936 in
1174 4879 1353 4938 Occidentem.
1375 4911 1410 4922 -
1426 4877 1496 4936 Tale
1521 4875 1592 4950 quid
1620 4879 1650 4935 st
1677 4881 1781 4944 eontra
1808 4895 1861 4950 pe·

153 4973 237 5033 «flio
251 4979 297 5032 esi
311 4974 360 5032 ille
375 4973 486 5032 delirus
501 4985 599 5041 senex,
623 4969 671 5027 hio
688 4973 733 5028 esi
755 4968 977 5040 anthropomor·
1033 4985 1100 5042 pam
1123 4969 1313 5028 Anastasium
1342 4967 1487 5039 disputes,
1513 4971 1546 5022 ut
1574 4965 1645 5038 quia
1670 4965 1773 5023 siricii
1796 4966 1860 5040 epi·

189 5206 198 5242 ¹
214 5209 392 5281 prepostero
407 5208 496 5266 hebet
510 5207 657 5275 Martiam,
674 5221 741 5262 cum
758 5203 890 5286 Erasmo,
906 5201 979 5287 tuor
1033 5202 1137 5272 stnoh·‚
1157 5218 1186 5257 ¹1·
1202 5201 1230 5267 8,
1246 5221 1260 5250 “
1273 5197 1354 5270 ¹⁰1³?ss
1367 5213 1454 5272 ”filli
1466 5197 1598 5272 {lilim
1608 5201 1720 5272 limum
1736 5197 1825 5267 '⁰²²3’
1843 5219 1862 5251 ’⁹

155 5277 232 5338 erim
244 5279 402 5348 tepentium
419 5280 638 5348 retrebutorem,
655 5273 978 5400 ittumeerondlromsnes
1033 5281 1150 5400 eteiMl
1176 5343 1197 5396 ,ι
1210 5339 1273 5395 V'i
1311 5339 1317 5352 ,
1405 5345 1431 5397 n

153 5349 978 5499 &iginiiissuiilemssiignrdeffiiirsorstffeqigdfflssenesulsmitplsse
1068 5355 1404 5493 ³1lgipll¹raoilicailmllisnrpif
1428 5357 1588 5498 iriair'ostm
1616 5411 1783 5500 recensione
1808 5412 1861 5472 5⁴.

155 5509 207 5568 per
224 5507 255 5552 se
269 5493 450 5556 ostendebat.
467 5492 546 5548 Noto
563 5507 649 5564 porro
665 5493 734 5546 sunt
757 5489 851 5572 Rroter
867 5487 978 5544 colum·
1033 5485 1137 5544 Recole
1153 5488 1248 5539 autem
1265 5482 1345 5567 illum
1376 5499 1492 5568 quoque
1521 5487 1627 5543 Hieron
1648 5501 1687 5572 mr
1706 5484 1742 5541 ad
1771 5483 1863 5543 Pam·

149 5577 200 5622 ω
211 5563 296 5638 jem
310 5567 478 5638 Aegyptum,
492 5563 522 5643 et
534 5559 798 5642 lcane'portus‚rd
818 5563 863 5616 est
876 5561 910 5616 to
934 5576 978 5630 pe,
1033 5555 1145 5614 march.
1172 5553 1205 5612 de
1233 5563 1332 5630 optimo
1345 5571 1443 5630 penne
1456 5503 1666 5634 artemetoris,
1690 5571 1755 5636 quae
1770 5569 1861 5617 uum.

154 5635 435 5724 perpendentem
462 5631 543 5708 strui,
567 5635 632 5690 tum
654 5627 777 5708 epistole
791 5629 853 5700 tos,
869 5577 976 5691 adpliu·
1032 5633 1078 5693 est
1091 5629 1136 5690 57.
