4078 6162
196 273 255 348 683

813 273 845 336 S.
868 271 1026 337 uusueu
1044 269 1281 336 ΗΙΒΒΟΝΥΜΙ.

1836 266 1896 332 eor

195 411 274 478 stum
286 406 424 480 martyrio
437 405 616 479 coronatc,in
626 404 723 462 locum
738 406 803 477 eius
813 405 1014 464 substituitur.
1033 404 1256 478 Αάπηνὲγκαιο.
1282 403 1356 458 uest
1379 397 1408 456 dt
1430 403 1514 456 ταῦτα
1536 399 1665 456 Ποθεινοῦ
1694 391 1791 456 σχεδόν
1807 395 1895 469 ἐνενη-

193 497 420 554 llcnstataatem
431 495 590 570 Polycarpi
602 497 688 568 eujus
702 512 792 568 supra
807 495 930 551 fecimus
939 511 1019 550 men-

191 583 302 642 tionem
319 585 339 652 ¹,
356 585 515 642 sacerdotis
531 589 559 642 et
574 584 720 658 martyris,
751 584 828 640 hunc
855 584 945 640 fuisse
974 583 1017 640 di-

192 672 352 747 scipulum.
368 671 489 746 Scripsit
518 673 648 746 quinque
668 674 808 729 adversus
832 671 956 729 hereses
983 672 1018 728 li-

193 760 262 819 bros
277 763 297 828 ²,
327 765 356 818 et
374 764 476 818 eontra
507 766 609 834 gentes
637 760 772 817 volumen
800 761 895 827 breve,
928 767 957 817 et
984 762 1020 818 dc

194 849 350 923 disciplina
369 849 449 906 aliud
468 851 490 917 ³,
524 855 553 907 et
580 851 616 906 ad
636 850 816 909 Marcianum
844 849 964 906 fratrem
983 850 1019 907 de

196 937 355 1011 apostolica
383 939 599 1011 praedieatione,
620 942 649 994 et
664 937 770 994 librum
791 938 937 994 variorum
957 944 1019 994 tra-

196 1031 341 1093 ctatuum,
369 1033 398 1084 et
425 1027 461 1084 ad
491 1025 624 1084 Blastum
654 1027 688 1083 de
709 1027 871 1084 schismate
886 1029 907 1096 ⁴,
931 1031 959 1084 ot
983 1029 1019 1083 ad

195 1117 347 1174 Florinum
368 1115 403 1172 de
423 1116 604 1185 Monarchin,
635 1116 695 1172 siva
711 1117 787 1189 quod
805 1117 882 1173 Deus
909 1117 1021 1174 nonsit

194 1206 328 1264 eonditor
346 1205 501 1274 melorum,
519 1206 598 1263 etde
613 1206 770 1279 Ogdoadal
783 1206 934 1280 egregium
944 1223 1021 1263 coru-

195 1295 1020 1369 monterium,inoujusfinesignificansscapostolieorum

193 1383 498 1459 temporumvicinum
515 1384 615 1452 luisse,
633 1383 674 1440 sie
693 1384 917 1458 subscripsiti:
939 1409 953 1436 «
964 1385 1020 1441 Ad·

191 1474 260 1545 Juro
274 1477 313 1542 te,
333 1473 385 1546 qui
415 1473 490 1530 815
516 1473 690 1530 transcribis
719 1474 827 1528 librum
847 1473 950 1542 istum,
971 1491 1038 1548 per¹

196 1561 354 1619 Dominum
369 1562 471 1618 lesum
487 1561 648 1630 Christum,
669 1565 698 1618 et
713 1578 764 1634 per
783 1561 943 1634 gloriosum
958 1564 1022 1634 ejus

1072 497 1231 554 κονταετοῦς
1265 493 1510 566 μαρτυρήσαντος,
1541 490 1580 552 είς
1605 490 1650 544 τόν
1685 487 1782 544 τοότου
1813 488 1894 544 τόπον

1074 583 1271 658 ὑπεισέρχεται.
1299 579 1488 657 ·Ωμολόγτ,ται
1513 577 1542 634 δὲ
1571 563 1768 652 Βολυκάρπου,
1792 579 1895 641 οὔτινος

1073 671 1303 745 προεμνήσθημεν
1330 714 1337 740 ,
1381 670 1543 744 γεγενῆσθαι
1588 669 1711 742 μαθητής
1737 711 1744 724 .
1778 669 1897 744 Ἔγραψε

1073 760 1153 813 πὲντε
1181 759 1249 814 κατά
1276 763 1329 813 τῶν
1360 759 1500 832 αἱρετικιῖιν
1533 751 1647 832 βίόλους
1679 757 1723 812 καὶ
1751 757 1820 811 κατό
1845 760 1896 812 τῶν

1075 847 1157 903 ἐθνῶν
1185 851 1284 923 τεῦχος
1320 845 1419 923 βραχύ,
1453 847 1498 900 καὶ
1522 847 1584 922 περὶ
1613 844 1767 918 ἐπιστήμης
1797 842 1896 919 ἕτερον,

1074 938 1207 1012 καὶπρὸς
1238 936 1391 1012 λίαρκιανὸν
1416 933 1532 1013 ἀδελφόν
1562 935 1623 1010 περὶ
1649 938 1697 989 τοῦ
1718 927 1896 990 ἀποστολικοῦ

1075 1025 1264 1102 κηρύγματος,
1280 1025 1326 1079 καί
1349 1019 1445 1099 βίόλον
1462 1021 1596 1079 ποικίλων
1618 1021 1748 1096 ὁμιλιῶν,
1763 1023 1808 1078 καί
1831 1023 1897 1099 πρὸς

1076 1112 1195 1168 Βλάστον
1216 1114 1277 1189 περὶ
1303 1113 1472 1189 Σχίσματος,
1498 1113 1544 1168 καὶ
1576 1113 1644 1188 πρὸς
1674 1110 1898 1190 Φλωρῖνονιπερὶ

1079 1204 1248 1279 θίοναρχίας,
1263 1202 1308 1257 καὶ
1328 1205 1391 1258 ''Il-tr
1411 1203 1426 1257 ὁ
1445 1203 1510 1264 Θεὸς
1530 1202 1642 1272 κτίστης
1661 1205 1751 1257 κακῶν
1773 1200 1823 1256 οὐκ
1834 1197 1898 1270 ἔστι,

1076 1293 1121 1346 καὶ
1147 1292 1209 1366 περὶ
1246 1287 1415 1366 Ὀγόοαστῶν
1449 1289 1581 1363 ἐξαίρετον
1618 1288 1768 1365 σύνταγμα·
1803 1289 1829 1345 ἐν
1860 1295 1899 1362 τῷ

1076 1381 1149 1436 :tlte
1174 1377 1202 1434 δὲ
1220 1384 1269 1434 τοῦ
1296 1378 1377 1434 αὐτοῦ
1400 1380 1585 1454 συντάγματος
1613 1379 1764 1455 ὑπέγραψεν
1789 1377 1897 1440 οὕτως.

1078 1473 1192 1546 wopau
1224 1489 1253 1524 σε
1285 1469 1330 1523 τόν
1362 1469 1568 1548 μεταγράροντα
1586 1467 1687 1539 ταότην
1719 1468 1767 1537 τήν
1805 1462 1899 1542 βίόλον

1077 1560 1144 1614 κατὰ
1162 1563 1211 1612 τοῦ
1239 1557 1339 1633 Κυρίου
1368 1561 1448 1631 ἡμῶν
1477 1559 1568 1628 Ἰησοῦ
1598 1562 1725 1632 Χριστοῦ,
1759 1558 1804 1612 καί
1834 1559 1902 1612 κατὰ

197 1651 439 1724 adventum,quo
468 1650 659 1722 judicaturus
678 1656 723 1706 est
742 1651 1021 1719 vivosetmortuos,
1076 1655 1126 1717 τῆς
1158 1644 1264 1717 ἐνδόξου
1294 1643 1425 1709 ἐλεύσεως
1457 1646 1548 1716 αότοό,
1579 1646 1605 1701 ἐν
1632 1649 1651 1718 ᾗ
1678 1651 1767 1723 κρινεῖ
1800 1651 1901 1715 ζῶντας

197 1738 389 1808 utconseras,
420 1742 576 1811 postquam
610 1739 841 1812 transcripseris,
871 1747 900 1796 et
927 1737 1121 1840 οιιιοιι-Βκαὶ
1146 1735 1267 1812 νεκροὺς,
1294 1734 1341 1790 ίνα
1374 1730 1521 1810 δντιόοίλης
1556 1737 1624 1809 μετὰ
1651 1736 1681 1790 τό
1716 1736 1827 1811 γράψαι,
1856 1736 1903 1790 οιαὶ

196 1827 248 1884 des
276 1825 361 1883 illum
389 1827 426 1882 sd
446 1827 603 1899 exemplar,
637 1828 715 1883 uude
743 1829 887 1900 scripsisti
907 1831 927 1898 ⁷,
958 1828 1021 1885 dili·
1076 1823 1257 1901 ἐκδιυρθώοῃς
1277 1825 1345 1896 πρός
1371 1826 1404 1879 τὰ
1432 1823 1593 1902 ἀντίγραφα,
1623 1825 1667 1902 ἀρ’
1695 1825 1732 1879 ὧν
1763 1821 1903 1900 ἔγραψας,

197 1915 388 1989 genti-ssime:
410 1916 616 1988 huncquoque
639 1917 867 1974 obtestationem
886 1917 1023 1974 simililer
1076 1916 1152 1974 870
1176 1912 1325 1988 ἐπιμελῶς,
1345 1915 1389 1968 καὶ
1418 1913 1517 1982 ταύτην
1542 1915 1591 1982 τήν
1608 1915 1762 1986 κατάκρισιν
1795 1913 1903 1987 ὁμοίως

195 2005 367 2073 transferas,
384 2009 416 2060 ut
431 2005 566 2060 invenisti
585 2006 615 2060 in
632 2006 802 2078 exemplari.
833 2031 847 2058 ιι
878 2008 1023 2063 Feruntur
1079 2004 1262 2079 μεταγράψαι,
1291 2003 1380 2065 καθὼς
1415 2003 1489 2078 εὔρει
1523 2001 1548 2058 ἐν
1582 2009 1641 2064 τοῖς
1674 2002 1859 2080 ἀντιγράφοις.
1883 2027 1901 2053 ιι

196 2093 261 2166 ejus
275 2099 304 2150 et
322 2092 385 2150 eliu}
414 2094 450 2149 ad
480 2093 627 2150 Victorem
655 2094 825 2166 episcopum
857 2095 1022 2152 Romanurn
1077 2090 1310 2166 repatriaremur
1337 2092 1382 2146 καί
1403 2087 1486 2146 ἀλλαι
1510 2092 1578 2164 πρός
1602 2091 1726 2166 Βίκτωρα
1754 2090 1903 2146 ἐπίσκοπον

196 2182 684 2258 dequastionsPascbaepistola
704 2201 710 2239 :
728 2184 756 2239 iu
774 2185 1024 2256 quibuscommo-
1076 2183 1186 2255 Ῥώμης
1217 2181 1278 2256 περὶ
1309 2183 1448 2251 ζητήσεως
1477 2184 1525 2235 τοῦ
1551 2181 1648 2257 Πάσχα
1678 2177 1843 2252 ἐπιστολαὶ,
1874 2179 1902 2234 ἐν

199 2275 337 2339 usteum,
354 2287 412 2327 nou
428 2271 511 2327 facile
526 2271 632 2327 debere
646 2271 791 2328 unitatem
807 2271 922 2346 collegii
946 2273 1022 2329 scin·
1078 2273 1120 2332 οιίς
1140 2275 1265 2345 παραινεῖ
1293 2269 1375 2340 αὐτῷ,
1406 2271 1444 2343 μὴ
1472 2266 1573 2345 ῥᾳδίως
1594 2267 1713 2348 ὀφείλειν
1738 2269 1787 2338 τήν
1807 2265 1905 2324 ’ἑνωοιν

198 2361 277 2418 dere.
298 2359 451 2435 Siquidem
476 2360 721 2417 Vietcr⁸multos
740 2362 814 2418 Asiae
844 2367 872 2418 et
900 2362 1023 2419 Orientis
1078 2368 1127 2430 τῆς
1144 2360 1317 2434 ἐταιρότητος
1342 2356 1489 2434 διασχίσαι.
1518 2360 1566 2413 liei
1593 2355 1621 2414 δὲ
1650 2358 1754 2433 Βίκτωρ
1781 2356 1907 2422 πολλοὺς

198 2449 365 2524 episcopm,
390 2448 441 2522 qui
456 2449 568 2506 decima
594 2453 700 2522 quelle
730 2449 801 2506 luna
828 2467 895 2506 eum
914 2450 1023 2507 Judaeis
1078 2457 1128 2518 τῆς
1148 2447 1240 2510 Ἀσίας
1259 2448 1304 2502 καὶ
1332 2455 1382 2517 τῆς
1406 2445 1557 2516 Ἀνατολῆς
1584 2446 1748 2511 ἐπισκόπους
1769 2447 1906 2518 καθεῖλεν,

197 2538 312 2596 Pascha
325 2538 521 2608 celebrabunt,
533 2538 716 2594 damnandos
729 2540 901 2595 crediderat.
919 2540 950 2596 in
967 2555 1026 2610 qua
1080 2534 1178 2598 οίτινες
1193 2539 1227 2610 τῇ
1246 2532 1521 2611 τεσσαρεσκαιδεκάτη
1543 2542 1593 2606 τῆς
1618 2537 1738 2608 σελήνης
1761 2538 1828 2611 μετὰ
1851 2541 1907 2591 τῶν

197 2627 342 2685 sententia
356 2626 396 2696 hi,
413 2627 464 2699 qui
479 2627 687 2699 discrepabant
703 2628 739 2683 ab
755 2627 825 2697 illis,
841 2628 950 2684 Victori
967 2645 1024 2684 nou
1078 2622 1215 2680 Ἰουδαίων
1235 2625 1379 2700 τόΒοίσγα
1399 2621 1568 2681 ἐπετέλεσαν.
1594 2624 1681 2700 ΤαότηΙ
1713 2623 1741 2680 δὲ
1772 2629 1807 2700 τῇ
1836 2627 1909 2702 γνώ-

199 2715 343 2772 dederunt
356 2731 463 2772 manus
478 2716 499 2770 ⁹.
516 2715 628 2772 Floruit
653 2715 779 2772 maxime
795 2717 849 2772 sub
865 2717 1025 2774 Commodo
1082 2736 1118 2788 μη
1150 2713 1215 2776 τοὺς
1245 2710 1467 2791 trapessacum<
1506 2714 1543 2787 μή
1574 2714 1724 2769 συναινέσαι
1762 2714 1906 2791 Βίκτωρι.

198 2803 339 2880 principe,
356 2803 407 2878 qui
435 2803 474 2861 u.
491 2805 638 2861 Antonino
653 2804 726 2860 Vero
742 2805 772 2861 in
787 2805 943 2877 imperium
960 2823 1025 2863 suc·
1080 2805 1197 2874 Ἤνθηοε
1225 2799 1342 2875 μάλιστα
1372 2801 1415 2858 ἐπὶ
1441 2799 1567 2876 Κομόδου
1593 2800 1739 2878 βασιλέως,
1764 2802 1838 2866 ὅστις
1866 2805 1908 2867 εἰς

202 2897 341 2953 desseret.
1079 2893 1161 2947 τόπον
1183 2891 1347 2948 Ἀντωνίνου
1361 2893 1451 2966 Βήρου
1468 2889 1639 2962 όπεισῆλθεν.

929 3011 1045 3068 CAPUT
1064 3008 1189 3066 xxxvi.

235 3115 392 3169 Pantaenus
429 3109 460 3178 ¹⁰,
492 3107 594 3165 Stoicae
621 3112 704 3165 secla
720 3106 924 3181 philosophus,
941 3107 1062 3181 juxlaC
1117 3111 1286 3176 Πανταῐνος,
1316 3109 1439 3162 Στωϊκοῦ
1469 3103 1607 3182 δόγματος
1634 3104 1810 3186 φιλόσοφος,
1839 3111 1909 3164 κατά

200 3199 360 3272 qnamdam
376 3200 501 3254 veteram
522 3196 550 3252 in
566 3195 741 3253 Alexandria
768 3197 1026 3267 consuetudinem,
1081 3218 1141 3252 τινα
1173 3194 1289 3251 παλαιὰν
1322 3201 1376 3250 τῶν
1410 3192 1608 3271 Ἀλεξανδρέων
1638 3199 1803 3268 συνήθειαν,
1835 3198 1862 3254 ἐν
1889 3201 1908 3272 ᾗ

202 3285 283 3343 abia
298 3285 395 3342 Marco
409 3283 588 3355 evangelista
602 3299 719 3357 semper
733 3285 922 3343 ecelesiastici
948 3287 1029 3344 suere

201 3375 346 3440 doctores,
375 3377 462 3430 tanta
489 3371 652 3446 prudentiae
673 3373 889 3431 eteruditicnia
918 3379 977 3430 tam
1000 3376 1030 3430 in

208 3461 367 3535 Scripturis
394 3461 511 3530 divinis,
532 3477 620 3534 quam
645 3459 675 3516 in
703 3461 835 3518 seculari
868 3463 1032 3520 litteratura

209 3551 274 3620 luit,
290 3555 323 3607 ut
342 3552 372 3607 in
388 3550 502 3608 lndiam
517 3555 773 3624 quoque,rogatus
789 3552 824 3607 ab
840 3551 920 3608 illius
935 3554 1029 3624 gentis

205 3639 321 3713 legatis,
338 3657 355 3696 a
372 3638 515 3697 Demetrio
529 3639 709 3696 Alexandria
737 3641 871 3712 episcopo
900 3641 1028 3698 mittere-

204 3733 263 3786 tur.
280 3728 335 3785 Ubi
350 3727 468 3803 reperit,
483 3727 729 3784 Bartholomaeum
745 3728 781 3784 de
795 3728 949 3785 duodecim
965 3747 1031 3804 apo-

204 3817 288 3874 stolis
303 3817 460 3874 adventum
490 3816 607 3872 Domini
621 3818 712 3874 nostri
724 3816 794 3874 lesu
814 3818 921 3874 Christi
945 3821 1032 3892 juxta

204 3907 329 3964 llattbaai
342 3903 531 3979 Evangelium
542 3906 726 3978 predicasse,
738 3907 816 3980 quod
827 3907 977 3964 Hebraicis
985 3908 1032 3964 lit-

241 4059 249 4092 ¹
264 4056 360 4131 Supra
373 4076 437 4134 cap.
457 4062 498 4120 li.

239 4130 366 4187 ’Exstat
391 4132 480 4190 hu'us
505 4134 571 4191 libri
590 4137 690 4192 Latina
708 4139 791 4192 vetus
815 4135 1028 4206 interpretatio,

204 4204 234 4257 et
249 4217 343 4286 pauca
353 4151 487 4287 quadam
499 4206 680 4280 fragmenta:
694 4213 798 4263 catera
814 4205 913 4262 omnin
930 4208 1029 4262 lrenaei

203 4278 613 4436 ΒθόῚίίίιόυιεῃίόίιίίίίίίῗθίίίόοί)ίο
630 4353 674 4404 est
703 4348 786 4416 liber,
808 4349 944 4420 idemque
960 4363 1027 4404 cum

202 4419 600 4561 suiiiiiiiirpiiiiilsiaqiiiiiiisut
614 4490 750 4546 lectorem
764 4489 875 4546 moneri
887 4493 1028 4560 oporteat,

198 4555 442 4616 Cod.Veronens.
474 4561 506 4618 de
535 4561 695 4616 Clrrrsmate.
719 4566 833 4624 Contra,
863 4561 968 4616 Euseb.
999 4578 1026 4629 v,

196 4627 242 4690 20,
272 4627 340 4702 πρὸς
370 4627 490 4684 Βλάστον
529 4631 592 4707 περὶ
632 4630 802 4707 Σχίσματος.
830 4632 888 4689 Nec
926 4632 1026 4689 minus

194 4697 299 4774 vitiose
314 4700 402 4773 paulo
418 4719 509 4775 supra
527 4703 802 4776 Guelpherbytanus
817 4703 868 4758 ad·
879 4703 1026 4759 llorer'cnia

192 4769 321 4842 Ῐναιιιίσικ
334 4789 386 4846 pro
397 4776 567 4831 Marcianum
577 4777 702 4846 laturam.
714 4774 837 4832 llusccb.
849 4791 877 4838 ν,
885 4777 920 4830 26
933 4791 938 4829 :
952 4771 1021 4829 ’Άλ-

197 4837 247 4903 λος
293 4841 322 4898 όν
374 4843 539 4900 ἀνατέθεικεν
588 4841 698 4923 ἀδελφῷ
743 4849 889 4922 trapazetae
927 4843 1020 4900 τοόνο-

198 4919 380 5070 lmi’liiiriinuli
398 5003 469 5046 mss.
482 4989 514 5046 de
530 4989 632 5046 Octava
647 4986 822 5060 leguntcum
840 4988 1018 5043 Martianao.

193 5059 337 5138 llusebrus
355 5059 417 5134 περί
429 5056 588 5136 Ὀγδοοίδος,
605 5077 695 5132 quam
710 5077 808 5115 vocem
823 5063 907 5114 vetus
921 5060 1019 5115 lronaei

193 5130 336 5200 interpres
351 5137 559 5200 coronationem,
591 5133 695 5189 reddit.
722 5133 793 5188 ltem
810 5129 860 5185 alii
876 5147 937 5185 mss
958 5128 1019 5182 σόν-

191 5213 284 5268 ταγμα
310 5200 427 5268 ίιιιίιοιιί,
457 5204 505 5260 alii
536 5207 717 5260 ecritrariom.
747 5235 781 5244 -
809 5204 841 5257 Et
868 5201 900 5256 de
925 5206 1020 5258 octauo

192 5270 339 5338 cereptum.
368 5271 438 5328 Mss.
470 5275 599 5332 librihic
628 5275 738 5332 nullam
767 5273 893 5329 retinent
920 5289 1018 5329 vocem
1073 5271 1282 5345 philosophum
1313 5275 1541 5340 Atheniensem,
1574 5280 1655 5332 secta
1674 5274 1765 5348 Pytha
1786 5285 1894 5330 oreum-

190 5341 317 5395 Graecam
326 5357 384 5430 pro
399 5348 492 5400 octova
510 5363 516 5412 ;
538 5348 588 5401 sed
606 5346 704 5418 plures
719 5362 771 5418 pru
785 5346 1019 5402 commentarium
1073 5344 1167 5400 dende
1182 5344 1382 5400 Alexandrina
1394 5345 1500 5402 scholar
1515 5347 1703 5416 catechistan,
1719 5352 1749 5404 et
1767 5292 1791 5404 θ

1084 3287 1135 3340 ἀπό
1165 3287 1274 3360 Μάρκου
1307 3290 1355 3339 τοῦ
1389 3282 1582 3359 εὐαγγελιστοῦ
1616 3282 1837 3356 ἐκκλησιαστικοὶ
1865 3307 1909 3362 γε·

1084 3375 1178 3450 γόνασι
1216 3372 1385 3444 διδάσκαλοι,
1424 3372 1559 3444 τοσαύτης
1592 3373 1687 3452 σοφίας
1720 3375 1764 3430 καὶ
1799 3374 1913 3432 παιδεύ-

1086 3485 1164 3534 σεως,
1189 3469 1269 3519 τοῦτο
1299 3463 1324 3518 ἐν
1351 3469 1411 3524 ταῖς
1440 3461 1523 3525 θείαις
1548 3467 1677 3541 Γραραῐς,
1706 3462 1839 3520 τοῦτοδὲ
1868 3470 1913 3522 καί

1084 3559 1143 3614 τοῖς
1166 3559 1310 3626 κοσμικοῖς
1337 3553 1493 3627 γράμμασιν
1515 3549 1589 3614 ἐντδς
1615 3552 1736 3626 γέγονεν,
1760 3551 1834 3610 ι’όστε
1861 3577 1913 3611 πα-

1087 3640 1255 3716 ρακληθέντα
1287 3642 1355 3714 (At.
1384 3637 1595 3712 περικληθὲντα)
1632 3639 1711 3696 αὐτόν
1748 3645 1825 3717 παρὰ
1859 3649 1913 3699 τῶν

1086 3729 1183 3792 Ἰνδίας
1210 3726 1409 3806 πρεσόυτὲρων,
1435 3729 1486 3783 ὑπδ
1514 3729 1674 3804 Δημητρίου
1704 3727 1914 3810 Ἀλεξανδρείας

1088 3817 1235 3873 ἐπισκόπου
1265 3818 1303 3879 εἷς
1331 3819 1380 3886 τήν
1409 3813 1502 3870 Ἰνδίαν
1533 3812 1729 3886 ἀποσταλῆναι,
1755 3816 1781 3873 ἐν
1806 3821 1827 3888 ή
1853 3821 1915 3896 εὗρε

1086 3906 1290 3984 Βαρθολομαῖον
1316 3906 1345 3961 ἐκ
1370 3910 1424 3960 τῶν
1441 3902 1545 3960 δώδεκα
1564 3903 1735 3976 ἀποστόλων,
1758 3907 1807 3976 τήν
1830 3903 1915 3963 ἔλευ-

1082 4061 1114 4116 τδ
1144 4055 1253 4114 Βιόλιον
1286 4063 1366 4114 τοῦτο
1395 4063 1463 4116 κατὰ
1490 4067 1538 4116 τοῦ
1573 4063 1674 4138 Κυρίου
1702 4065 1781 4136 ἡμῶν
1815 4063 1936 4127 Ἰασοῦ,

1085 4135 1223 4206 Χριστοῦ,
1252 4131 1296 4184 καὶ
1328 4133 1395 4186 κατά
1422 4139 1473 4202 τῆς
1509 4131 1616 4204 ἐνδόξου
1650 4133 1799 4210 παρουσίας
1828 4139 1912 4189 αυτοῦ

1083 4205 1116 4271 ής
1132 4198 1240 4277 ἔρχεται
1254 4207 1343 4276 κρῖναι
1365 4207 1466 4270 ζῶντας
1489 4205 1534 4260 καὶ
1558 4204 1681 4282 νεκροὺς,
1695 4203 1741 4259 θνα
1761 4200 1912 4279 ἀντιόάλρς

1083 4273 1286 4348 ’ό-μετεγράψω,
1306 4274 1351 4326 καί
1375 4276 1533 4364 κατορθώσῃ
1548 4277 1611 4332 αότδ
1635 4277 1704 4350 πρὸς
1724 4276 1755 4330 τὸ
1781 4277 1911 4353 ἀντίγρα-

1083 4365 1130 4421 que
1151 4349 1231 4430 τοῦτο
1246 4343 1304 4398 όθεν
1331 4349 1503 4420 μετεγραψω,
1524 4345 1673 4440 ἐπιμελῶς.
1700 4347 1748 4401 lini
1763 4348 1809 4402 τόν
1827 4349 1909 4474 ’ὅρμον

1869 4439 1910 4472 τι-

1081 4420 1176 4470 τοῦτον
1202 4415 1307 4487 ομοίως
1335 4419 1517 4494 μεταγράψεις
1536 4441 1581 4474 και
1607 4421 1700 4489 θήσεις
1716 4418 1743 4473 ἐν
1766 4423 1806 4490 τῷ

1119 4561 1128 4594 ⁷
1156 4558 1327 4628 veronens,
1356 4561 1428 4616 ande
1455 4563 1642 4634 transcripsiti
1663 4561 1811 4618 :lreuaens
1827 4579 1908 4632 μετε-

1083 4630 1190 4704 γροίψω.
1223 4632 1301 4686 ldem
1330 4648 1420 4704 supra
1445 4649 1494 4704 per
1526 4635 1672 4689 llcminam
1704 4643 1828 4690 acetrum
1858 4633 1907 4688 Ια-

1081 4719 1151 4829 .ιιγ)ιιι,
1185 4705 1239 4758 ete.
1270 4702 1368 4760 Graeco
1388 4709 1528 4760 textuct
1555 4705 1713 4776 interprete
1742 4705 1907 4775 suffragan·

1078 4779 1098 4828 tr
1123 4791 1167 4828 us,

1111 4845 1121 4878 Β
1138 4843 1241 4901 Recole
1256 4860 1320 4917 cap.
1336 4847 1381 4902 34.

1112 4917 1122 4951 ⁹
1136 4915 1292 4982 veronen,
1307 4933 1363 4972 κου
1376 4917 1516 4974 dederant.

1113 4987 1134 5028 ¹⁰
1150 4987 1301 5060 Philippus
1316 4989 1439 5054 Sidetas,
1455 4990 1484 5045 in
1501 5007 1589 5062 quam
1619 4991 1722 5047 urbem
1744 4985 1897 5046 Academia

1074 5057 1250 5127 Christiana,
1266 5063 1364 5130 spreta
1389 5062 1600 5133 propemodum
1631 5061 1816 5124 Alexandria,
1841 5055 1895 5112 nri·

1074 5137 1217 5200 graveret,
1247 5130 1333 5202 paulo
1361 5131 1476 5187 divorsa
1507 5134 1543 5188 nb
1569 5131 1616 5188 bis
1646 5130 1810 5206 hieronymi
1836 5127 1894 5182 eive

1074 5201 1190 5257 Eusebii
1204 5201 1294 5256 tradit
1311 5220 1317 5257 :
1334 5201 1503 5259 Pantanum
1519 5203 1632 5260 scilieet
1647 5203 1743 5276 primo
1766 5203 1853 5260 civem
1867 5199 1894 5252 et

1044 4495 1067 4558 b
1083 4488 1189 4564 retra·

1793 5347 1895 5402 lemen·

177 5406 514 5500 ’ίορυυίαονταγμανοί
533 5422 686 5486 οροίαριιιιι,
708 5423 758 5472 aut
774 5417 1014 5484 Commentarium,
1072 5413 1109 5470 tis
1127 5414 1313 5472 Alexandrini
1329 5416 1508 5490 discipulum
1537 5418 1696 5476 exstitisse.
1725 5418 1791 5474 Vid.
1807 5413 1894 5477 inira,

192 5499 342 5553 συνταγμα.
359 5483 501 5540 Maurius.

131 5580 138 5592 ·
225 5553 347 5612 ‘Euesa
367 5571 395 5625 v,
414 5557 472 5612 20:
492 5555 606 5637 Ὁρκίζω
636 5577 662 5620 ςε
694 5556 740 5613 τόν
772 5557 1012 5638 μεταγραψδμονον

1072 5503 1135 5560 cap.
1150 5488 1195 5542 38.
