4056 6156
140 307 197 373 ‚⁸13
620 307 941 377 transmutatio
964 307 1133 377 REGULAE
1155 307 1186 376 S.
1209 309 1411 376 Pannonii.
1650 339 1656 354 .
1810 311 1865 376 'lt

191 444 368 510 navabat
384 461 476 508 unum
489 461 524 504 ex
538 445 586 504 hia
599 449 636 506 ab
651 447 748 518 aliquo
768 447 857 505 tuerit
870 451 987 520 practer-
1001 462 1030 528 Α
1045 463 1148 520 quum,
1161 448 1273 521 janitor
1297 447 1445 504 nuntiabit
1465 447 1546 503 Patri
1568 445 1750 516 monasterii,
1766 450 1794 504 at
1816 445 1865 504 ille

154 540 284 606 missum
295 545 383 614 atque
395 536 572 611 neglectum,
583 537 782 610 increpatione
794 535 880 594 solita
890 553 988 592 emen·
1044 537 1169 592 accitum
1185 538 1375 610 interrogabit
1399 536 1587 610 prepositum
1612 537 1728 606 domus,
1754 540 1867 592 utrum-

151 629 285 688 dabitur.
1044 643 1111 682 nam
1139 627 1216 698 apud
1242 643 1308 682 enm
1334 626 1390 695 sit;
1416 631 1445 682 et
1468 625 1654 698 permittente
1675 642 1719 694 eo,
1744 623 1868 697 accipiet

191 719 285 776 xttx.
302 719 332 776 Si
357 718 424 790 quis
445 715 603 774 accesserit
629 716 666 772 ad
690 715 800 772 ostium
817 714 988 770 monasterii
1043 716 1179 771 counitam
1196 715 1372 788 egressionis
1388 732 1458 785 sua,
1475 716 1560 785 cujus
1576 714 1648 770 fides
1667 714 1788 786 probata
1810 717 1865 781 est,

153 806 258 866 solens
271 806 378 866 seculo
394 806 606 873 renuntiarem
620 806 743 862 fratrum
764 804 916 878 aggregari
936 821 989 860 nu·
1043 808 1071 859 et
1086 804 1128 860 sic
1144 805 1275 860 mittetur
1290 805 1326 860 ad
1343 805 1461 860 tratrem
1478 804 1647 869 videndum,
1662 803 1707 859 vel
1717 803 1753 858 ad
1768 803 1866 875 proxi·

155 912 250 962 mero,
271 912 332 952 non
348 892 470 950 habebit
485 891 617 948 intrandi
639 892 816 958 libertatem,
838 893 889 948 scd
905 892 987 964 prius
1043 910 1135 949 mum.
1153 893 1182 950 Si
1200 894 1271 950 torte
1287 894 1311 949 ei
1328 892 1439 965 aliquid
1457 893 1587 949 attulerit
1602 892 1865 964 ciborum,quibns

152 984 345 1040 nuntiabitur
360 982 438 1039 Patri
464 981 646 1046 monasterii,
672 984 701 1036 et
729 981 861 1036 manebit
885 981 987 1053 paucis
1042 980 1072 1036 in
1092 983 1269 1038 monasterio
1285 983 1362 1038 vesci
1378 981 1491 1037 licitum
1507 987 1560 1050 est,
1574 981 1722 1054 suscipere
1733 979 1865 1054 ipsenbn

151 1072 259 1130 diebus
274 1073 349 1130 ioris
366 1075 432 1128 ante
442 1071 581 1143 januam,
602 1074 631 1125 et
647 1070 801 1126 docebitur
825 1071 986 1126 orationem
1041 1071 1157 1143 putarit,
1170 1071 1220 1126 sed
1236 1071 1558 1140 vocabitjanitorem‚et
1570 1070 1618 1127 ille
1633 1071 1721 1126 allata
1731 1069 1864 1142 accipiet;

149 1159 342 1218 Dominicam
357 1177 392 1216 ao
406 1158 552 1225 Psalmos,
569 1163 694 1230 quantos
711 1157 818 1231 poterit
833 1159 962 1215 ediscere
978 1175 985 1214 :
1041 1175 1105 1231 qua
1121 1159 1144 1216 si
1162 1159 1232 1215 talia
1247 1159 1499 1231 tuerinttittanel,
1510 1165 1543 1216 ut
1557 1177 1623 1215 cum
1636 1176 1712 1232 pane
1721 1159 1866 1216 vescenda

150 1253 183 1304 et
199 1249 360 1324 diligenter
374 1249 421 1306 sui
432 1248 666 1320 experimentum
679 1247 770 1315 dabit,
784 1263 820 1303 ne
832 1247 904 1302 torte
916 1245 985 1302 mali
1041 1248 1110 1315 sint,
1127 1247 1200 1303 nihil
1215 1264 1316 1303 eorum
1342 1247 1367 1303 is
1390 1249 1436 1303 cui
1452 1247 1540 1304 allata
1555 1252 1634 1316 sunt,
1650 1247 1773 1320 accipiet
1788 1264 1795 1303 :
1812 1246 1864 1304 sed

153 1338 308 1412 quidpiam
324 1338 436 1406 iecerit,
452 1343 481 1392 et
493 1337 629 1392 turbatus
640 1337 675 1390 ad
688 1335 790 1392 boram
805 1336 911 1392 timore
925 1337 986 1391 dis·
1040 1341 1147 1392 cuncta
1171 1338 1207 1392 ad
1231 1336 1295 1392 loca
1319 1337 1523 1409 aegrotantium
1548 1337 1724 1393 delerentur.
1741 1335 1772 1392 Si
1796 1351 1863 1394 vem

156 1429 288 1495 cesserit,
313 1432 366 1484 aut
380 1427 435 1484 sub
459 1426 560 1496 aliqua
583 1427 726 1498 potestate
740 1425 780 1480 sit
801 1443 807 1480 :
830 1427 859 1480 et
887 1429 985 1480 utrum
1040 1426 1101 1482 sint
1115 1426 1296 1498 tragematia,
1313 1425 1356 1482 vel
1380 1443 1477 1498 poma,
1494 1424 1576 1482 dabit
1598 1425 1623 1481 ei
1645 1425 1802 1496 ianitores
1816 1423 1863 1480 bis

153 1515 250 1589 possit
266 1517 437 1572 renuntiare
446 1514 618 1588 parentibus
635 1513 709 1581 suis,
723 1519 752 1570 et
762 1513 911 1586 propriam
921 1529 986 1570 oon·
1040 1515 1275 1587 comedensque
1298 1515 1422 1588 poterit;
1437 1519 1464 1572 et
1487 1518 1589 1572 catera
1612 1516 1648 1571 ad
1672 1513 1774 1571 cellam
1798 1513 1862 1570 lan·

151 1611 286 1663 temnere
307 1605 491 1662 facultatem.
517 1603 547 1660 Si
576 1604 654 1660 enim
673 1603 800 1658 viderint
823 1608 924 1674 aptum
948 1604 984 1659 ad
1040 1607 1192 1675 guertium
1213 1604 1387 1676 deportabit.
1403 1604 1468 1676 lpse
1483 1610 1582 1660 autem
1599 1603 1671 1660 nihil
1687 1621 1722 1659 ex
1736 1603 1783 1659 his
1798 1619 1862 1677 qna

152 1695 322 1750 orationem
333 1697 364 1748 et
379 1693 414 1748 ad
432 1692 542 1759 omnia,
555 1696 625 1746 tunc
644 1689 797 1746 docebitur
810 1694 839 1744 et
856 1687 985 1761 reliquas
1039 1692 1127 1748 allata
1142 1697 1212 1748 sunt
1226 1697 1343 1764 gustare
1358 1692 1407 1750 ct
1421 1693 1536 1765 poterit,
1554 1695 1605 1750 sed
1620 1695 1739 1750 reddere
1762 1694 1788 1749 ei
1812 1693 1863 1766 qai

147 1782 326 1840 monasterii
343 1779 527 1853 disciplinas,
543 1795 617 1852 qaas
642 1792 757 1834 servare
778 1778 882 1834 debeat
897 1781 926 1833 et
943 1779 984 1833 ia·
1040 1780 1147 1849 attulit,
1166 1782 1225 1838 sive
1245 1777 1388 1854 lapsania,
1413 1782 1491 1854 quod
1515 1798 1608 1854 genus
1634 1781 1793 1839 herbarum
1819 1785 1863 1840 est

144 1889 224 1942 cere,
241 1871 416 1945 quibusque
436 1868 555 1936 servire,
577 1868 635 1924 sive
661 1867 689 1922 in
715 1865 835 1924 collecta
849 1867 982 1923 omnium
1037 1870 1185 1935 viliorum,
1210 1870 1270 1926 sive
1294 1888 1395 1943 panes,
1412 1871 1472 1928 sive
1487 1869 1567 1928 olera
1580 1873 1780 1943 praemordica.
1806 1872 1862 1928 llos
1923 1869 1927 1878 ’

145 1964 289 2029 fratrum,
306 1959 414 2016 sivein
431 1959 519 2014 domo
543 1957 590 2012 cui
610 1955 771 2012 tradendus
792 1960 847 2025 est,
875 1955 981 2012 sivein
1037 1964 1135 2014 autem
1151 1959 1242 2026 cibun,
1258 1977 1333 2032 quos
1348 1959 1451 2016 allatos
1467 1978 1484 2016 a
1498 1959 1670 2034 parentibus
1684 1960 1728 2016 vel
1744 1959 1860 2034 propin·

148 2049 292 2106 uescendi
308 2048 431 2115 ordiue;
448 2055 482 2103 ut
496 2047 672 2116 instructus,
688 2049 778 2116 atque
789 2045 936 2116 periectas
951 2045 982 2100 in
1036 2047 1103 2119 quis
1120 2047 1248 2103 diximus
1264 2047 1337 2105 tales
1353 2050 1482 2122 assequi
1498 2048 1611 2106 comedi
1634 2065 1700 2106 cum
1724 2050 1861 2123 pane'ds-

149 2139 233 2196 omni
249 2154 341 2212 opere
356 2137 446 2205 bono,
462 2133 779 2206 tratribuscopuletur.
794 2133 876 2189 Tunc
891 2134 982 2190 nuda·
1036 2136 1135 2202 beant,
1155 2137 1180 2192 is
1208 2136 1254 2192 cui
1279 2136 1359 2192 allati
1387 2143 1457 2193 sunt
1480 2137 1641 2194 deducetur
1664 2153 1681 2194 a
1706 2137 1859 2212 praeposita

146 2229 223 2284 bunt
237 2243 309 2284 enm
327 2224 514 2282 vestimentis
529 2223 729 2290 sacularibus,
746 2226 775 2278 et
789 2222 914 2278 induent
934 2222 982 2279 ba·
1036 2224 1143 2280 domus
1158 2225 1193 2280 ad
1210 2224 1313 2282 cellam
1329 2227 1544 2298 agminalium,
1565 2231 1594 2282 et
1617 2226 1658 2282 ibi
1682 2227 1774 2284 semel
1797 2231 1861 2284 tsn-

142 2315 451 2386 bitnmonacbcrum,
462 2314 637 2384 tradentque
648 2309 778 2379 ostiario,
795 2315 828 2367 ut
843 2311 982 2368 orationis
1036 2316 1099 2368 tum
1115 2329 1149 2370 ex
1163 2313 1209 2368 his
1224 2315 1377 2370 comedet:
1395 2319 1496 2372 catera
1509 2319 1607 2372 sutem
1629 2317 1755 2373 ernntin
1770 2333 1861 2374 mann

142 2411 281 2482 tempora
296 2405 427 2462 adducat
442 2419 510 2459 euin
527 2400 556 2457 in
572 2403 762 2473 conspectum
778 2399 911 2456 omnium
923 2400 982 2455 ira·
1036 2401 1181 2458 ministeri
1197 2403 1412 2474 agrotantium.
1431 2405 1495 2475 lpse
1520 2419 1637 2476 quoque
1664 2403 1799 2463 minister
1823 2405 1859 2462 de

147 2501 251 2552 trum:
269 2493 446 2564 sedebitque
468 2491 499 2546 in
518 2489 591 2558 loco,
616 2489 646 2545 in
667 2503 726 2560 quo
754 2487 781 2544 ei
804 2493 981 2561 preceptum
1036 2488 1084 2546 bis
1113 2491 1267 2546 comedere
1282 2507 1338 2548 non
1356 2491 1471 2564 poterit.

149 2584 251 2640 luerit.
265 2581 451 2640 Vestimenta
475 2583 585 2648 autem,
606 2594 670 2650 qus
698 2592 799 2633 secum
828 2577 981 2645 detulerat,
1073 2578 1143 2635 Llll.
1158 2579 1188 2635 Si
1204 2579 1290 2635 luerit
1318 2579 1498 2647 nuntiatum,
1525 2581 1604 2654 quod
1625 2582 1661 2640 de
1685 2581 1860 2656 pmpinqnis

148 2674 293 2748 accipiant
307 2671 361 2746 qni
385 2671 455 2733 huic
475 2670 516 2726 rei
533 2670 582 2726 88
597 2664 744 2742 prepositi
770 2671 849 2736 sunt,
866 2671 895 2724 et
909 2667 982 2724 inie-
1037 2683 1137 2724 eornm
1155 2672 1242 2741 atque
1258 2667 1388 2742 cognatis
1412 2670 1462 2741 qni
1486 2670 1515 2726 iu
1541 2671 1718 2729 monasterio
1734 2688 1861 2730 commo·

138 2767 211 2824 ‚rent
223 2763 255 2820 iu
272 2759 495 2836 repositorium,
519 2775 534 2814 a
561 2761 648 2815 erunt
663 2758 691 2814 in
716 2752 860 2829 potestate
874 2757 982 2830 princi·
1037 2762 1150 2825 rantur,
1168 2757 1276 2830 aliquis
1292 2763 1420 2831 aegrotet,
1431 2760 1543 2831 janitor
1558 2760 1688 2833 primum
1713 2760 1862 2820 nuntiabit

146 2853 192 2926 pis
209 2850 399 2909 monasterii.
1037 2846 1115 2904 Patri
1129 2847 1313 2915 monasterii,
1328 2852 1357 2902 et
1371 2847 1420 2904 ille
1433 2848 1559 2904 accitum
1584 2848 1777 2923 interrogabit
1791 2866 1861 2922 prae·

179 2942 213 2998 L.
241 2941 342 2998 Nemo
363 2955 490 2995 manens
518 2937 548 2994 in
582 2939 760 2998 monasterio
803 2933 982 3007 suscipiendi
1037 2936 1166 3008 positum
1182 2936 1298 2992 domus.
1315 2936 1731 3009 videbuntquevirumeujvs
1745 2938 1819 2996 fides
1832 2941 1862 2996 st

147 3029 323 3104 quempiam
340 3027 378 3084 ad
393 3027 571 3084 vescendum
586 3027 692 3086 babeat
713 3031 906 3101 potestatem:
931 3023 982 3080 sed
1037 3023 1196 3098 disciplina
1217 3025 1339 3096 probata
1362 3024 1410 3092 sit,
1436 3030 1464 3081 et
1488 3026 1606 3082 mittent
1629 3043 1695 3082 cum
1722 3043 1766 3096 eo,
1791 3025 1860 3085 visi-

146 3118 171 3175 is
202 3119 305 3174 mittet
331 3133 401 3172 eum
417 3116 453 3172 ad
469 3116 577 3172 ostium
592 3116 775 3186 xenodochii,
795 3119 828 3170 ut
842 3112 984 3185 suscipia-
1037 3117 1078 3169 tet
1092 3117 1293 3186 aegrotantem,
1309 3117 1483 3186 tantumque
1499 3114 1622 3188 accipiet
1644 3115 1752 3187 viatici,
1769 3132 1860 3189 quan·

148 3208 245 3264 tur-ab
258 3207 307 3264 bis
324 3207 376 3279 qui
387 3205 456 3262 huic
470 3205 512 3262 rei
528 3205 655 3278 praeositi
670 3208 750 3262 sunt.
997 3203 1018 3270 C
1036 3205 1099 3258 tum
1115 3201 1289 3274 praepositus
1308 3202 1414 3258 domus
1429 3204 1493 3274 ejus
1508 3203 1676 3260 decreverit.

181 3294 425 3366 Ll.Qaandoad
443 3292 574 3350 hostium
593 3293 766 3352 monasterii
790 3292 979 3365 aliquivene-
1072 3290 1142 3346 LlV.
1159 3290 1240 3354 Quod
1258 3290 1282 3346 si
1298 3291 1457 3346 necessitas
1473 3291 1633 3365 impulerit,
1662 3297 1695 3348 ut
1714 3293 1860 3354 torismu-

149 3387 217 3454 rint‚
235 3385 263 3442 si
279 3383 381 3441 clerici
398 3383 508 3438 tuerint
522 3387 574 3438 aut
588 3383 736 3450 monaehi,
754 3381 857 3452 majori
872 3381 982 3437 bonore
1035 3385 1112 3449 neat,
1134 3384 1164 3435 et
1182 3383 1318 3436 vescatur
1339 3380 1369 3436 in
1392 3386 1515 3454 paterna
1538 3381 1598 3438 sive
1626 3381 1858 3455 propinquorum

148 3475 357 3548 suscipiantur
386 3489 393 3528 ε
424 3471 624 3544 lavabuntque
649 3472 738 3544 pedes
764 3487 875 3538 eorum,
897 3469 982 3540 juxta
1036 3467 1736 3540 domc,nequaquamhoctaciat;sedmanebit
1757 3470 1803 3528 vel
1827 3472 1858 3528 in

147 3563 206 3635 [At.
227 3560 399 3632 seruabant]
416 3559 566 3634 Evangelii
585 3567 776 3633 preceptum,
788 3563 816 3614 rt
837 3559 981 3614 deducent
1037 3557 1199 3625 Dominico,
1215 3557 1258 3612 vel
1273 3557 1303 3612 in
1320 3558 1495 3614 monasterio
1518 3560 1652 3629 ejusdem
1679 3559 1757 3617 ndei.
1774 3561 1809 3616 nt
1833 3561 1858 3619 si

145 3651 189 3708 ad
210 3649 309 3706 locum
332 3647 514 3714 xenodochii,
541 3649 772 3720 praebebuntque
796 3647 896 3704 omnia
918 3663 982 3719 quoe
1036 3648 1078 3703 eis
1093 3647 1192 3703 atticos
1206 3645 1248 3702 vel
1266 3647 1381 3720 cognati
1397 3647 1623 3720 praeparaverint
1643 3649 1735 3715 cibos,
1760 3653 1790 3706 et
1811 3665 1859 3725 ap·

148 3743 223 3814 apta
247 3743 319 3796 sunt
337 3739 404 3794 usui
435 3736 660 3794 monachorum.
686 3738 767 3804 Quod
798 3735 983 3793 sivoluerint
1037 3737 1199 3808 posuerint,
1225 3752 1282 3792 non
1307 3736 1450 3808 accipient
1472 3736 1602 3804 omnino,
1627 3753 1680 3794 neo
1704 3740 1859 3794 vescentur

150 3828 295 3886 orationis
311 3833 444 3901 tempore
459 3831 548 3899 atque
564 3826 692 3884 collecte
703 3825 800 3882 venire
816 3825 851 3882 ad
862 3840 984 3881 conven·
1038 3824 1169 3893 nisibis,
1187 3841 1250 3896 quae
1276 3825 1306 3880 in
1331 3825 1508 3881 monasterio
1532 3825 1683 3882 comedere
1706 3841 1860 3884 consueve-

150 3923 217 3974 tum
241 3917 380 3986 fratrum,
394 3921 424 3972 et
437 3917 491 3988 [At.
508 3915 545 3988 si]
561 3916 694 3988 ejusdem
710 3914 778 3972 ildei
803 3913 922 3983 luerint,
934 3913 984 3985 ja·
1038 3917 1116 3969 ruat.
1133 3914 1195 3970 Non
1217 3915 1379 3987 gustabunt
1401 3914 1562 3987 liquamen,
1577 3932 1672 3989 neque
1694 3915 1795 3974 vinum
1819 3915 1861 3973 bi-

149 4009 231 4064 nitor
244 4006 290 4064 vel
307 4004 444 4062 minister
461 4004 634 4062 xenodochii
651 4003 798 4060 nuntiabit
823 4001 901 4058 Patri
922 4016 983 4058 ino·
1039 4001 1109 4057 bent
1124 4018 1176 4058 nec
1191 4001 1271 4057 aliud
1288 4002 1450 4075 quidpiam,
1462 4020 1588 4082 quorum
1612 4005 1718 4062 edendi
1741 4021 1862 4065 consus·

149 4095 288 4164 nutem,
305 4093 394 4152 etsie
413 4093 597 4152 deducentur
617 4093 654 4149 ad
675 4092 830 4150 orandum.
847 4090 986 4148 Sibomi·
1039 4090 1171 4146 tudinem
1198 4107 1255 4146 non
1279 4091 1396 4148 habent.
1422 4091 1453 4148 Si
1475 4111 1492 4148 a
1515 4094 1687 4166 parentibus
1709 4095 1861 4170 quidpiam

150 4201 207 4244 nes
217 4183 389 4252 seculares,
405 4187 457 4240 aut
476 4181 597 4254 debiles,
609 4186 661 4239 aut
678 4198 749 4238 vasa
768 4181 938 4246 infirmiora,
955 4180 983 4236 id
1039 4179 1213 4252 acceperint,
1229 4183 1344 4235 tantum
1368 4181 1523 4242 comedent
1535 4187 1678 4254 quantum
1694 4184 1785 4240 invia
1800 4185 1863 4241 sut·

149 4277 210 4342 est,
230 4271 414 4330 muberculae
429 4271 562 4328 venerint
577 4271 613 4327 ad
629 4271 748 4338 ostium,
765 4276 794 4327 et
808 4270 953 4326 orandum
964 4270 986 4338 ¹,
1040 4266 1136 4336 ssciat3
1152 4271 1328 4340 caeteraque
1346 4267 1551 4337 remanserint,
1572 4268 1685 4325 dabunt
1706 4271 1860 4343 preposito

151 4363 323 4437 suscipient
336 4360 471 4435 singulos
486 4361 515 4416 in
528 4360 650 4418 diversis
660 4359 744 4426 locis,
755 4361 842 4431 juxta
853 4359 985 4416 ordinem
1041 4357 1147 4413 domus
1162 4374 1232 4424 suae,
1248 4361 1277 4413 et
1299 4356 1347 4413 ille
1373 4357 1539 4430 deportabit
1554 4374 1588 4414 ea
1611 4357 1641 4414 in
1669 4357 1772 4422 cellam
1795 4360 1861 4418 lan·

148 4451 299 4526 propositi
325 4456 355 4508 et
370 4467 456 4507 sexus
479 4455 544 4518 sui;
561 4449 762 4523 precipueque
785 4448 909 4506 seminas
925 4464 986 4504 ma·
1041 4447 1207 4520 guertium.

143 4542 212 4614 jori
225 4536 708 4612 honoreetdiligentiacurabunt,
729 4537 889 4596 cumomni
903 4537 987 4594 timo·
1002 4575 1025 4641 D
1078 4535 1134 4592 LV.
1151 4536 1180 4592 Si
1196 4537 1380 4609 propinquus
1395 4536 1531 4611 alicujus,
1553 4543 1605 4594 aut
1627 4539 1863 4612 consanguineus

144 4629 265 4699 reDei,
280 4627 424 4686 stlocum
441 4631 608 4702 separatum
623 4627 659 4684 ab
674 4628 753 4684 omni
770 4627 899 4684 virorum
914 4627 986 4682 vici·
1040 4629 1174 4682 mortuus
1191 4625 1289 4699 luerit,
1305 4627 1501 4700 prosequendi
1516 4627 1606 4686 iunus
1620 4645 1679 4686 non
1693 4628 1814 4687 habebit
1827 4629 1862 4685 li·

145 4718 208 4776 nia
221 4717 265 4774 eis
281 4716 427 4782 tribuent,
438 4720 471 4772 ut
484 4715 737 4778 nullssitoccasio
748 4715 983 4789 blasphemandi,
1040 4712 1165 4770 centiam
1195 4713 1247 4788 [At.
1276 4717 1470 4788 potestatem]‚
1495 4717 1552 4775 nisi
1583 4717 1668 4776 Pater
1692 4707 1863 4774 monasterii

142 4805 281 4874 Quodsi
298 4805 503 4878 advesperam
524 4806 667 4871 venerint,
690 4804 806 4878 abigere
831 4821 880 4862 eas
905 4805 986 4860 netas
1040 4803 1218 4876 preceperit.

144 4901 222 4964 ειη
238 4895 289 4952 sed
305 4893 462 4968 accipiant,
478 4897 510 4951 ut
531 4893 671 4960 diximus,
696 4899 864 4967 separatum
889 4895 986 4950 locum
1076 4892 1145 4948 LVI.
1161 4891 1266 4949 Nullus
1281 4893 1362 4950 solus
1378 4895 1456 4952 toras
1471 4894 1605 4952 mittatur
1620 4895 1655 4951 ad
1671 4894 1791 4966 aliquod
1812 4909 1862 4952 ne·

143 4989 181 5042 et
202 4983 341 5040 clausum
362 4998 429 5038 cum
450 4982 530 5040 omni
550 4982 708 5056 disciplina
735 4989 823 5055 atque
848 4983 986 5040 cautela:
1041 4983 1163 5054 gotium,
1179 4981 1348 5053 nisijuncto
1364 4983 1389 5038 ei
1405 4983 1507 5040 altero.

142 5079 188 5132 ut
211 5088 282 5146 grex
297 5072 421 5130 fratrum
437 5071 527 5128 libere
542 5088 596 5129 suo
617 5071 712 5128 cilicio
736 5073 852 5142 serviat,
868 5075 897 5128 et
916 5070 989 5128 nulli
1079 5070 1160 5126 LVll.
1177 5071 1298 5136 Quando
1313 5075 1410 5128 autem
1426 5071 1532 5128 reversi
1549 5071 1658 5129 luerint
1670 5072 1700 5128 in
1716 5076 1864 5130 monaste·

142 5166 248 5222 detur
261 5161 472 5219 offendiculum
488 5161 670 5219 detrahendi.
775 5165 778 5172 '
1043 5160 1131 5230 rium,
1145 5158 1170 5215 si
1186 5157 1311 5214 viderint
1325 5164 1391 5216 ante
1405 5159 1514 5216 ostium
1539 5165 1716 5234 querentem
1738 5161 1866 5236 aliquem

193 5251 260 5309 Ltl.
293 5249 414 5326 Siquis
439 5249 637 5308 anteostium
661 5249 774 5308 steterit
805 5249 989 5318 monasterii,
1044 5248 1866 5324 sucrumaffininmdebisquiinmonasterioccmmu·

139 5342 264 5402 dicens
277 5355 309 5398 se
324 5339 396 5398 velle
409 5339 508 5398 videre
531 5340 651 5399 tratrem
675 5356 775 5407 suum,
800 5337 844 5394 vel
868 5339 990 5412 propin·
1044 5343 1158 5408 rantur,
1175 5354 1232 5396 non
1246 5338 1396 5396 audebunt
1409 5338 1452 5399 ire
1465 5339 1501 5398 ad
1517 5357 1596 5409 eum,
1612 5345 1641 5400 et
1656 5341 1801 5413 nuntiare,
1821 5335 1868 5402 vel

139 5519 255 5606 gandi
270 5517 425 5604 particula,
439 5519 578 5603 comedere
588 5535 640 5576 tren
657 5521 865 5577 consueverunt.
943 5589 950 5604 ⁹

192 5597 207 5636 ¹
227 5591 260 5654 tn
274 5593 419 5652 vatenbus
436 5591 564 5668 vulgatis
578 5592 666 5649 verba
679 5595 706 5650 et
727 5589 872 5664 camum,
892 5605 989 5651 venus
1008 5591 1091 5672 pata,
1107 5604 1165 5652 non
1177 5587 1333 5662 habentur,

326 5721 459 5790 Person.
494 5717 604 5788 xx111.
