4108 6174
1006 285 1217 356 erronum.

723 779 725 782 Ι
854 813 1362 975 ΕΧΟΕΒΡΤΑ

655 1266 746 1376 nx
790 1267 1255 1380 conunnrenro
1304 1272 1363 1376 n
1411 1269 1623 1379 runnu

440 1652 501 1729 (tut
512 1653 743 1734 monmoreptum
758 1651 974 1715 Amstelodomi
985 1654 1016 1714 io
1032 1651 1205 1716 bibliotheca
1220 1652 1259 1715 cl.
1280 1652 1348 1734 Viri
1359 1653 1463 1716 Moror
1478 1654 1627 1716 Mernornr
1642 1650 1776 1714 ecetalot

795 1892 841 1950 ΕΤ
860 1893 1028 1952 PUTATUR
1046 1889 1132 1952 ussto
1152 1893 1182 1951 S.
1203 1891 1416 1962 HIERONYMI,

293 2123 362 2192 Huc
375 2126 506 2211 primum
521 2125 685 2210 (vallarsio
699 2125 856 2208 loquente)
869 2123 995 2267 “mii
1007 2143 1117 2189 ueouou
1131 2123 1249 2269 oluquqt
1262 2125 1332 2190 locis
1345 2135 1445 2204 ousta,
1460 2133 1550 2208 utque
1565 2124 1720 2188 emendato
1734 2143 1770 2186 ec
1783 2122 1889 2185 liemon

944 2226 962 2268 a
988 2225 1037 2268 ero
1051 2224 1221 2289 manuscrrp
1235 2227 1261 2268 o.

498 2665 577 2752 ux
614 2663 901 2756 rnoomno
929 2663 1002 2752 sn
1033 2661 1194 2756 nuno
1224 2637 1708 2755 concussionum.

870 3165 921 3226 nn
943 3165 1053 3228 MODO
1075 3165 1334 3228 EXPONENDN.

282 3642 420 3712 Quadam
448 3643 587 3704 historice
607 3642 656 3702 hio
679 3643 828 3713 dicuntur,
853 3647 882 3703 et
905 3645 1068 3718 allegorice,
1083 3644 1111 3712 A
1125 3643 1324 3717 contunditur,
1336 3645 1469 3719 exemplo
1498 3643 1618 3704 mnximi
1646 3644 1787 3716 hominis,
1807 3635 1922 3709 einolsgt

246 3738 275 3795 ot
298 3733 457 3792 moraliter.
482 3734 619 3799 Quadam
644 3736 795 3809 nequeunt
817 3735 854 3791 nd
878 3733 1005 3791 litteram
1030 3751 1074 3792 nc
1128 3733 1179 3806 qni
1194 3733 1326 3808 legaliter
1339 3734 1419 3792 visit.
1434 3734 1526 3804 Unde,
1539 3735 1665 3792 erubesce
1679 3734 1775 3802 Sidou,
1790 3732 1818 3790 id
1830 3735 1869 3788 est
1880 3730 1923 3782 ete·

247 3822 316 3898 cipi,
332 3822 403 3897 qnia
415 3838 537 3880 erronaa
552 3826 662 3892 assant,
685 3821 730 3880 vel
753 3821 982 3896 impossibilia’,
997 3821 1041 3879 vel
1057 3840 1074 3879 a
1127 3821 1226 3880 bilitas
1241 3823 1271 3879 in
1286 3821 1351 3898 lege
1361 3823 1523 3897 positorum
1536 3841 1543 3894 ;
1567 3825 1609 3880 ott
1623 3840 1712 3894 more,
1736 3824 1765 3879 id
1780 3823 1822 3878 est
1833 3811 1922 3892 gentili·

246 3929 278 3972 se
305 3910 430 3968 invicem
455 3911 672 3983 discordantia;
698 3915 731 3968 nt
751 3911 802 3969 rub
832 3927 883 3984 quo
911 3919 1073 3982 curuantur,
1127 3915 1183 3982 tas,
1200 3927 1264 3984 quer
1279 3912 1351 3970 dnm
1366 3911 1459 3986 legem
1485 3911 1625 3981 custodit,
1651 3912 1800 3970 auditores
1818 3905 1880 3982 legis
1891 3917 1923 3958 rt·

245 4002 294 4076 qui
307 4004 418 4073 portatu
432 3995 540 4058 ortem:
555 4000 640 4074 quael
654 4000 788 4076 gigantes
804 4000 1073 4070 mnndumvohant,
1127 3999 1254 4073 dnrgnit.

245 4090 302 4147 nt:
318 4089 408 4162 lileqit
421 4089 601 4164 suspendium
614 4091 710 4146 auimo
724 4105 805 4152 otto:
825 4088 910 4162 qnasi
935 4093 995 4145 tum
1021 4105 1072 4162 pn·
1163 4087 1276 4146 Dicitur
1289 4089 1384 4146 Moses
1403 4089 1464 4146 hac
1488 4090 1524 4146 de
1545 4089 1648 4158 iacob,
1676 4089 1764 4164 qnasi
1787 4087 1821 4144 de
1834 4086 1923 4142 antest-

246 4177 324 4236 tiens
338 4176 408 4235 velit
422 4177 582 4250 suspendio
596 4177 686 4235 vitam
705 4177 798 4236 finire.
823 4178 882 4234 m:
905 4179 1002 4235 Pereat
1016 4179 1073 4236 dies
1127 4179 1214 4236 dente
1226 4178 1392 4252 scripsisse,
1409 4177 1477 4252 quin
1502 4179 1532 4236 in
1558 4177 1663 4236 Genesi
1685 4171 1887 4252 legitnriobsh
1898 4167 1924 4222 dt

245 4269 277 4324 tu
292 4283 347 4340 quo
360 4275 526 4337 natussum,
540 4271 595 4324 eto.
611 4266 776 4340 Aliquando
791 4267 843 4340 qni
857 4282 977 4324 sensnm
992 4264 1072 4323 litte-
1126 4267 1202 4324 tisun
1231 4267 1434 4336 descendisse,
1456 4272 1485 4325 et
1505 4267 1575 4324 Bela
1598 4267 1659 4324 lilio
1681 4271 1756 4324 Beor
1778 4267 1808 4324 in
1827 4269 1924 4334 regnum

245 4371 284 4413 ra
312 4353 446 4430 negligit,
465 4355 597 4412 veritatis
618 4353 718 4412 lumen
745 4354 801 4412 sibi
821 4355 984 4426 abscondit,
1000 4354 1072 4412 dum
1127 4355 1314 4414 successisse.
1327 4356 1383 4414 Sed
1398 4373 1463 4414 mos
1477 4356 1606 4414 astsacri
1623 4355 1749 4429 Eloqnii,
1764 4355 1794 4412 in
1806 4347 1924 4426 prioribus
1997 4367 1998 4408 ι

248 4443 429 4502 intrinsecus
444 4443 524 4502 alind
539 4443 706 4516 querendo,
722 4444 800 4518 qnod
815 4447 860 4501 est
873 4444 955 4512 loris,
966 4443 1071 4518 pordit:
1126 4444 1259 4517 patribus
1274 4445 1399 4502 brevitor
1414 4444 1501 4519 longe
1516 4449 1582 4518 post
1593 4449 1732 4502 secutura
1746 4439 1924 4518 perstringes,
1997 4425 1998 4468 ¹

246 4530 367 4592 dumde
386 4531 595 4592 misericordia
622 4533 761 4606 operibns
788 4531 875 4590 dicit:
905 4533 935 4590 st
962 4535 1071 4604 mosot,
1126 4532 1247 4592 dumad
1271 4533 1329 4592 alia
1352 4538 1497 4608 proporat.
1523 4534 1587 4594 Non
1615 4533 1707 4608 igitur
1735 4533 1791 4590 init
1814 4525 1924 4588 tabente
1997 4529 1998 4544 ¹

246 4621 464 4696 quodvolelrout,
478 4623 658 4696 pauperibus.
1126 4620 1231 4696 legem,
1260 4621 1312 4681 sed
1348 4627 1480 4697 tempora
1503 4623 1652 4682 indicum.
1682 4623 1737 4689 Qui
1765 4619 1825 4696 ipse
1849 4611 1924 4672 vetut
1997 4651 1998 4664 κ

281 4710 404 4770 Divinus
417 4727 525 4782 sermo,
539 4709 616 4770 sicut
630 4709 797 4786 mysteriis³
816 4709 973 4784 prudentes
989 4727 1072 4770 exer·
1125 4711 1253 4770 creditur
1266 4716 1350 4786 gesta
1363 4711 1509 4770 victorie-2⁸
1530 4729 1589 4770 enee
1612 4711 1779 4787 scripssisn.
1792 4707 1846 4766 Nec
1861 4701 1925 4760 nocet
1997 4697 1998 4774 i

246 4806 310 4860 cat:
326 4801 368 4860 ita
387 4799 542 4876 superlicio
565 4799 715 4874 simplices
735 4799 854 4869 refovet,
878 4799 947 4874 qnia
969 4802 1016 4859 est
1040 4805 1073 4858 ut
1126 4801 1204 4873 quod
1219 4800 1279 4859 ait:
1303 4801 1377 4860 utere
1390 4801 1434 4859 vel
1463 4803 1528 4874 fecit
1555 4800 1610 4859 hoo
1624 4800 1699 4860 loh:
1729 4799 1800 4874 quia
1826 4809 1881 4852 mos
1892 4789 1924 4846 eti
1997 4781 1998 4830 i

245 4888 516 4963 fluviusplnnuset
531 4887 619 4960 altus,
635 4888 738 4962 inquo
753 4905 847 4962 equus
864 4887 1006 4958 ambulet,
1018 4889 1073 4948 ele·
1125 4889 1229 4960 sancti,
1244 4892 1280 4948 ds
1300 4907 1332 4949 se
1355 4891 1439 4964 quasi
1463 4893 1499 4950 de
1522 4889 1590 4948 aliis
1613 4889 1705 4964 loqni.
1731 4886 1854 4962 Spiritus
1865 4877 1924 4938 enim

246 4979 424 5054 phusnstst.
598 5010 601 5016 ‚
1125 4979 1241 5053 estqui
1269 4979 1400 5053 loquitur
1427 4979 1457 5036 in
1484 4978 1544 5036 illis
1571 4979 1607 5036 da
1631 4965 1922 5052 ipsis,slcntdaalii⁵·
1997 4979 1998 4992 ¹

280 5067 396 5126 Errasti
419 5065 533 5126 homini
561 5066 629 5125 data
653 5071 699 5124 ast
724 5065 792 5124 lox:
819 5065 990 5124 inobedions
1012 5066 1070 5141 legi
1085 5032 1109 5099 B
1125 5065 1206 5124 Unde
1221 5067 1343 5142 angelus
1358 5067 1431 5126 Mosi
1445 5067 1532 5126 modo
1557 5066 1679 5142 angelus
1698 5066 1815 5134 dicitnr,
1834 5059 1922 5134 quitt-

283 5261 519 5336 ¹ltanopraelert
533 5262 656 5346 Roman.
680 5261 952 5346 msflepigrnqhen,
977 5263 1072 5348 quiet
1126 5278 1205 5320 man.
1234 5264 1382 5348 emendet,
1410 5265 1498 5346 etque
1526 5263 1589 5346 ipse
1616 5261 1721 5346 irarum
1742 5261 1923 5342 decerptarum
1997 5329 1998 5334 ἵ

247 5333 443 5390 totnmhoooe
457 5350 632 5407 prooemrum
647 5336 783 5392 undecim
804 5349 887 5406 quaer
911 5334 1006 5392 titulus
1022 5339 1072 5392 aut
1126 5333 1225 5391 Editor
1245 5353 1275 5390 nr
1303 5337 1382 5392 Actis
1410 5335 1516 5391 erudit.
1553 5334 1755 5407 lnpsronsrbns
1779 5343 1847 5388 snnr
1865 5317 1922 5406 ‘tull

248 5403 395 5478 capitibus
407 5404 572 5488 distinguit.
1125 5405 1319 5478 castigaverat
1361 5405 1439 5479 qnod
1482 5405 1670 5480 perspicuum
1712 5405 1761 5470 sit,
1796 5389 1924 5474 inaurat

257 5480 263 5512 ¹
306 5476 528 5533 Concinnrnsrn
555 5477 678 5535 Roman.
696 5493 766 5546 ms„
789 5451 864 5546 Quod
887 5479 1072 5535 errateosiut
1125 5475 1215 5549 hnjns
1241 5477 1339 5551 operis
1366 5481 1483 5534 anctore
1511 5493 1630 5535 sensnm
1667 5475 1821 5549 Scriptores
1845 5467 1924 5540 myrt-
1997 5471 1998 5520 i

247 5549 289 5610 uel
301 5547 494 5632 impossibilia,
509 5548 579 5604 velo
593 5565 630 5618 ee,
645 5552 701 5606 eto.
1125 5564 1203 5605 cnm.
1706 5615 1710 5623 ¹
1997 5561 1998 5608 t

282 5618 376 5682 'licet
389 5635 424 5680 ex
437 5618 632 5680 Mesbomiono
647 5620 710 5680 cod.
723 5620 897 5692 ministeriis,
922 5620 999 5696 quod
1014 5620 1071 5680 Ro·
1161 5620 1172 5658 ⁶
1187 5619 1255 5696 leg.
1272 5621 1405 5682 historie.
