4108 6174
175 263 254 326 {577

174 464 407 538 disputationem
429 483 435 532 ,
452 469 480 520 et
495 468 527 520 ut
542 468 624 520 tanta
644 466 831 537 operositate,
856 467 933 538 qued
949 483 997 522 vo-

173 536 240 592 lunt
253 536 388 608 intelligi,
405 539 526 591 utantur
541 537 747 608 persuadendi,
758 541 868 608 quauta
883 553 1000 609 semper

173 608 288 664 lalsitas
302 607 425 680 indiget,
442 611 475 662 ut
501 623 569 662 vera
583 607 725 664 videatur.
744 608 802 665 Nes
817 614 914 664 autem
932 625 998 662 cor·

172 681 310 735 datorum
325 677 479 733 hominum
495 695 528 733 ae
543 679 726 734 cruditorum
738 679 892 735 sententiis
903 679 999 735 adhe·

171 755 279 818 rentes,
295 764 348 804 nec
363 748 526 815 Philonem,
552 765 605 805 nec
626 749 795 822 losephum,
824 767 877 806 uec
897 749 997 823 Orige-

171 837 239 877 nem
268 819 436 891 ubicunque
450 819 581 875 veritatis
597 821 670 876 ratio
687 821 885 892 postulaverit,
902 838 998 892 repre·

174 863 302 948 bendere
316 891 562 972 pertimescimus.
579 891 633 947 Sed
655 907 690 947 ne
707 892 924 964 reprehensioni
944 909 997 949 nos

174 962 996 1036 quoquevrdeamurebnoxiiinproponendoOrigeniano

172 1035 284 1101 lexico,
301 1031 423 1090 nonullo
438 1033 473 1088 de
489 1049 522 1088 eo
537 1034 698 1103 generatim
724 1035 770 1090 hic
795 1035 994 1090 observamus.

210 1105 293 1162 Prior
308 1105 417 1177 quippe
432 1104 577 1160 notandus
594 1105 672 1160 venit
692 1105 763 1161 ordo
787 1105 994 1161 Hebraicorum

173 1176 326 1232 nominum
358 1175 518 1247 quaejuxts
532 1175 638 1232 seriem
660 1175 823 1232 litterarum
848 1176 995 1249 alphabeti

172 1248 337 1304 Graecorum
353 1247 449 1318 posita
461 1245 599 1372 leguntur
617 1247 648 1302 in
660 1251 719 1304 toto
735 1249 873 1319 predicto
889 1249 994 1303 Dictio-

171 1319 254 1374 narie
271 1336 277 1374 :
295 1317 377 1373 nulla
393 1318 469 1372 lacta
511 1317 688 1382 istinetiene,
717 1335 768 1374 nec
784 1319 932 1374 mentione
947 1337 994 1375 sa-

170 1406 286 1446 crorum
303 1388 503 1445 voluminum.
521 1392 564 1442 An
580 1405 647 1444 vero
668 1389 807 1462 Origenes
829 1390 892 1463 ipse
915 1390 994 1446 huuc

169 1461 303 1518 ordinem
326 1465 498 1541 persecutus
523 1459 571 1526 sit,
596 1477 654 1515 neu
687 1461 759 1516 satis
785 1460 880 1516 elucet
897 1479 903 1528 3
922 1461 993 1533 quin

168 1531 257 1588 etiam
272 1530 461 1587 verisimilior
475 1535 596 1613 apparet
616 1529 715 1602 opinio
743 1533 900 1598 contraria,
929 1539 992 1588 tum

674 262 712 325 D.
735 263 966 326 MARTIANAEI
987 263 1376 329 aninauvuttstottus.

173 393 308 466 pulcram
322 395 355 450 ut
369 408 404 448 ex
418 391 475 450 bac
490 392 642 450 occasione
657 393 775 467 longam
796 394 1040 468 ingredianturA

1796 266 1876 328 ll'r'iss

1055 395 1142 450 licen.
1159 397 1309 453 Sanctum.
1327 395 1432 463 Stater,
1449 395 1602 462 brachma,
1622 395 1768 462 Ouadans,
1800 395 1876 452 Hor-

1056 467 1370 535 miscus,l)idrachma,
1395 466 1559 538 Talentum,
1587 467 1679 535 Aesis,
1710 467 1875 539 Seraphim,

1054 537 1148 605 liezel,
1163 539 1300 606 Sabaoth,
1316 538 1439 608 Adonai,
1456 537 1560 611 llphud
1574 538 1588 592 ‘l
1604 541 1783 612 Otreranrqae
1801 541 1877 595 enim

1051 611 1130 664 rachis
1157 611 1361 679 pernecessarie
1386 618 1424 665 eat
1444 611 1587 682 cognitio:
1618 627 1728 682 araque
1755 625 1875 682 narnqne

1052 681 1083 734 in
1095 680 1244 751 Sariptaris
1259 683 1440 736 continenter.

1089 751 1259 808 Rusrenme.
1289 749 1403 823 Εἴρηται
1430 754 1470 822 τῷ
1499 750 1641 825 Ὦριγὲνει.
1664 747 1739 825 ἀνδρὶ
1766 747 1875 805 terma·

1054 821 1126 892 μένῳ
1141 823 1191 890 τ”ην
1210 826 1264 875 τῶν
1293 817 1345 876 ‘Ed
1361 821 1425 876 αίων
1441 819 1580 876 sedlerter
1611 821 1717 875 πάντων
1746 826 1801 876 τῶν
1848 820 1873 876 ἐν

1050 897 1109 953 ταῖς
1126 892 1210 954 θείαις
1248 842 1366 970 Teneai<
1406 893 1561 970 φερομένων
1595 887 1742 967 Ἔὸραίκῶν
1775 891 1876 964 ὀνομά-

1050 961 1261 1038 recipique
1284 965 1301 1032 ἡ
1324 963 1465 1041 ἑρμηνεία.
1491 963 1611 1032 Ἐκείνην
1630 965 1761 1034 ζητήσας,
1795 963 1875 1038 stipi,-

1051 1031 1146 1096 νειςέν
1174 1034 1240 1102 αὐτῇ
1270 1036 1319 1105 τὴν
1349 1036 1456 1089 πάντων
1483 1035 1629 1109 ἑρμηνείαν
1657 1056 1693 1088 ων
1728 1034 1873 1105 ἐζήτησας.

1050 1105 1109 1161 lloe
1125 1110 1179 1172 est,
1208 1109 1339 1178 deposita
1368 1110 1407 1164 eet
1434 1107 1467 1163 ab
1496 1108 1613 1177 Origene
1641 1108 1700 1164 niro
1729 1107 1875 1164 liebraieae

1050 1177 1154 1246 lirapaaa
1167 1180 1265 1250 perito,
1283 1181 1408 1234 ernninrn
1421 1194 1484 1250 qraru
1498 1196 1529 1233 an
1542 1181 1628 1234 saeris
1656 1179 1806 1251 Seriptnris
1833 1180 1874 1248 se·

1050 1257 1151 1304 rantur
1165 1250 1360 1305 Hebraicorum
1375 1252 1520 1306 nerninem
1534 1255 1560 1306 et
1574 1267 1767 1306 mensurarum
1787 1252 1873 1305 inter-

1047 1321 1173 1390 pretatio.
1190 1322 1258 1375 Eam
1272 1323 1297 1375 si
1310 1323 1477 1392 requisierit,
1500 1323 1529 1376 ia
1541 1339 1573 1378 ra
1600 1324 1723 1378 inuenies
1751 1322 1875 1377 amnium

1046 1405 1138 1445 earnm
1150 1392 1183 1446 de
1196 1393 1295 1463 quibas
1310 1394 1469 1464 quaeri-nisti,
1480 1393 1702 1464 explanationem
1715 1395 1871 1448 nominant.

1084 1461 1218 1517 Lexicum
1234 1467 1310 1519 certe
1326 1463 1404 1536 quod
1417 1463 1625 1534 Origenianum
1656 1463 1727 1530 dixi,
1753 1479 1811 1519 non
1826 1479 1874 1519 so·

1048 1530 1110 1586 lum
1121 1533 1312 1606 etymologias
1329 1535 1534 1590 Hebraicorum
1551 1535 1715 1602 nominum,
1727 1536 1777 1590 sed
1794 1550 1874 1590 men-

169 1621 204 1660 ex
231 1602 406 1674 tlieronpme
428 1601 561 1674 Origenes
587 1603 708 1674 vestigia
735 1603 842 1674 saepius
870 1607 990 1670 terente,
1048 1605 1779 1688 surarumetiaminterpretationescomplectitur:
1797 1605 1874 1661 uude

168 1679 234 1730 tum
248 1690 282 1730 ex
296 1675 392 1729 Graeeo
404 1672 862 1746 FragmentaOrigcuiano,supra
877 1691 894 1729 a
908 1674 993 1730 nobis
1047 1673 1232 1744 ipsissimum
1247 1675 1360 1732 videtur
1375 1694 1448 1748 opus
1462 1677 1628 1732 adamantii
1667 1677 1804 1747 quamvis
1819 1693 1872 1732 uo·

169 1747 258 1814 edito,
275 1746 352 1817 quod
371 1745 490 1800 nomina
507 1743 644 1800 llebraiea
659 1744 993 1816 uuiuscujusqueevan-
1008 1765 1032 1831 Β
1049 1745 1173 1816 minum,
1190 1753 1223 1801 ut
1238 1752 1324 1802 antea
1339 1748 1540 1814 observabam,
1570 1722 1711 1804 couiusus
1739 1747 1778 1802 sit
1802 1746 1873 1802 erdo

171 1816 284 1889 gelista
312 1817 435 1872 seorsim
465 1815 551 1871 habet
581 1815 677 1886 posita
701 1818 862 1871 secundum
888 1815 992 1872 seriem
1050 1821 1138 1888 atque
1152 1821 1295 1873 mutatus.
1312 1819 1424 1884 Quibus
1439 1817 1463 1874 si
1480 1817 1581 1886 addas,
1598 1818 1718 1874 nomina
1733 1817 1874 1874 llebraica

173 1889 385 1944 elementorum
398 1885 487 1941 araci
508 1885 665 1958 alphabeti.
680 1885 724 1941 lta
739 1891 771 1942 ut
786 1903 850 1959 quae
865 1885 895 1942 in
916 1887 992 1942 Mat·
1047 1886 1117 1941 Novi
1134 1889 1314 1944 Testamenti
1331 1891 1359 1944 in
1376 1891 1477 1945 eadem
1496 1890 1596 1945 herico
1626 1890 1737 1962 scripta
1764 1904 1830 1944 esse
1845 1893 1874 1945 et

169 1959 246 2015 thaeo
261 1957 394 2032 legentur
409 1957 611 2028 hujuscemodi
634 1958 775 2013 vocabula
799 1963 866 2014 ante
890 1963 993 2014 catera
1046 1957 1259 2030 interpretata:
1277 1959 1377 2016 nullus
1393 1960 1561 2032 ambigendi
1577 1959 1660 2016 locus
1684 1960 1871 2032 relinquitur,

169 2028 802 2102 scriptasint‚deindeqneesuutMarci,et
825 2029 867 2084 sic
890 2045 991 2086 conse·
1047 2030 1117 2100 quin
1134 2029 1277 2102 hocopus
1295 2035 1445 2102 parentem
1461 2031 1597 2086 babuerit
1625 2031 1671 2086 Ori
1695 2047 1790 2098 enem,
1819 2029 1871 2101 qui

168 2105 294 2174 quanter
309 2117 402 2172 usique
415 2101 613 2156 adleannem.
629 2099 682 2153 Vix
694 2105 791 2155 autem
806 2100 912 2166 adduci
927 2117 992 2226 Eos·
1046 2104 1079 2154 ut
1093 2101 1275 2156 Christianus
1291 2047 1735 2184 suppleveratnominaalufiaeo
1750 2100 1872 2157 Philone

167 2177 285 2231 sumat
310 2171 382 2227 mihi
413 2172 604 2244 persuadeam
635 2169 805 2226 distinctam
835 2187 868 2226 ex
896 2171 929 2226 Li
951 2170 992 2227 ris
1047 2173 1254 2242 praetermissa.
1270 2173 1388 2228 Praevris
1403 2173 1500 2243 itaque
1515 2173 1595 2228 hisce
1609 2171 1796 2244 generalibus
1817 2172 1869 2227 de-

167 2243 261 2300 sacris
277 2243 409 2300 ordinem
425 2244 594 2300 observasse
610 2241 763 2315 Origenem
775 2242 804 2296 in
816 2241 991 2314 Fragmenta
1046 2243 1191 2298 cementis
1219 2244 1254 2299 ad
1280 2245 1401 2299 lexicon
1427 2244 1524 2315 ipsum
1556 2260 1678 2300 manum
1705 2244 1870 2314 mittamus,

166 2315 235 2371 libri
250 2314 408 2371 Nominum
426 2331 432 2382 ;
449 2319 477 2370 et
491 2314 521 2368 in
537 2312 650 2382 Lexiee,
666 2313 744 2384 qued
770 2319 904 2384 superest
917 2313 991 2368 inte·
1046 2313 1147 2368 multis
1163 2313 1228 2369 aliis
1252 2315 1450 2387 peculiaribus
1465 2331 1517 2386 pro
1542 2314 1659 2371 medulo
1673 2319 1772 2372 uestro
1796 2313 1870 2371 inle-

167 2403 265 2460 grum,
280 2386 368 2442 aliam
383 2385 461 2440 viam
477 2385 654 2457 ingressum,
671 2389 703 2440 ut
727 2384 847 2440 confuse
873 2389 901 2440 et
924 2401 991 2457 pro·
1046 2383 1107 2440 rius
1124 2383 1333 2442 illustrandum
1351 2386 1601 2454 annotationibus,

165 2459 279 2514 miscus
294 2457 350 2514 sub
365 2472 542 2539 unaquaque
561 2455 657 2512 littera
686 2457 818 2512 omnium
847 2455 990 2512 librorum

165 2529 279 2585 Veteris
307 2544 341 2584 ac
369 2528 441 2583 Nov1
468 2527 646 2583 Testamenti
676 2527 796 2583 nomina
824 2526 988 2583 collocaret.
1180 2573 1208 2584 ..
1301 2573 1306 2584 .
1368 2500 1536 2585 GARUTH·
1696 2574 1727 2586 ..

168 2600 292 2657 Facilius
315 2599 406 2672 igitur
434 2599 596 2669 crederem,
627 2599 796 2670 importuna
824 2600 989 2654 Graecorum
1048 2571 1431 2656 ⁰⁰⁸r¹⁴d²⁸²⁰⁹²⁸fllef⁰ny⁷⁷i²
1449 2572 1574 2656 wem
1601 2573 1749 2640 flemma·
1779 2590 1811 2629 ‘¹⁶
1836 2573 1871 2629 de

165 2673 363 2745 quorumdam
379 2669 530 2742 diligentia
546 2669 599 2725 hoe
632 2669 753 2725 Lexieeo
783 2669 988 2724 concinnatum
1259 2643 1382 2700 “Minati
1397 2644 1464 2698 ‘'b'‘
1478 2645 1636 2700 mmmm·

164 2743 335 2812 luisss,sed
353 2746 446 2796 totum
472 2744 638 2796 mutuatum
660 2757 693 2797 ex
717 2739 890 2812 Origeniano
915 2741 989 2796 libro
1080 2739 1120 2794 Da
1135 2740 1282 2812 prioribus
1298 2739 1363 2796 libri
1387 2741 1765 2800 llebreiearurn.Nerninnm.
1794 2741 1868 2799 scri·

164 2814 324 2870 Nominum
340 2813 651 2883 Hebraicorum,quem
667 2812 729 2884 ipse
740 2828 807 2866 eum
819 2811 989 2868 ditinctione
1044 2811 1177 2881 pteribus
1193 2813 1307 2880 Grecis,
1325 2812 1445 2868 Philone
1460 2811 1618 2869 scilicetne
1640 2813 1773 2886 Origene,
1792 2831 1866 2886 prae-

165 2891 195 2942 et
209 2885 387 2942 velaminum
404 2883 570 2957 Scriptura,
586 2889 615 2938 et
628 2881 835 2940 vocabulorum
848 2883 986 2939 ediderat.
1043 2881 1157 2938 cedenti
1174 2882 1300 2956 capitulo
1316 2884 1432 2939 abunde
1449 2884 1674 2956 disputavimus
1697 2884 1867 2941 Proximum

166 2959 197 3012 ln
214 2973 278 3013 eam
295 2955 469 3012 sententiam
486 2971 519 3011 eo
533 2955 627 3026 magis
643 2955 818 3026 propendeo,
841 2972 898 3028 que
926 2971 987 3011 cer·
1044 2958 1088 3008 est
1105 2953 1141 3009 ad
1157 2953 1405 3026 complementum
1421 2955 1510 3080 heffa
1521 2955 1808 3024 Commentrvrioli,ut
1830 2957 1866 3012 dc

166 3027 414 3084 tiorlactussum
430 3026 600 3082 Latinorum
620 3027 763 3097 quosdam
789 3026 818 3081 id
840 3026 988 3082 lectitasse
1044 3023 1216 3098 llieronymo
1232 3025 1364 3097 ejusdem
1380 3025 1447 3082 libri
1488 3027 1619 3082 ominum
1642 3027 1797 3100 interprete
1813 3027 1865 3082 La

166 3100 195 3154 in
226 3097 300 3154 libro
330 3097 554 3170 Hieronymiune
580 3097 733 3152 nominum
766 3098 984 3153 Hebraicorum.
1002 3124 1023 3190 C
1042 3095 1103 3152 tine
1123 3113 1156 3153 ca
1185 3102 1395 3179 proponantur,
1426 3113 1489 3162 que
1520 3098 1714 3154 eruditionem
1745 3097 1865 3153 maximi

164 3171 237 3226 Nam
256 3170 374 3225 Venetiae
386 3184 437 3240 per
450 3169 560 3224 Fratres
573 3169 708 3224 loannem
735 3172 760 3222 et
781 3168 940 3239 Graeca-inm
954 3169 986 3225 de
1043 3168 1172 3223 Docteris
1187 3185 1216 3222 an
1233 3169 1320 3224 rebus
1338 3167 1495 3236 Hebraicis,
1511 3185 1718 3242 summamque
1729 3169 1863 3226 lucubra-

165 3242 312 3314 Greqoriic,
329 3255 401 3296 ranno
417 3242 534 3296 Domini
549 3241 626 3307 1498,
644 3241 691 3295 die
714 3239 750 3294 25
767 3242 893 3310 depasti,
917 3257 985 3296 cum
1041 3240 1154 3294 tionum
1170 3238 1264 3312 ipsius
1279 3239 1436 3296 utilitatem
1453 3239 1640 3296 manifestam
1656 3241 1794 3296 omnibus
1818 3239 1831 3296 l
1848 3269 1863 3281 -

148 3315 220 3374 hac
245 3311 464 3385 perturbatione
501 3328 535 3366 ae
559 3311 747 3366 subversione
776 3312 883 3381 prodiit
910 3311 987 3366 inter
1040 3311 1129 3366 ciant.
1145 3309 1237 3366 Audio
1252 3312 1330 3366 enirn
1346 3310 1493 3384 quaerulos
1508 3313 1615 3384 sapius
1628 3312 1730 3368 doctos
1755 3312 1864 3385 pariter
1912 3347 1914 3354 ι

163 3387 258 3457 Opera
273 3382 442 3455 Hieronymi
458 3381 698 3438 liberNominum
712 3380 919 3437 Hebraicorum
935 3400 941 3449 ;
955 3382 985 3436 in
1040 3385 1069 3435 et
1084 3381 1216 3438 indoctos
1230 3383 1281 3452 qui
1295 3383 1357 3438 viro
1375 3383 1607 3455 praeclarissimo,
1626 3383 1791 3440 divinarum
1808 3383 1867 3439 Lit-

164 3453 355 3528 queaublatn
372 3451 758 3510 universadistinctieneac
775 3453 986 3508 mentionevo·
1040 3457 1218 3506 terarumac
1236 3453 1343 3509 llebrai
1372 3453 1516 3510 sermonis
1544 3453 1761 3511 consultissimo
1789 3471 1868 3510 nrrnc

164 3527 313 3583 luminum
329 3525 390 3582 Seri
412 3529 494 3595 tures,
511 3524 611 3580 omnia
625 3540 746 3596 prorsus
770 3524 909 3580 vocabule
926 3528 986 3579 tam
1040 3522 1193 3593 imperitias
1208 3524 1417 3595 suspicionem,
1432 3541 1509 3579 nune
1539 3525 1734 3580 inconstantis
1774 3524 1866 3580 animi

165 3598 281 3656 Veteris
316 3613 384 3652 uam
426 3596 470 3652 ovi
492 3595 672 3652 Testamenti
694 3595 749 3649 sub
776 3594 873 3651 littera
897 3611 986 3666 quam
1043 3595 1151 3649 lamam
1168 3593 1410 3666 inurantrquasi
1426 3594 1468 3649 vel
1481 3596 1650 3651 nescivisset
1676 3596 1868 3666 {lieronymus

163 3672 306 3727 habenta
339 3668 433 3734 initio,
450 3668 545 3739 posita
559 3667 706 3738 leguntur.
723 3665 818 3721 Series
832 3666 925 3720 ibitur
941 3681 988 3720 no·
1041 3664 1259 3720 violentasesse
1279 3664 1743 3737 plerumqueinlibrollorninum
1758 3666 1869 3722 Hebrai-

166 3741 327 3798 minumin
357 3739 460 3795 chico
488 3739 664 3822 Origeniane
690 3737 846 3794 adventitia
876 3741 929 3804 est,
959 3741 988 3792 et
1043 3752 1136 3791 cornua
1166 3735 1356 3808 etymologias
1387 3752 1393 3790 τ
1420 3740 1471 3790 ant
1498 3736 1568 3791 alibi
1597 3752 1654 3791 non
1685 3735 1869 3794 meminisset

165 3811 351 3870 subversoris
366 3809 488 3868 Graeculi
508 3809 673 3881 eujusdam,
699 3808 749 3880 qui
774 3808 906 3864 ordinem
923 3825 988 3880 per·
1043 3823 1074 3862 sc
1090 3807 1136 3862 hic
1152 3807 1253 3862 Latine
1268 3807 1445 3878 reposuisse,
1462 3807 1539 3879 quod
1557 3811 1656 3880 postea
1671 3807 1812 3865 violenter
1826 3809 1868 3864 in·

166 3879 989 3948 versumnonnativumsecutus,emediesustulitan·
1041 3878 1391 3950 terpretetumaonoscit.
1421 3879 1566 3934 Adversus
1595 3896 1671 3935 eaeee
1698 3879 1869 3952 huiusmodi

165 3951 387 4012 notatiunculss
402 3958 431 4009 et
445 3953 597 4009 citationes
617 3951 770 4012 librorum.
801 3957 833 4006 ut
860 3969 922 4025 qna>
943 3951 988 4006 di·
1044 3967 1076 4004 ac
1088 3923 1474 4021 prepropere‘litteraterum
1491 3952 1687 4022 quorumdam
1699 3952 1871 4026 pra-,iudicia

166 4029 275 4082 stinete
291 4041 324 4080 ae
338 4025 445 4096 partite
460 4024 567 4096 scripta
583 4023 783 4148 lueraniapnd
797 4022 989 4079 Philencrnaa
1043 4021 1220 4093 iueptanqne
1248 4020 1409 4077 multorum
1438 4021 1527 4092 hujus
1566 4024 1706 4095 temperis
1721 4025 1870 4106 garrulam

166 4095 356 4172 Origenem,i
380 4113 411 4152 se
426 4095 523 4150 salivae
540 4093 662 4167 proprie
682 4093 711 4148 in
737 4093 990 4166 algens,peparata
1045 4091 1242 4163 disciplinam,
1259 4092 1437 4149 sanctissimi
1454 4093 1585 4150 Oootoris
1615 4094 1786 4167 Apologiam
1816 4096 1871 4152 hoe

167 4167 336 4226 consociare
352 4113 547 4238 (iistinctaque
561 4166 738 4222 contundere
759 4165 814 4222 sibi
840 4165 988 4238 permittev
1043 4163 1107 4219 loeo
1118 4163 1345 4245 suscipiendam,
1360 4164 1446 4236 idque
1462 4181 1554 4236 operes
1570 4165 1696 4236 pretium
1719 4166 1873 4223 existima·

166 4246 222 4298 ret.
238 4239 293 4295 Sed
310 4238 365 4302 etsi
380 4239 449 4294 erdo
465 4238 617 4294 nominum
631 4237 753 4292 vitiosus
770 4237 809 4292 sit
824 4237 853 4292 in
875 4235 988 4306 Lexico,
1043 4236 1070 4290 vi
1086 4251 1093 4290 :
1110 4251 1146 4290 ne
1160 4234 1296 4307 deinceps
1311 4236 1526 4361 Scripturarum
1556 4237 1684 4294 maximo
1710 4238 1787 4295 inter
1809 4238 1872 4303 reti,

167 4313 373 4370 restamcnet
392 4309 646 4381 interpretationes
674 4308 836 4364 dictionum
870 4307 989 4363 cornino
1045 4305 1312 4376 Hebraicaelingnae
1341 4307 1690 4364 calentissimoaudeant
1712 4256 1874 4376 detrairere,

168 4383 304 4457 genuina
320 4383 400 4448 sunt,
416 4397 526 4452 aquave
541 4398 575 4436 ex
589 4396 642 4436 sive
669 4379 747 4435 fonte
776 4379 882 4435 nativa.
909 4379 990 4442 Ouod
1049 4395 1144 4449 nequo
1155 4377 1229 4450 ipsis
1244 4376 1330 4432 liceat
1342 4378 1461 4448 impune
1476 4378 1634 4451 aliquando
1649 4380 1745 4436 virum
1766 4381 1875 4437 doetis-

170 4453 362 4511 manilestum
377 4457 532 4524 ratumque
548 4451 621 4507 lacio
640 4467 656 4507 e
675 4451 789 4506 duobus
814 4450 885 4506 loeis
909 4453 990 4516 Quas·
1045 4449 1153 4505 simum
1170 4448 1311 4506 maledico
1327 4449 1412 4506 dente
1426 4466 1554 4522 carpere,
1566 4465 1652 4522 quem
1665 4453 1794 4525 perlecta
1807 4467 1875 4507 eru-

170 4527 302 4584 stieuum
327 4527 356 4578 et
384 4523 578 4594 Responsium
621 4521 657 4578 ad
701 4522 876 4578 orthodoxos
917 4491 1874 4593 t'atsollditiorumintegritatemerumeonJunetaadsummurn

169 4595 367 4668 ascriptarum
380 4593 497 4650 tustino
511 4593 644 4666 Martyri.
1056 4590 1153 4666 gloriar
1169 4592 1280 4664 apicem
1296 4592 1398 4648 evexit.

210 4667 255 4722 Ad
271 4681 455 4730 euesrrensu
470 4665 560 4790 igitur
574 4667 620 4732 82,
635 4665 702 4733 Quae
715 4666 751 4720 ait
773 4665 895 4720 nerninia
924 4664 1000 4719 Beel-

170 4739 258 4796 zebub
273 4754 307 4794 ee
326 4738 408 4793 esitio
422 4737 437 4791 ‘l
450 4740 480 4792 ta
493 4737 518 4791 is
534 4753 690 4790 aseressro
707 4736 742 4792 ab
766 4736 890 4791 Auctore
904 4735 1002 4790 Graeco

171 4754 366 4867 estadhigita
390 4809 443 4861 'roe
468 4827 498 4860 τε
527 4799 706 4872 Βεελςεῧοῦλ,
739 4805 785 4858 καὶ
814 4810 863 4858 τοῦ
891 4802 999 4879 Βελίαρ,

173 4880 252 4956 λέγει
264 4879 298 4932 τὰ
314 4877 448 4950 ὀνόματα.
466 4921 493 4934 ..
516 4873 621 4953 sip-qtae
652 4873 679 4930 δὲ
693 4879 732 4947 τῷ
752 4876 883 4949 Ὠριγὲνει
898 4874 1000 4930 τούτων

173 4957 229 5007 τῶν
245 4949 385 5024 ὀνομάτων
415 4952 432 5019 ἡ
467 4947 600 5024 ἑρμηνεία
638 4945 663 5000 ἐν
705 4951 738 5020 τῇ
773 4947 905 5020 ἑρμηνείᾳ
945 4951 1000 5000 τῶν

173 5019 326 5099 Ἑὸραικὼν
343 5020 496 5092 ὀνομάτων,
513 5021 542 5076 id
568 5023 622 5088 est,
639 5020 776 5088 deprimit
801 5037 862 5075 ecre
891 5021 1004 5074 tremine

182 5095 329 5152 beelzebut
344 5102 369 5150 et
383 5095 509 5160 Beliar·,..
525 5093 626 5148 dieitur·
640 5095 731 5146 alarin
746 5093 778 5145 ab
808 5092 924 5160 Oripene
957 5089 1005 5146 lve-

178 5184 242 5224 ram
256 5167 401 5221 areminnm
416 5166 604 5236 interpretatio
618 5165 648 5217 in
679 5163 902 5232 interpretatione
914 5164 1002 5218 nerni-

176 5255 248 5296 nem
262 5237 466 5294 Hebraicorum.
494 5237 557 5291 llaec
577 5233 666 5289 araci
694 5233 854 5304 scriptoris,
877 5234 1003 5306 quicun-

179 5326 236 5384 que
252 5307 348 5378 luerit,
366 5307 516 5390 responsio
530 5323 595 5362 vcra
610 5305 730 5361 omnino
750 5307 1006 5385 comprobatur-en

180 5381 286 5439 Lexico
302 5379 477 5451 Origemano
494 5394 560 5434 mon
579 5376 781 5448 consequenti,
814 5377 863 5432 ubi
889 5393 1008 5433 nomina

180 5451 323 5510 Beetaehul
337 5460 362 5506 et
375 5452 470 5506 Betiar·
484 5454 619 5520 corrupte
633 5447 772 5520 leguntur
801 5450 902 5504 eedem
923 5449 1008 5522 plane

180 5523 268 5582 modo
297 5539 330 5578 ae
358 5521 386 5577 in
430 5521 630 5594 Responsione
659 5519 803 5584 recitatn;
834 5520 1007 5592 diversaque

164 5595 253 5680 ⁴inihi
270 5595 379 5651 hubent
395 5591 650 5665 interpretationes
667 5593 702 5646 ab
730 5593 854 5662 Origene
883 5585 1007 5661 subjun-

183 5673 257 5723 ctas.

220 5743 354 5805 ttuesrro
364 5735 408 5794 86.
441 5737 508 5806 Quae
535 5739 574 5792 eat
601 5735 790 5801 interpretatio
815 5733 1010 5788 vocabulorum

184 5811 302 5870 istorum
316 5827 326 5870 .·
342 5807 421 5878 llus,
437 5807 521 5884 apti,
536 5805 634 5878 Nebel,
655 5810 771 5874 Gemor,
798 5804 903 5874 Sielas,
928 5800 1008 5862 Basi-

352 5937 482 6000 l’ereut.
519 5933 630 6001 xxttt.

1057 4707 1105 4774 §L
1121 4707 1232 4762 Eximio
1246 4707 1302 4778 [ait
1315 4709 1345 4762 in
1361 4709 1523 4834 llierontprne
1538 4709 1640 4778 lineae
1669 4711 1812 4781 Hepreiaar
1830 4665 1880 4782 ‘pe-

1425 4795 1449 4834 rr
1465 4796 1503 4835 aa.
1883 4818 1890 4830 ·

1093 4875 1188 4932 Causa
1203 4879 1278 4930 certe
1295 4875 1377 4931 nulla
1392 4880 1447 4941 est,
1467 4893 1520 4932 cur
1547 4877 1713 4934 absolutam
1738 4877 1882 4934 sermonis
1926 4897 1929 4900 ·

1058 4947 1170 5002 llebrni
1187 4948 1319 5002 notitiam
1339 4947 1511 5020 hieronyme
1528 4948 1647 5020 quidam
1664 4947 1822 5021 scriptores
1838 4967 1880 5006 ru·

1058 5019 1175 5074 videant
1191 5035 1198 5073 ε
1215 5019 1268 5073 etsi
1286 5018 1375 5073 luisse
1390 5017 1522 5074 videatur
1539 5019 1665 5092 primam
1695 5037 1729 5076 ex
1749 5037 1782 5076 eo
1803 5022 1882 5094 quod

1059 5096 1199 5162 tanquam
1213 5089 1352 5145 llebruiee
1366 5090 1572 5163 interpretetur
1587 5091 1707 5146 nomina
1728 5096 1826 5148 Gerros
1849 5109 1883 5150 ae

1062 5161 1165 5217 Latina
1193 5160 1329 5232 plurima,
1381 5177 1423 5216 11ae
1451 5178 1536 5218 nemo
1570 5163 1700 5218 virorum
1731 5164 1883 5220 doctorum

1058 5178 1482 5306 juxtaproprietatem‘iingun
1498 5232 1643 5288 sabratae
1668 5233 1724 5289 sibi
1749 5251 1882 5307 unquam

1062 5305 1213 5378 proposuit
1228 5303 1409 5375 exponenda.
1435 5303 1568 5360 Secunde
1593 5305 1763 5377 trequentes
1786 5323 1887 5363 eccur·

1062 5383 1132 5430 runt
1147 5375 1176 5429 in
1194 5374 1267 5429 libre
1285 5374 1446 5431 Nominum
1462 5375 1642 5448 etymologiae
1668 5377 1827 5435 verberum
1850 5377 1887 5431 ab

1063 5445 1203 5502 Hebraico
1215 5445 1326 5516 origine
1345 5445 1485 5502 violenter
1500 5447 1640 5516 deductio,
1659 5465 1789 5526 quaque
1812 5443 1891 5522 haud

1064 5519 1189 5573 multum
1215 5517 1331 5588 sapiant
1359 5518 1554 5574 eruditionem
1584 5520 1747 5578 idiomatis
1776 5515 1895 5588 llsbret·

1062 5589 1158 5646 Tertio
1174 5587 1299 5659 denique
1315 5589 1487 5662 ambiguum
1504 5591 1665 5648 ctdiversis
1676 5583 1903 5662 interpretatio-

1068 5661 1157 5716 nibus
1173 5659 1429 5718 accommodatum
1445 5677 1509 5718 esse
1523 5663 1616 5718 voluit
1630 5661 1763 5731 septus
1780 5647 1910 5716 iamim

1065 5731 1141 5804 qued
1160 5747 1248 5787 unam
1266 5735 1383 5788 tantum
1400 5734 1489 5791 habet
1502 5733 1723 5808 etymologiam.
1789 5735 1821 5786 ab
1836 5721 1920 5782 ‘Oli‘

1064 5802 1334 5878 interpretationem
1350 5806 1475 5880 patitur.
1490 5803 1532 5864 Ta
1545 5809 1616 5866 aaut
1629 5795 1765 5876 precip
1778 5811 1829 5863 „a
1838 5783 1936 5852 uum

1708 5917 1826 5996 50
