4128 6164
159 265 224 354 w
529 268 785 341 inlustrato·
799 269 906 340 licei
926 267 1068 342 1111inss
1090 271 1141 338 uu
1162 271 1320 342 seietru
1342 275 1504 344 SANCTO.
1796 269 1867 340 Μ

168 405 329 467 chrisimn
345 405 440 469 secu
454 407 625 483 inllpistols
638 410 724 481 Petri,
735 409 861 483 Spiritus
871 408 1028 478 sanctusA
1048 409 1117 476 tuis,
1142 408 1299 468 habitatin
1323 409 1415 482 vobis,
1436 410 1488 484 qui
1503 409 1655 470 suscitavit
1675 408 1825 470 Christum
1848 425 1866 486 s

167 512 228 554 essc
242 495 350 556 Christi
365 497 492 572 Spiritus
508 501 731 572 comprobatur.-
747 520 761 550 n
776 499 956 565 scrutantes,
971 518 984 546 υ
1040 497 1175 568 mortuis,
1199 499 1357 558 vivillcabit
1370 503 1400 556 et
1414 498 1550 558 mortalia
1563 515 1684 574 corpora
1701 505 1798 560 vestra
1813 516 1867 574 pst·

166 585 268 658 iuquit,
285 609 300 638 a
315 592 344 646 et
358 587 551 660 inquirentes,
569 611 584 640 »
599 589 630 646 id
640 593 685 646 est
699 587 856 662 prophetae,
869 586 905 642 de
920 585 985 658 qui·
1038 587 1252 644 inhabitantem
1276 587 1416 661 Spiritum
1440 605 1527 645 suum
1549 587 1579 645 in
1603 589 1702 648 vobis:
1729 612 1744 642 u
1769 605 1866 648 nonus

166 673 255 732 bussi
265 675 617 752 luerateermosuperior‚
628 673 986 751 «inquod,etqualstcm-
1039 676 1092 734 tibi
1107 677 1222 734 videtur
1243 676 1348 746 dicere,
1365 677 1435 751 quia
1454 677 1478 736 si
1494 677 1621 751 Spiritus
1635 678 1700 750 clus
1714 679 1765 753 qni
1780 678 1865 736 eusci

161 778 221 834 pus
234 762 288 836 (95)
302 764 532 838 significabatis,
546 769 621 827 us
632 766 844 841 quiiuoiserei
856 763 983 838 Spiritus
1039 765 1111 822 tavit
1132 765 1281 823 Christum
1295 766 1409 834 lesum,
1425 766 1455 823 id
1481 770 1535 836 cst,
1552 767 1604 840 qui
1632 767 1765 840 ejusdam
1793 768 1865 826 lesu

71 897 81 920 ,
165 851 281 920 Christi,
295 854 454 912 testificans
468 857 499 912 in
518 856 632 914 Christo
648 857 813 928 passiones,
829 858 860 912 ct
873 870 907 910 aa
921 868 985 924 quae
1038 854 1145 912 Christi
1166 855 1293 928 Spiritus
1307 859 1362 923 est,
1379 855 1493 914 habitat
1506 855 1536 912 in
1561 855 1658 915 vobis:
1685 871 1865 929 cousequen-

161 945 233 1012 post
245 947 325 1000 crant
349 950 487 1002 secutura
500 947 629 1004 decreta:
647 946 677 1002 iu
701 945 808 1018 quibus
824 941 983 1002 revelatum
1039 947 1083 1002 tor
1097 943 1323 1002 vivificabuntur
1336 947 1364 1002 et
1383 945 1519 1002 mortalia
1536 961 1659 1019 corpora
1678 949 1774 1004 vestre
1797 961 1865 1003 cum

162 1033 217 1099 ast,
231 1031 374 1102 quianon
389 1034 458 1102 sihi,
482 1035 533 1092 sed
547 1034 633 1092 nobis
648 1033 858 1092 ministrabant
871 1047 906 1090 ea
919 1047 984 1103 quas
1041 1033 1257 1091 immortalibus
1271 1032 1427 1092 animabus
1447 1034 1504 1108 (98)
1529 1034 1565 1092 ah
1589 1051 1623 1092 eo
1647 1034 1698 1108 qui
1713 1032 1866 1093 suscitavit

161 1121 985 1196 nnncannuntietasuutvobisperSpiritumsunctum⁷³o
1039 1121 1295 1179 christinianum
1310 1139 1327 1178 a
1341 1122 1866 1198 mortuis,principemetprimogsni-

157 1204 216 1262 lstc
230 1211 331 1266 summ
345 1211 472 1284 Spiritus
496 1215 616 1270 sanctus
640 1211 735 1268 dictus
751 1215 796 1268 est
808 1215 838 1269 et
857 1211 985 1284 Spiritus
1038 1215 1103 1268 tum
1119 1209 1358 1268 resurrectionis?
1374 1211 1522 1284 litquibns
1532 1211 1591 1270 tale
1601 1215 1779 1286 tantumque
1793 1213 1866 1270 divi·

156 1292 221 1364 usi,
244 1312 304 1354 non
319 1299 350 1356 in
374 1301 509 1372 prasenti
534 1304 650 1358 tantum
674 1316 817 1367 sermono,
845 1300 897 1356 sed
912 1305 941 1356 et
955 1301 984 1357 in
1008 1295 1011 1302 ’
1039 1299 1120 1358 nitus
1134 1316 1187 1373 per
1200 1299 1343 1373 Spiritum
1356 1317 1465 1358 munus
1480 1300 1628 1358 indultum
1642 1304 1697 1370 est,
1717 1301 1865 1360 debitores

158 1382 226 1451 diis
243 1383 316 1444 locis
330 1387 542 1462 compluribus,
558 1394 591 1446 ut
604 1389 662 1446 ibi:
681 1409 695 1441 ι(
709 1389 747 1444 lla
762 1406 826 1462 quas
839 1389 889 1445 bei
905 1392 984 1456 sunt,
1040 1407 1145 1448 sumus
1160 1390 1291 1464 Spiritui,
1308 1407 1367 1447 non
1381 1391 1473 1460 carni,
1490 1394 1523 1447 ut
1533 1391 1618 1462 juxta
1632 1405 1697 1449 sam
1720 1390 1864 1450 vivamus.

157 1495 246 1540 nemo
260 1479 343 1536 novit
357 1477 415 1534 uisi
429 1476 556 1551 Spiritus
570 1477 621 1533 Dei
635 1479 667 1534 ⁷⁹.
685 1499 699 1528 »
718 1477 828 1534 Deinde
853 1477 987 1549 sequitur
1039 1479 1191 1552 Siquidem
1206 1479 1256 1552 qui
1268 1481 1354 1551 juxta
1380 1495 1498 1537 carnem
1527 1479 1640 1548 visent,
1657 1478 1798 1537 morietur
1811 1477 1865 1538 illa

157 1573 226 1642 post
240 1567 298 1626 hoc
311 1567 389 1640 quod
412 1567 465 1623 ait:
483 1567 625 1640 «Siquis
647 1571 745 1624 autem
769 1565 910 1640 Spiritum
934 1567 985 1624 Dei
1040 1573 1212 1642 morteque
1227 1572 1381 1642 peccatum
1396 1569 1539 1641 sequitur.
1557 1589 1571 1620 n
1589 1568 1741 1626 Peccatum
1755 1568 1865 1642 quippe

157 1675 217 1718 aon
233 1657 331 1726 habat,
351 1655 400 1712 hic
414 1656 624 1727 honestatum
638 1678 649 1707 ι
666 1659 695 1712 et
708 1656 845 1712 infertur:
863 1679 877 1708 a
890 1656 918 1712 Si
933 1671 984 1712 au·
1039 1674 1106 1715 cum
1121 1661 1359 1716 consummatum
1379 1657 1477 1727 luerit,
1493 1661 1613 1732 generat
1636 1661 1772 1726 mortem,
1789 1679 1805 1709 a
1820 1673 1865 1715 se·

156 1744 986 1812 tsmChristusinvcbis,aetmaniiestiesimedemonstre-
1001 1777 1025 1844 Β
1039 1748 1169 1804 eundum
1192 1747 1335 1805 iacobum
1348 1747 1381 1804 ⁸¹.
1406 1747 1463 1804 Sod
1484 1750 1514 1804 et
1538 1745 1669 1804 Ezechiel
1697 1749 1865 1820 pensantem

152 1841 207 1894 tur
228 1833 457 1908 inseparabilem
468 1833 985 1907 esseSpiritumsnnotumaChrieto:
1040 1836 1171 1894 animam
1186 1836 1260 1894 mori
1276 1835 1388 1894 scribit.
1404 1835 1563 1909 Separatur
1587 1835 1741 1908 enimjam
1762 1835 1863 1907 avitu,
1975 1909 1977 1914 X

157 1925 233 1999 quia
245 1924 414 1996 ubicunque
428 1923 553 1997 Spiritus
569 1921 798 1990 seminassent,
815 1922 895 1978 ihiot
909 1921 987 1980 Chri·
1041 1942 1105 1997 quic
1120 1926 1150 1980 in
1166 1924 1310 1998 snpientia
1324 1925 1452 1998 Spiritus
1465 1923 1608 1982 collocata
1620 1928 1666 1983 cst
1678 1925 1711 1982 ⁸³.
1801 1921 1811 1928 ’

157 2018 228 2071 stus
240 2017 294 2079 est,
308 2017 337 2070 et
348 2012 545 2084 undecunque
554 2010 660 2068 Christi
670 2005 795 2084 Spiritus
806 2010 985 2077 discesserit,
1075 2016 1120 2073 ta.
1136 2015 1165 2070 Si
1182 2015 1250 2087 quis
1264 2018 1361 2071 autem
1378 2013 1592 2072 transcenderit
1609 2013 1699 2072 vitam
1715 2013 1812 2071 carnis
1836 2017 1866 2071 st

159 2101 350 2174 indepsritsr
377 2101 487 2156 recedit
514 2105 543 2156 et
570 2099 713 2156 Christus.
736 2121 750 2151 a
761 2099 789 2154 Si
819 2099 885 2174 quis
908 2099 985 2158 onim
1040 2102 1148 2176 Spiritu
1163 2118 1251 2175 opera
1265 2103 1361 2159 carnis
1377 2101 1594 2160 mortificaverit
1607 2102 1675 2176 (99),
1690 2102 1767 2160 vivet
1781 2103 1865 2162 basta

160 2191 304 2264 Spiritum
316 2189 425 2246 Christi
441 2206 499 2246 non
513 2189 613 2258 habet,
627 2188 743 2244 hicnon
758 2193 803 2246 est
817 2190 891 2262 ejus,
909 2211 923 2240 a
934 2189 986 2245 Cui
1039 2196 1205 2264 aeternaque
1227 2191 1285 2247 vita
1299 2190 1407 2248 relatus
1421 2191 1451 2248 in
1467 2190 1543 2248 lilios
1558 2190 1618 2259 Dei,
1643 2195 1672 2248 et
1690 2191 1819 2249 directus
1833 2189 1864 2248 iu

157 2281 317 2352 mnjnncto
331 2279 440 2351 siquis
464 2277 643 2336 contrarium
658 2281 802 2346 assumat,
817 2277 914 2334 dicere
938 2293 986 2350 po·
1039 2281 1119 2338 viam
1134 2285 1242 2337 rectam
1257 2283 1376 2352 propter
1386 2280 1528 2354 Spiritum
1543 2283 1693 2345 sanctum,
1708 2279 1759 2352 qui
1773 2278 1864 2337 stilai

156 2372 230 2426 test:
246 2368 276 2423 Si
292 2367 358 2439 quie
376 2366 483 2422 Christi
498 2371 552 2433 ost,
570 2367 611 2422 its
625 2369 658 2422 ut
680 2365 813 2423 Christus
832 2368 861 2423 in
877 2383 910 2423 co
935 2367 984 2434 sit,
1039 2369 1165 2442 Spiritus
1175 2367 1349 2441 appellatur.
1363 2391 1378 2420 n
1394 2369 1422 2425 Si
1430 2369 1521 2436 enim,
1533 2390 1547 2418 »
1559 2368 1667 2442 inquit,
1678 2391 1692 2418 α
1702 2369 1789 2441 justa
1804 2383 1865 2426 oar·

155 2459 186 2515 in
196 2458 254 2516 hoo
269 2455 400 2528 Spiritus
414 2455 467 2512 Dei
481 2459 535 2514 cet.
551 2455 610 2512 lloc
625 2459 725 2512 autem
739 2454 817 2513 idem
834 2460 863 2512 et
877 2457 912 2512 de
926 2456 985 2512 Dco
1040 2457 1257 2527 ncmvixeritis,
1269 2455 1445 2514 moriemini.
1460 2456 1541 2521 Quod
1556 2455 1692 2529 sispiritu
1708 2456 1786 2514 iacta
1800 2472 1864 2515 car·

155 2547 242 2604 Patre
257 2544 394 2602 similiter
417 2543 633 2616 usurpandum.
649 2544 678 2599 Si
693 2545 760 2617 quis
782 2544 925 2618 Spiritum
936 2545 985 2601 Dei
1040 2546 1086 2603 nis
1100 2545 1356 2613 mortificaveritis,
1374 2546 1492 2614 vivetis;
1511 2544 1597 2602 setin
1615 2546 1864 2619 consequentibus
1935 2601 1940 2613 ,

155 2652 215 2692 nou
225 2635 325 2702 habel,
335 2634 391 2693 iste
405 2649 464 2690 non
475 2633 603 2703 cstejus.
615 2633 666 2688 Cui
676 2649 793 2711 rursum
805 2633 984 2691 contrarium
1040 2657 1054 2687 n
1070 2637 1220 2708 Quotquot
1232 2633 1311 2690 enim
1326 2633 1439 2708 Spiritu
1453 2634 1503 2692 Dei
1528 2636 1664 2708 aguntur,
1680 2634 1710 2691 hi
1726 2633 1779 2692 illil
1794 2637 1866 2693 sunt

154 2725 181 2780 si
201 2724 274 2796 quis
300 2729 442 2789 assumat,
458 2720 576 2778 dicens:
598 2721 628 2777 Si
648 2711 715 2794 quis
736 2722 786 2778 liei
811 2726 865 2792 est,
885 2722 915 2778 in
930 2722 985 2779 hoc
1039 2724 1099 2781 Del.
1115 2746 1129 2776 n
1147 2725 1277 2780 Rursum
1292 2722 1525 2789 relocillanseos‚
1537 2722 1737 2794 etecusolans,
1754 2727 1784 2780 et
1800 2741 1865 2798 pro·

154 2814 287 2886 Spiritus
311 2811 362 2868 Dei
385 2815 439 2868 est.
457 2810 539 2867 Unde
560 2810 712 2867 scribitur:
729 2833 744 2860 <i
768 2811 893 2869 Nescitis
915 2811 985 2884 quia
1038 2829 1145 2870 vocans
1160 2829 1280 2886 sperare
1306 2811 1437 2878 meliora,
1460 2812 1569 2886 quihus
1598 2813 1782 2886 loquebatur,
1805 2813 1862 2870 ait:

155 2901 305 2975 templum
334 2900 386 2958 Dei
410 2899 491 2967 estis,
520 2897 591 2955 etin
618 2899 699 2956 vobis
717 2899 831 2956 habitat
858 2900 985 2973 Spiritus
1041 2903 1132 2962 «Nou
1147 2901 1502 2975 enimaeocpistieitcrum
1515 2901 1653 2974 spiritum
1668 2899 1821 2959 servitutis
1833 2901 1863 2958 iu

155 2991 278 3048 Deiffin
290 2990 325 3046 ut
337 2989 502 3048 inloannes
513 2987 655 3061 Epistola:
668 3011 683 3039 «
699 2989 730 3044 ln
739 2988 986 3063 hoocognosciiur
1038 2993 1153 3058 timore,
1165 2991 1215 3047 »id
1226 2994 1346 3058 estnon
1357 2989 1553 3046 similitudine
1570 3005 1732 3058 servorum,
1749 2993 1864 3048 metuet

155 3080 237 3137 Dens
250 3079 389 3136 babitans
403 3079 433 3134 in
449 3078 638 3150 quibusdam,
653 3094 721 3134 oum
737 3077 876 3135 manserit
888 3077 920 3134 in
942 3078 984 3134 cis
1038 3081 1315 3152 torrorc'poenarum
1327 3079 1538 3137 vosahstiuetis
1550 3095 1568 3136 a
1581 3077 1760 3152 vitilis,quia
1773 3075 1863 3137 habs·

156 3168 287 3242 Spiritus
296 3183 385 3241 quem
396 3166 512 3224 deditit.
522 3189 536 3217 n
548 3167 589 3222 llx
599 3167 983 3238 quibusomuibusiudisso·
998 3146 1022 3214 G
1039 3170 1078 3227 tis
1090 3169 1173 3226 vobis
1188 3169 1289 3225 datum
1304 3168 1343 3241 (l)
1357 3185 1374 3224 e
1389 3169 1472 3226 Patre
1485 3168 1628 3240 Spiritum
1641 3167 1818 3242 adoptionis,
1829 3169 1860 3226 id

155 3256 272 3315 stabilis
287 3261 377 3329 atque
398 3255 557 3337 indiscrqta
570 3255 722 3312 Trinitatis
746 3255 911 3312 substantie
934 3256 984 3313 de·
1038 3263 1084 3315 ost
1098 3257 1240 3331 Spiritum
1256 3259 1402 3326 eanrrtum,
1419 3256 1469 3330 qui
1484 3256 1547 3330 ipse
1561 3256 1700 3330 Spiritus,
1716 3260 1745 3314 si
1758 3257 1819 3324 Dei,
1837 3260 1866 3313 ot

156 3351 352 3404 menstmtur.
1038 3346 1156 3415 Christi,
1172 3345 1340 3403 etvcritatis
1354 3344 1462 3402 dicitur
1477 3350 1565 3419 atque
1588 3345 1749 3419 sapientia.
1766 3345 1798 3403 Si
1813 3361 1866 3403 eu-

193 3439 239 3492 st.
263 3437 339 3492 Cum
361 3449 431 3508 ergo
451 3433 508 3490 ait:
536 3454 550 3484 α
565 3432 595 3490 Si
619 3432 754 3490 Christus
774 3433 803 3488 in
826 3434 908 3490 vobis
929 3437 983 3502 est,
1039 3440 1098 3492 tem
1115 3434 1241 3508 Spiritus
1255 3433 1439 3507 istcadoptat
1462 3433 1492 3490 in
1507 3433 1583 3490 lilios
1598 3433 1649 3490 uei
1663 3449 1724 3504 eos,
1740 3449 1866 3508 quorum

158 3525 987 3598 corpusquidemmortuumproptcrpeccotnm,»nequa-
1040 3521 1867 3597 dignationesuihabitstoreiiicitur,tibiconsequentium

160 3630 255 3686 quam
276 3613 352 3668 vitiis
375 3611 543 3684 laciviaeque
562 3611 739 3680 deserviens,
760 3612 809 3668 sed
831 3611 888 3686 (96)
913 3629 987 3668 mor·
1041 3629 1130 3686 supcr
1143 3611 1273 3685 potentia
1287 3612 1351 3682 ejus
1363 3610 1588 3684 intelligentiam
1604 3611 1785 3683 derelinquo.
1828 3601 1831 3608 ’

160 3701 308 3758 tilicatnm
325 3705 453 3774 peccato,
483 3717 541 3758 non
573 3705 773 3758 commovetur
794 3702 830 3757 sd
858 3701 942 3758 vitia:
959 3707 988 3758 et
1077 3701 1154 3757 seu
1170 3701 1256 3758 Porro
1271 3697 1661 3771 inhocadopticnisspiritu
1676 3697 1867 3772 clamantqui

160 3805 346 3863 nequaquam
369 3790 426 3847 orit
445 3789 531 3848 vitale
556 3793 683 3863 peccato.
704 3793 864 3863 Postquam
888 3794 986 3846 nutem
1041 3790 1209 3847 habuerunt
1218 3786 1302 3844 illurn
1311 3787 1426 3844 Patrem
1434 3786 1619 3858 Deum,sioul
1631 3787 1758 3844 ostendit
1772 3800 1869 3844 sermo

157 3883 397 3952 corpuspecaato
412 3882 564 3936 mortuum
577 3879 822 3946 tuerit‚Christus
836 3881 865 3936 in
882 3879 988 3952 hisqui
1041 3881 1155 3936 dicens:
1172 3901 1185 3928 «
1204 3879 1235 3934 ln
1252 3893 1310 3950 quo
1334 3876 1512 3934 clamamus:
1538 3876 1632 3956 Abba,
1644 3867 1743 3933 Pater:
1761 3897 1776 3928 a
1802 3875 1867 3950 ipso

161 3967 616 4041 suaoorporsmortiilcavcrunt
633 3984 761 4040 presens
773 3968 913 4041 Spiritum
924 3969 988 4024 viia
1041 3968 1149 4042 Spiritu
1165 3967 1216 4040 qui
1232 3983 1285 4022 uos
1302 3966 1422 4038 adoptat
1436 3965 1466 4021 in
1478 3965 1565 4033 illios,
1580 3965 1783 4023 testimonium
1795 3980 1867 4039 pras·

160 4057 292 4114 ostendit
306 4057 509 4131 perjusiitinm
523 4057 581 4113 eive
590 4057 797 4114 correctionem
806 4058 989 4129 operumvir-
1043 4057 1129 4113 bentc
1143 4053 1367 4128 participatione
1377 4054 1434 4123 sui,
1451 4055 1529 4127 quod
1540 4072 1558 4111 a
1571 4058 1672 4112 nostro
1686 4053 1796 4127 Spiritu
1806 4069 1871 4128 pos·

159 4151 260 4204 tutum
276 4144 499 4210 immortaliuu¹¹
518 4145 577 4201 slve
588 4145 676 4202 iidem
690 4144 759 4202 lesu
773 4146 879 4203 Christi
895 4147 988 4220 (tillia
1043 4145 1165 4214 sidetur,
1182 4143 1252 4216 quia
1266 4142 1318 4198 illii
1345 4141 1396 4199 liei
1419 4159 1534 4200 sumus.
1551 4143 1603 4200 Cui
1629 4156 1813 4214 consequens
1828 4144 1873 4198 set

158 4233 266 4308 hisqui
278 4236 367 4307 Juxta
380 4234 467 4290 iidem
479 4233 784 4290 iltiueoonvsrsantnr.
796 4234 904 4291 Deinde
919 4245 990 4310 Apo·
1043 4235 1136 4290 Deum
1147 4232 1265 4305 quidem
1281 4231 1366 4304 quasi
1382 4235 1505 4303 patrum,
1520 4229 1718 4287 hereditarias
1728 4229 1813 4288 nobis
1827 4229 1871 4285 di·

157 4322 254 4380 stolus
270 4322 330 4379 alio
339 4320 508 4395 syllogismo
521 4321 678 4392 conjuncto
691 4320 792 4388 utitur,
809 4324 887 4394 quod
900 4325 989 4398 signi·
1043 4323 1128 4379 vitias
1144 4319 1302 4378 contulisse
1316 4320 1366 4392 (2),
1382 4318 1548 4393 spiritualia
1567 4319 1659 4388 dons;
1684 4318 1792 4376 Christi
1805 4333 1873 4375 voro

156 4412 298 4468 hemum
312 4410 457 4467 dialectici
471 4411 564 4475 adcisa
579 4414 694 4467 vocent.
716 4412 793 4467 MS
814 4416 842 4467 ct
861 4411 915 4468 ait:
934 4435 948 4463 «
962 4413 990 4469 Si
1044 4411 1208 4468 eohnradee
1222 4426 1276 4466 nos
1303 4425 1377 4478 esse,
1394 4425 1427 4464 eo
1442 4407 1519 4481 quod
1540 4407 1644 4464 iratres
1658 4409 1721 4480 ejus
1734 4423 1786 4481 per
1807 4419 1874 4482 gra·

157 4505 258 4557 sutem
272 4499 401 4574 Spiritus
410 4500 475 4571 ejus
490 4505 542 4573 qul
556 4498 711 4556 suscitavit
725 4499 873 4556 Christum
885 4518 902 4557 a
916 4517 990 4558 mor·
1006 4513 1029 4580 ρ)
1044 4502 1117 4558 tiam
1124 4497 1370 4572 etbeuignitatem
1380 4495 1672 4571 ipsiusappeiiamur.
1685 4495 1801 4553 Erimus
1823 4513 1874 4554 nu·

194 4615 219 4652 ¹⁸
232 4615 245 4670 l
260 4613 323 4671 Pet.
342 4613 477 4684 1,t1,1·t.
493 4615 542 4672 ¹⁹1
564 4615 627 4672 Sor.
645 4632 676 4683 11,
692 4615 739 4671 ll.
755 4615 874 4673 ⁸⁰lCor.
892 4633 933 4684 111,
948 4617 991 4674 io.
1029 4619 1050 4654 ⁸¹
1068 4625 1080 4672 l
1097 4617 1181 4673 ioan.
1198 4630 1236 4683 ιν,
1252 4613 1297 4669 l3.
1330 4613 1353 4648 ⁸²
1378 4613 1439 4669 lac.
1456 4631 1477 4680 r,
1497 4613 1542 4670 ts.
1558 4612 1581 4650 ⁸⁸
1605 4612 1707 4670 Cneeh.
1725 4629 1805 4679 xviri,
1830 4615 1875 4670 20.

198 4731 256 4802 (95)
278 4729 389 4786 lterum
402 4729 507 4786 vitiose
526 4733 598 4801 eret,
614 4734 642 4786 ct
661 4728 743 4785 nullo
759 4747 846 4787 sensu
866 4730 922 4787 vin
938 4750 995 4805 quo
1052 4736 1115 4789 erat
1131 4753 1145 4783 «
1160 4745 1228 4786 cum
1244 4726 1455 4785 immortalium
1470 4727 1637 4785 animabus.
1655 4751 1669 4778 a
1686 4728 1751 4784 illos
1773 4727 1876 4784 eadem

161 4801 321 4874 ait,qusle
334 4805 462 4874 tempus,
478 4823 493 4852 »
510 4806 578 4868 elc.,
598 4805 739 4874 nequent
761 4802 995 4874 Scipturceloous
1050 4808 1133 4860 velus
1162 4801 1231 4858 odit.
1249 4821 1263 4850 «
1290 4799 1518 4873 primogenitum
1542 4799 1626 4856 illum
1656 4798 1879 4855 resurrectionis

162 4873 361 4938 scribebatur,
386 4877 420 4928 ut
441 4872 500 4929 ulia
522 4873 630 4929 menda
654 4873 908 4944 interpunctionis,
925 4881 994 4945 cto,
1050 4874 1316 4936 ostentioneouare
1328 4876 1356 4928 et
1370 4872 1479 4943 quibus
1493 4871 1561 4937 tale,
1578 4892 1592 4920 u
1608 4873 1662 4926 etc.

163 4943 277 5018 quibus
290 4947 371 5000 totus
387 4944 518 5001 scatebat
532 4943 672 5014 hicliber,
688 4943 921 5002 dissimulemus.
1085 4945 1142 5018 (99)
1158 4945 1208 4999 Est
1227 4943 1339 5016 Reginae
1367 4942 1476 4997 codicis
1500 4941 1641 5014 integrior
1663 4938 1748 4994 lectio
1771 4939 1833 4996 haec
1849 4945 1879 4996 st

201 5017 261 5086 (99)
274 5015 366 5071 Vatic.
384 5038 398 5065 a
413 5015 438 5071 si
457 5037 468 5064 r
487 5032 538 5088 pro
554 5039 568 5066 κ
592 5015 653 5071 scd.
681 5039 692 5064 ι
711 5016 746 5072 Ut
769 5031 874 5072 sensus
895 5022 994 5073 tumen
1050 5015 1229 5073 concinnior.
1239 5019 1330 5070 Antea
1340 5018 1401 5068 orat
1413 5012 1616 5068 tantummodo
1630 5033 1645 5060 a
1666 5010 1879 5068 transcenderit

163 5091 321 5158 utcunque
335 5091 448 5142 constet
458 5102 526 5142 curn
541 5103 575 5144 eu
598 5087 685 5143 eriori
702 5085 996 5159 Apostolisentcnlia,
1051 5089 1140 5145 vitam
1157 5083 1613 5156 carnis,etSpirituopcracarnis
1626 5079 1851 5140 mortificaverit.
1862 5105 1877 5133 n

163 5159 290 5241 verbum
310 5156 430 5286 aliguod
446 5103 642 5231 supplcmfum
668 5163 723 5226 est,
740 5163 821 5241 puta,
835 5181 849 5210 «
866 5159 939 5242 illud
954 5159 997 5215 in·
1087 5161 1125 5232 (1)
1140 5157 1232 5214 Vnt«
1249 5156 1417 5236 obstinatas
1430 5153 1519 5237 vitiis,
1531 5154 1581 5236 qui
1594 5153 1709 5236 habetis
1723 5154 1876 5237 vobiscum

162 5229 347 5374 teltlffippuo
383 5230 960 5356 nequaquam,»eto.‚cutpmdsrmrle.
1051 5232 1163 5297 datum,
1182 5232 1266 5294 acto,
1295 5225 1431 5282 derude«
1460 5241 1510 5297 qur
1533 5229 1737 5298 rpseSprritus
1765 5224 1877 5283 Frlnst

309 5300 356 5358 ide
372 5317 444 5356 num
460 5301 560 5357 isthec
575 5301 613 5358 sit
627 5300 767 5373 proterea
792 5318 808 5356 a
824 5301 938 5374 Regina
949 5320 996 5359 co·
1051 5302 1167 5366 Christi,
1184 5305 1212 5356 el
1225 5297 1366 5362 veritatis,
1383 5319 1397 5347 »
1412 5300 1466 5354 eto.

165 5373 245 5430 dicis
264 5371 364 5430 lectio:
381 5395 395 5423 e
412 5372 556 5441 Christus,
574 5373 636 5428 suis
655 5371 771 5454 quisue
788 5389 909 5445 corpora
924 5391 998 5430 mor·
1087 5374 1126 5444 (9)
1141 5371 1213 5427 Cod.
1233 5370 1349 5442 Regina
1365 5391 1379 5421 a
1396 5385 1454 5440 qua
1468 5385 1485 5424 a
1509 5371 1608 5424 nostro
1623 5366 1728 5440 spiritu
1745 5366 1875 5440 posside·

166 5443 750 5518 iificaveruniperprasentemspirrtum
764 5444 853 5498 vitain
870 5445 999 5500 ostendit
1051 5450 1109 5510 tur,
1126 5465 1139 5493 »
1156 5448 1183 5498 el
1200 5439 1286 5514 paulo
1303 5444 1367 5511 post
1385 5457 1452 5495 curn
1479 5439 1568 5496 veteri
1597 5449 1724 5512 quoquc·
1740 5436 1876 5506 editione,

166 5531 222 5589 per
234 5515 385 5589 justitiam
398 5531 537 5588 operum,
551 5516 611 5573 sive
626 5531 679 5588 per
694 5515 900 5573 correctionem
915 5517 997 5573 vitio·
1053 5539 1067 5567 n
1083 5514 1168 5589 quasi
1183 5518 1295 5586 patrem
1311 5510 1502 5568 hereditaria
1518 5510 1613 5576 nobie,
1630 5509 1737 5566 Christi
1750 5525 1818 5568 voro
1832 5527 1876 5567 co·

167 5603 237 5644 mm
251 5586 433 5656 mortalium,
447 5588 507 5645 sive
521 5604 573 5662 par
587 5587 675 5644 iidem
691 5590 761 5643 Jesu
780 5587 896 5657 Christi,
913 5611 927 5638 »
943 5593 996 5644 cic.
1052 5587 1193 5648 haeredcs,
1209 5605 1224 5634 »
1241 5590 1308 5650 eta,
1324 5584 1435 5656 absquo
1450 5582 1523 5652 illis,
1541 5604 1555 5633 a
1575 5581 1694 5638 divitias
1718 5580 1877 5638 contulisse

206 5659 264 5732 (98)
279 5657 322 5716 ltu
335 5658 435 5715 lerunt
447 5661 530 5718 vetus
544 5659 632 5717 aditio
648 5663 677 5715 et
699 5657 814 5731 Regina
831 5675 899 5730 ma,
914 5663 998 5718 antea
1053 5656 1217 5730 spiritualia
1230 5656 1336 5712 donn.»
