4064 6158
177 287 240 357 ssi
413 358 418 367 ,
806 293 840 363 Β.
863 297 1018 366 sussen
1039 298 1262 373 nisantium
1826 311 1885 381 492

183 424 306 500 legendo
321 419 552 496 consistantsed
580 428 612 486 in
636 427 824 506 intelligendo
837 433 855 489 ¹.
887 432 1005 509 Alioqui
1020 441 1048 509 Α
1064 455 1142 498 mam
1158 443 1246 501 refert
1262 462 1269 503 :
1286 451 1316 502 tu
1339 446 1406 517 mei,
1431 451 1459 506 et
1484 465 1537 524 ego
1563 447 1681 508 erroris.
1709 445 1886 526 Utinamque

182 516 207 574 si
222 516 350 574 litteram
374 517 536 590 sequimur,
566 534 725 591 possumus
746 523 774 576 et
809 537 862 579 nos
891 540 1007 598 quoque
1061 529 1135 586 mihi
1150 532 1318 608 sicsamper
1330 536 1480 611 disputare
1494 538 1651 613 contingat,
1664 545 1698 598 ut
1712 541 1747 598 ed
1764 540 1888 599 meliors

181 622 290 664 nevum
305 607 390 664 nobis
405 608 512 681 dogma
527 625 718 682 componere;
735 615 767 668 ut
782 627 950 669 asseramus
975 613 1005 672 in
1061 621 1227 692 proficiens,
1248 625 1382 682 deseram
1406 628 1485 700 quod
1510 626 1586 686 male
1613 629 1760 686 tenebam.
1789 630 1887 687 Unam

180 694 339 754 Ecclesiam
356 713 413 752 non
430 697 621 769 recipiendos,
652 699 700 769 qui
730 697 849 758 calceati
879 701 949 770 sint,
977 706 1006 758 et
1061 711 1158 766 tamen
1175 711 1228 768 tibi
1243 714 1393 786 confiteor,
1410 715 1480 787 quia
1494 734 1591 775 moros
1603 734 1735 776 meorum
1752 719 1886 792 opprime

181 785 255 841 dms
281 784 396 842 timim
420 786 603 844 habeam·
627 788 688 844 N⁰¹¹
719 788 815 845 ⁵0¹⁸OE
845 793 872 846 le
900 790 1005 848 νῑῢῑθθθ
1060 803 1136 872 novi,
1154 801 1423 861 faciliuseosvinci
1445 822 1645 880 possa,quam
1666 808 1848 882 persuaderi.

178 873 339 942 existimes,
355 875 479 932 vicimus
498 876 625 950 utrique,
641 881 764 952 uterque
780 883 913 935 nostrum
939 879 1003 953 pel-

214 1054 396 1126 ¹Desumpto
410 1055 515 1112 iisdem
530 1056 669 1113 verbisex
689 1061 717 1112 S.
730 1056 837 1114 Hilario
867 1059 902 1114 ad
929 1057 1003 1114 Con·
1057 1053 1134 1110 enim
1151 1055 1179 1111 in
1196 1055 1435 1128 prevaricatione
1455 1059 1535 1122 sunt,
1564 1057 1616 1114 sed
1643 1058 1673 1114 in
1702 1057 1883 1115 charitate.»

176 1125 383 1190 stantiumlib.
398 1142 429 1193 ιι,
442 1145 469 1182 n.
486 1127 688 1193 9,sentcntia:
706 1152 720 1178 o
746 1128 807 1184 Scri
831 1134 903 1185 tures
923 1129 1002 1185 enim
1056 1125 1127 1182 Vide
1141 1131 1169 1182 S.
1192 1128 1405 1200 Augustinum,
1428 1127 1552 1200 epistola
1580 1129 1642 1196 12⁰,
1672 1129 1707 1185 “d
1735 1129 1882 1200 cmliii

176 1197 623 1270 noninlcgendosunt,sedin
652 1146 874 1272 intelligentie:
906 1218 1001 1274 neque
1054 1197 1261 1267 Athanasium,
1277 1203 1499 1256 orat.200ntra
1522 1203 1655 1257 Arianos.

406 1361 415 1374 ἱ
1403 1378 1880 1388 m

176 1373 1879 1410 mmm-*-

609 1559 686 1618 2⁰8
707 1559 743 1615 IN
764 1559 897 1618 LIBRUM
915 1557 1200 1626 SUBSDQUENTDM
1220 1558 1436 1616 admonitio.

208 1729 402 1790 Helvidiuses
413 1728 524 1803 aliquot
535 1746 623 1786 sacres
639 1730 796 1802 Scriptura
811 1729 988 1788 testimoniis
1003 1745 1155 1804 perperam
1185 1727 1350 1794 intellectis,
1367 1732 1396 1784 et
1419 1728 1545 1784 duorum
1574 1732 1717 1799 veterum,
1745 1733 1878 1800 Petrum,

172 1817 343 1880 Tertulliani
354 1818 466 1876 scilicet
480 1825 509 1876 et
519 1818 660 1875 Victorini
676 1817 906 1887 Petobionensis,
923 1819 1148 1876 auetoritatibus
1164 1833 1265 1891 porum
1282 1817 1444 1890 perpensis,
1469 1816 1578 1873 librum
1603 1825 1821 1891 composuerat,
1847 1821 1880 1878 in

170 1911 247 1986 quod
264 1909 475 1981 illud'probare
489 1909 692 1974 contendebat,
709 1907 830 1979 lilerium
849 1908 1006 1982 Virginem,
1022 1913 1178 1982 postquam
1189 1908 1291 1964 desum
1307 1907 1357 1963 Dei
1368 1906 1474 1962 Filium
1490 1905 1571 1963 nulla
1586 1907 1716 1964 hominis
1726 1912 1880 1981 operasse

170 1999 299 2074 Spiritus
314 1997 408 2055 sancti
426 1997 705 2070 peperisset,deinde
717 2003 746 2053 et
759 1997 865 2069 ioseph
879 1996 995 2064 merito,
1020 1995 1169 2054 communi
1190 2000 1359 2052 ceterorum
1373 1995 1527 2052 hominum
1544 2011 1634 2062 more,
1661 1995 1737 2054 illios
1766 1997 1881 2071 aliquot

168 2089 317 2163 genuisse,
333 2087 384 2161 qui
400 2090 511 2144 Fratres
525 2087 636 2142 Domini
651 2085 876 2158 appellanturin
894 2085 1057 2157 Evangelio.
1074 2089 1166 2152 Duram
1182 2085 1328 2145 insaniam
1340 2089 1373 2140 ut
1387 2085 1452 2141 luco
1466 2084 1588 2142 rationis
1605 2085 1707 2157 aliquo
1727 2086 1877 2155 obliniret,

167 2191 241 2235 novo
260 2192 358 2234 errore
370 2174 546 2232 cumulavit:
558 2173 704 2246 siquidem
720 2174 904 2232 matrimonio
916 2174 1036 2231 minime
1051 2180 1188 2247 praestare
1199 2174 1392 2248 virginitatem
1414 2173 1547 2238 eilutivit,
1571 2173 1764 2246 adductisque
1792 2192 1879 2250 orgu-

167 2267 355 2338 mcntis,ime
371 2263 865 2336 mendaciis,probareconotuseet.
882 2262 1060 2330 Dratille,ut
1077 2263 1201 2331 videtur,
1232 2279 1247 2319 e
1275 2261 1383 2336 populo
1409 2261 1538 2335 vulgaris
1567 2261 1668 2330 homo,
1696 2263 1877 2334 rusticanus,

167 2359 196 2413 et
218 2353 380 2430 vixprimia
396 2369 513 2426 quoque
524 2353 656 2408 imbutus
672 2352 916 2426 litteris,tnmque
930 2353 1047 2410 obscuri
1063 2351 1201 2419 nominis,
1219 2356 1251 2408 ut
1262 2368 1431 2425 quanquam
1447 2351 1544 2408 Roma
1562 2352 1665 2408 eodem
1680 2367 1714 2408 ao
1737 2351 1878 2427 Hierony-

166 2458 233 2502 mus
245 2449 377 2517 tempcre
391 2443 596 2510 diversaretur,
614 2457 765 2514 nunquam
782 2443 818 2498 da
829 2443 900 2498 lacis
915 2441 1050 2515 cognitus
1066 2440 1107 2496 illi
1119 2441 1217 2513 luerit,
1229 2441 1278 2514 qui
1295 2440 1436 2509 albus,ut
1455 2441 1548 2507 aiunt,
1565 2444 1660 2497 aterve
1688 2445 1776 2508 esset,
1793 2442 1876 2515 igno·

165 2537 253 2591 naret.
270 2529 542 2598 Addittiannadius,
557 2530 703 2595 auxentii,
720 2531 770 2602 qui
786 2531 886 2587 sedern
902 2530 1148 2588 Mediolanensem
1159 2531 1315 2596 invaserat,
1336 2529 1511 2584 Ariauorum
1539 2528 1722 2602 impiissimi,
1745 2529 1876 2603 discipu-

166 2623 238 2689 lum,
251 2626 280 2678 et
289 2619 468 2695 Symmachi,
479 2621 543 2691 ejus
559 2635 664 2692 nempe
676 2619 783 2676 ethuici
800 2620 944 2677 senatoris
955 2619 1006 2693 qui
1023 2618 1220 2675 idololatriam
1246 2617 1364 2691 scriptis
1393 2618 1571 2688 detenderet,
1602 2617 1779 2676 imitatorem
1802 2635 1874 2676 eum

165 2711 321 2769 exstitisse.
341 2711 396 2767 Sed
410 2707 537 2765 meillud
554 2709 695 2764 Gennadii
714 2707 916 2764 testimonium
932 2726 988 2765 non
1013 2725 1073 2765 una
1086 2709 1222 2766 decausa
1244 2711 1341 2764 movet
1355 2712 1383 2764 et
1403 2707 1573 2779 trajectione
1596 2712 1667 2780 puto
1695 2709 1874 2780 gravissima

166 2801 309 2869 laborare,
325 2797 433 2872 thuid
443 2798 521 2854 enim
536 2796 565 2853 in
581 2797 796 2869 respondendo,
812 2797 987 2852 Auxentium
1004 2796 1125 2854 Helvidii
1141 2797 1318 2870 magistrum
1333 2795 1529 2870 Hieronymus
1543 2797 1871 2871 preteriret‘lSvmma-

166 2889 343 2957 cbumvcro,
359 2887 415 2945 nisi
430 2887 708 2952 sinocendianimo,
725 2891 812 2959 atque
827 2887 986 2960 impietate,
1005 2903 1064 2960 qua
1084 2887 1196 2943 ratione
1219 2885 1368 2944 Helvidius
1394 2885 1500 2942 fuisset
1527 2884 1672 2952 imitatus,
1691 2889 1740 2960 qai
1765 2889 1871 2945 librum

164 2991 251 3051 neque
265 2991 396 3042 smnmne,
411 2975 840 3048 nequcrolienenitidvm,quin
865 2975 955 3032 ctiam
986 2974 1100 3032 solmcis
1127 2979 1287 3055 scatentem
1311 2974 1457 3031 ediderit?
1478 2974 1606 3032 Rursum
1633 2979 1658 3031 si
1683 2976 1870 3049 impietatem

163 3069 330 3134 aemulatur,
346 3067 578 3140 quopaetoeum
600 3062 672 3120 dicit
692 3064 861 3121 Gennadius
885 3064 1050 3137 scripsisse,
1072 3065 1222 3135 Religionis
1249 3063 1360 3121 studio?
1388 3064 1450 3121 Non
1480 3064 1543 3120 haec
1565 3080 1636 3122 sane
1650 3069 1736 3122 rectas
1761 3065 1873 3123 rationi

163 3161 334 3221 consonant,
350 3159 384 3211 ut
393 3153 501 3228 pariter
516 3152 614 3210 reterri
631 3153 667 3208 ad
681 3152 844 3209 Helvidium
856 3153 980 3226 possint.

199 3247 277 3304 204
293 3242 470 3317 Djuslibello
485 3242 680 3315 Hieronymus
696 3245 833 3310 recalato
855 3243 992 3312 fratribvs
1016 3241 1135 3298 demum
1167 3243 1328 3315 respondit,
1344 3257 1412 3298 eunt
1444 3245 1543 3298 tamen
1577 3241 1671 3299 iacere
1694 3241 1877 3314 distulisset,

162 3351 197 3394 ne
210 3332 394 3407 respondenda
407 3331 566 3401 diqnasilie
576 3331 653 3400 lieret
669 3333 716 3403 qai
731 3333 895 3386 mercaretur.
912 3331 1014 3388 Pedem
1027 3331 1118 3409 igitur
1132 3329 1304 3396 collaturus,
1313 3335 1464 3402 excerptas
1474 3331 1608 3404 singulas
1619 3330 1747 3389 haretici
1764 3349 1877 3406 propo-

161 3424 287 3482 sitiones
301 3439 336 3479 ex
351 3419 454 3476 ordine
472 3419 638 3492 impugnet,
650 3419 805 3491 Scriptura
820 3419 901 3486 locis,
913 3423 1001 3492 atque
1016 3418 1066 3474 illo
1081 3419 1228 3492 imprimis
1242 3423 1323 3476 Matt.
1341 3437 1360 3486 r,
1376 3419 1423 3485 lS,
1448 3435 1506 3491 quo
1530 3420 1658 3476 manime
1684 3421 1876 3480 adversarius

161 3507 599 3583 abutebatur,expositisritein
616 3523 683 3562 eum
699 3523 830 3576 sensum,
861 3511 892 3562 ut
906 3496 1060 3580 Deiparam
1091 3507 1212 3563 Mariam
1239 3509 1377 3564 continuo
1405 3507 1547 3582 virginem
1575 3508 1747 3582 perstitisse,
1777 3527 1879 3584 neque

161 3597 245 3659 editu
258 3599 417 3663 Salvmtere,
428 3597 525 3652 virum
540 3611 670 3668 unquam
686 3595 868 3669 cognovisse,
885 3613 949 3669 quae
965 3595 1117 3653 catholico
1144 3596 1278 3653 Ecclesia
1303 3597 1376 3654 tides
1403 3601 1458 3664 est,
1485 3596 1725 3656 manifestissime
1748 3602 1877 3674 evincat,

159 3689 330 3764 'liapropter
343 3685 461 3743 titulum
477 3685 552 3742 libro
567 3684 644 3740 iecit.
661 3685 700 3741 De
715 3685 804 3742 bactra
825 3687 923 3744 ituria
950 3687 1111 3757 Virqinitote
1122 3686 1333 3758 perpetuatqui
1357 3701 1474 3742 rursum
1495 3702 1512 3741 a
1533 3685 1683 3742 Gennadio
1711 3685 1820 3743 dicitur
1844 3689 1879 3745 in

164 3777 334 3837 Gorbeiensi
351 3775 622 3845 codireeorcptnset
635 3779 730 3845 protus
744 3775 864 3841 libellus,
895 3777 923 3830 in
953 3791 1004 3849 quo
1025 3775 1184 3832 'catamitus
1212 3777 1399 3832 beatissimam
1427 3775 1542 3831 Mariam
1557 3777 1723 3832 debitrices
1761 3777 1879 3845 Domini

160 3869 249 3926 nostri
273 3869 337 3923 lesa
361 3863 472 3933 Christi,
502 3866 573 3920 sicat
594 3865 729 3934 uirqc'ucm
753 3867 818 3920 ente
843 3868 968 3937 partam,
993 3867 1034 3921 ito
1062 3866 1197 3937 virqincm
1211 3867 1395 3938 permansisse
1407 3868 1468 3937 post
1491 3867 1614 3936 partam.
1635 3865 1717 3930 Quod
1740 3869 1876 3924 veterum

163 3957 275 4030 spectet
289 3952 503 4020 auctoritatem,
516 3952 591 4009 satis
604 3952 692 4008 habet
706 3953 742 4009 de
756 3951 936 4010 Tertulliano
952 3954 1057 4019 dicere,
1071 3969 1138 4016 eum
1151 3951 1443 4009 Ecclesiaehominem
1463 3967 1521 4008 non
1538 3951 1645 4021 luisse;
1671 3953 1722 4008 sed
1746 3952 1876 4010 Victori-

162 4061 234 4103 num
250 4042 491 4100 petabionensem
508 4041 640 4114 ejusdem
664 4058 697 4099 ac
708 4043 894 4100 adversarius
909 4042 1059 4099 sententia
1074 4059 1149 4109 esse,
1165 4045 1320 4115 pernegat:
1336 4045 1399 4097 tum
1414 4040 1519 4098 seriem
1534 4039 1576 4096 ait
1603 4041 1779 4113 scriptorum
1806 4041 1878 4099 inii-

162 4135 254 4192 nita'rn
271 4145 601 4204 commovereseposse,
617 4133 705 4204 atque
720 4149 876 4205 opponere.
888 4131 1019 4204 Denique
1037 4131 1176 4187 multade
1205 4129 1291 4186 laude
1319 4129 1498 4203 virginitatis
1525 4128 1672 4196 edisserit,
1696 4130 1782 4201 cujus
1800 4147 1878 4203 prm-

161 4223 299 4282 stantiam
315 4224 382 4295 post
392 4219 625 4277 luculentissime
635 4220 799 4293 expositum
816 4219 897 4276 Pauli
913 4220 949 4276 ad
960 4219 1124 4277 Corinthios
1139 4219 1356 4284 testimonium,
1371 4235 1406 4274 ex
1418 4217 1589 4291 nuptiarum
1605 4233 1734 4291 quoque,
1744 4235 1809 4292 qnae
1833 4222 1876 4277 ob

160 4313 260 4370 oculos
275 4309 565 4385 ponit,incommodis
579 4309 701 4366 extollit.
718 4309 780 4373 Qua
790 4309 867 4365 dere
882 4323 949 4364 cum
966 4309 1002 4364 ad
1020 4307 1242 4365 pammachium
1264 4311 1329 4378 post
1339 4323 1431 4363 annos
1444 4307 1546 4363 decem
1560 4305 1709 4376 scriberet,
1720 4306 1806 4380 epist.
1822 4309 1874 4394 48,

161 4413 244 4458 num.
258 4401 311 4456 l‘l:
326 4421 339 4450 o
356 4399 432 4455 Dum
449 4399 604 4464 adviveret,
619 4397 726 4471 inquit,
737 4403 844 4453 sancte
859 4397 1006 4453 memoris
1023 4399 1177 4465 Damasus,
1194 4395 1301 4452 librum
1314 4400 1415 4451 contra
1431 4394 1596 4452 Helvidium
1614 4396 1650 4451 de
1665 4396 1756 4452 beatae
1771 4395 1876 4454 Mariae

159 4484 333 4561 Wrginitate
342 4491 482 4559 perpetus
492 4486 676 4558 scripsimus,
692 4486 722 4540 in
733 4500 790 4554 quo
804 4499 923 4542 necesse
947 4485 1003 4541 init
1027 4485 1113 4541 nobis
1135 4486 1171 4541 ad
1199 4483 1379 4556 virginitatis
1403 4484 1618 4541 beatitudinem
1640 4483 1876 4557 predicandam,

160 4575 299 4633 multade
310 4573 453 4630 molestiis
468 4574 563 4631 dicere
574 4573 754 4645 nuptiarum.
780 4573 856 4629 Num
882 4574 926 4630 vir
944 4574 1090 4648 egregius,
1117 4575 1146 4629 et
1165 4572 1300 4630 eruditus
1315 4572 1345 4628 in
1374 4573 1548 4646 Scripturis,
1568 4575 1597 4628 et
1623 4571 1705 4646 virgo
1734 4572 1877 4633 Ecclesiae

104 4649 109 4655 ¹
158 4661 281 4738 virginis
295 4661 409 4728 Ductor,
426 4659 537 4734 aliquid
552 4661 582 4716 in
594 4659 643 4718 ilio
659 4677 793 4718 sermone
809 4661 1016 4735 reprehendit?
1032 4684 1047 4713 r

196 4753 238 4810 Dr
248 4751 303 4808 heo
313 4748 480 4808 testimonio
491 4747 576 4806 facile
590 4749 679 4806 etiam
695 4748 851 4823 colligitur,
868 4767 925 4824 quo
940 4756 1072 4825 tempore
1087 4749 1273 4824 conscriptus
1292 4749 1331 4806 sit
1344 4748 1427 4807 liber.
1443 4751 1554 4823 Nempe
1569 4753 1693 4807 exeunte
1714 4765 1793 4807 anno
1814 4751 1876 4809 384

158 4846 337 4902 exustarum
350 4838 620 4913 martyrologiorum
631 4837 687 4894 lide
701 4839 845 4895 Damasus
855 4839 946 4896 obiit:
964 4839 1158 4914 Hieronymus
1173 4839 1250 4911 apud
1262 4839 1422 4896 Damasum
1435 4856 1493 4896 nou
1509 4843 1576 4896 autc
1605 4840 1692 4896 iidem
1720 4839 1790 4896 anni
1813 4840 1877 4898 382

158 4935 257 4987 Deme
271 4934 317 4987 est
331 4930 507 4992 diversatus,
524 4928 774 5000 quemadmodum
785 4927 815 4984 in
831 4928 1108 5001 epistolarumltlet
1123 4931 1160 4986 20
1173 4928 1389 5002 chronologicis
1418 4929 1599 5002 argumentis
1624 4929 1780 5002 probatam
1810 4934 1874 5000 est,

158 5017 273 5074 Biennii
298 5028 407 5086 sutem,
424 5017 502 5091 quod
518 5017 680 5082 intercedit,
691 5018 818 5090 priorem
830 5035 940 5074 annum
957 5019 1017 5074 sive
1047 5020 1101 5075 383
1115 5019 1158 5074 illi
1178 5019 1389 5092 assignandum
1420 5019 1527 5076 evincit
1554 5017 1756 5076 testimoninm
1778 5018 1876 5078 hocce

158 5103 432 5186 alterumexepist.
449 5111 500 5164 22:
518 5107 639 5176 Qvantae
652 5106 1057 5178 molestiasbobcootnaptiae,
1078 5111 1103 5163 et
1126 5111 1189 5181 quot
1216 5107 1450 5165 sollicitudinibus
1477 5108 1645 5174 oirrcicctur,
1676 5109 1708 5164 ia
1733 5123 1764 5163 co
1794 5105 1876 5167 libro

158 5194 595 5266 qaemcdvsrsaslielcidiamde
615 5201 646 5252 D.
675 5197 771 5254 Derim
798 5203 928 5268 perpetua
952 5197 1113 5268 oirqinitcte
1137 5197 1285 5266 edidimus,
1310 5205 1377 5268 pato
1402 5195 1518 5252 breuiter
1544 5213 1712 5269 expressam.
1726 5181 1877 5255 ‘Pertinet

159 5281 237 5338 caim
253 5281 304 5338 illa
314 5283 451 5355 Epistola,
469 5288 501 5340 ut
511 5303 564 5342 suo
579 5285 642 5342 loco
657 5285 853 5350 ostendimus.
868 5285 903 5342 ad
919 5285 988 5341 anni
1003 5285 1056 5342 384
1066 5286 1193 5360 priorem
1209 5289 1339 5360 partem;
1361 5284 1498 5358 huncque
1534 5286 1618 5356 adeo,
1647 5301 1736 5360 quem
1764 5283 1877 5344 laudat

160 5374 262 5432 contra
273 5369 438 5430 Helvidium
454 5371 574 5442 libram,
588 5374 710 5446 jamque
719 5375 755 5431 ad
766 5374 845 5448 vulgi
862 5388 968 5430 manus
982 5373 1074 5431 luisse
1090 5374 1211 5441 indicat,
1228 5372 1371 5446 superiori
1382 5373 1577 5448 aaaoportset
1595 5373 1714 5432 ascribi.
