4078 6162
134 257 191 322 Ν
561 257 756 324 DIALOGUS
778 255 937 322 contet
956 255 1215 322 adtendimus.
1231 292 1271 307 -
1283 259 1356 322 LlB.
1381 261 1406 323 l.
1775 249 1837 325 stt

131 391 241 450 munde
257 395 316 459 cst,
332 391 358 449 si
373 391 538 450 masculum
549 393 705 466 pepererit,
717 391 821 449 diebus
832 391 959 465 quadra·
972 392 1000 457 Α
1015 408 1073 446 nun
1090 394 1244 449 mundabit
1264 409 1358 459 reum,
1375 417 1389 445 n
1415 395 1492 466 quod
1520 393 1631 451 scilicet
1654 395 1743 452 eliam
1769 399 1837 468 post

129 482 227 556 ginta;
246 481 271 538 si
288 481 440 552 laminam,
458 481 561 538 diebus
576 483 733 555 octoginta.
747 482 956 537 docrrsacrea·
1012 480 1236 553 indulgentiam,
1253 499 1320 540 reus
1337 483 1508 555 eitpreprine
1535 483 1728 542 conscientie.
1750 483 1835 542 Cum·

130 576 232 641 mrem,
248 587 303 627 cur
318 570 507 628 immundum
535 571 696 644 quidquam
722 570 854 626 nominet
878 569 956 642 quud
1013 571 1138 642 queail,
1148 571 1325 643 ignoraverit
1335 573 1721 646 populus,etfeceritunum
1733 591 1768 631 ex
1786 575 1834 632 his

129 661 192 734 ipse
205 659 348 716 condidit.
369 660 404 716 tit
418 659 583 716 noeentum
594 653 884 732 ipsaimmundaeat,
906 659 957 714 sed
1013 674 1077 729 qua
1087 661 1179 716 lucere
1190 677 1246 716 non
1256 662 1366 728 debuit,
1376 666 1443 733 post
1453 661 1691 718 caeremoniarum
1710 662 1832 737 longum

131 753 161 808 at
174 764 264 812 omne
282 749 359 822 quod
384 747 537 820 tetigerit:
563 770 577 798 n
602 750 733 820 Cumque
751 749 825 818 dies,
849 747 956 820 inquit,
1013 748 1145 804 ordinem
1161 750 1285 806 infertur
1299 755 1327 806 et
1342 750 1471 806 dicitur:
1490 773 1504 800 «ι
1519 751 1624 806 otterte
1640 749 1755 806 hircum
1785 769 1833 809 ea-

132 837 314 916 purgationis
327 838 394 909 ejue
418 837 556 910 completi
583 837 692 894 luerint
714 853 804 909 super
822 834 882 892 tilio
907 840 958 892 aut
1014 853 1134 909 prarum
1162 855 1214 910 prc
1241 843 1368 912 peccate,
1399 845 1428 895 et
1454 838 1581 911 placabit
1616 839 1751 896 sacerdos
1780 857 1834 913 pro

138 926 210 994 iiiia,
225 927 319 983 offeret
338 943 450 998 agnum
475 925 648 984 anniculum
668 923 904 992 immaculatum,
929 929 958 980 et
1013 927 1093 981 omni
1110 944 1258 1001 synagoga
1274 928 1400 984 filiorum
1417 928 1516 998 lsrael,
1533 932 1561 983 et
1575 928 1783 1000 propitiabitur
1808 928 1834 986 ei

138 1014 893 1088 pultumcolumbarum,etturturempropeceato,
920 1014 957 1070 ad
1011 1014 1163 1084 Dominus,
1184 1016 1254 1088 qaia
1278 1016 1444 1090 ignorantia
1467 1021 1533 1072 est:
1563 1021 1592 1072 et
1616 1017 1672 1089 ipsi
1712 1018 1835 1075 alienent

136 1105 240 1162 omum
257 1103 440 1161 tabernaculi
455 1104 616 1161 testimonii
630 1103 773 1160 sacerdoti
785 1105 805 1174 ¹,
821 1103 871 1175 qui
892 1103 958 1158 otle-
1012 1103 1187 1160 oblationem
1203 1122 1288 1162 suam
1302 1106 1331 1160 in
1347 1105 1525 1162 sacrificium
1547 1105 1670 1162 Domino
1694 1123 1746 1179 pre
1771 1123 1834 1180 pec·

130 1195 172 1250 ret
185 1209 221 1250 ea
234 1192 267 1248 iu
282 1199 442 1267 conspectu
456 1192 584 1263 Domini,
598 1198 627 1249 at
637 1192 766 1266 expiabit
781 1209 833 1265 pro
855 1208 888 1247 ca
910 1209 956 1248 sa·
1012 1197 1076 1249 cate
1092 1211 1145 1249 suo
1166 1194 1195 1248 in
1218 1199 1374 1266 conspecto
1400 1194 1474 1265 ejus,
1500 1194 1640 1266 quoniam
1664 1194 1834 1253 nescierunt

128 1283 342 1356 eemcstteoit.
364 1299 416 1350 xrr,
440 1285 459 1340 6
481 1285 577 1355 sepe).
600 1303 614 1332 a
639 1281 679 1338 De
701 1282 815 1355 leproso
840 1297 957 1353 quoque
1011 1283 1169 1353 (litamen,
1189 1285 1233 1352 28,
1255 1285 1336 1355 29).»
1360 1283 1461 1354 Ibique
1484 1283 1622 1340 additur:
1649 1307 1662 1333 a
1683 1284 1711 1340 Si
1734 1286 1833 1345 anima

126 1371 245 1440 dicitur,
260 1372 340 1444 quod
357 1371 387 1426 in
404 1372 450 1428 die
466 1371 648 1444 purgationis
663 1372 727 1443 ejus
741 1371 881 1427 offeratur
904 1387 957 1442 pro
1012 1372 1242 1444 unapeceaverit
1268 1389 1320 1444 per
1347 1373 1554 1444 ignorantiam,
1584 1373 1684 1430 offeret
1713 1390 1831 1447 capram

126 1460 366 1533 eovietimapm
390 1467 520 1533 peccato,
545 1461 663 1532 duoque
684 1464 816 1516 turtures
841 1467 871 1516 st
898 1460 956 1515 duc
1012 1460 1557 1534 anniculampropeecatoignorantire
1579 1479 1676 1518 coram
1696 1462 1831 1532 Domino,
1885 1471 1899 1480 “

124 1547 201 1623 pulli
216 1549 424 1606 columbarum
441 1567 448 1605 ι
465 1565 544 1606 uuus
560 1565 612 1622 pre
632 1553 761 1621 peccato,
778 1547 893 1605 aliusin
905 1548 956 1604 bo·
1012 1555 1040 1605 et
1055 1550 1258 1622 deprecabitur
1272 1568 1323 1622 pro
1339 1567 1373 1607 ea
1386 1551 1522 1606 sacerdos
1538 1567 1571 1606 eo
1588 1552 1663 1622 quod
1680 1551 1834 1624 ignorave-

125 1639 295 1696 lueeustum
321 1641 419 1709 (benit.
441 1639 631 1710 atellano).
653 1639 686 1694 iet
712 1639 762 1710 qui
785 1639 956 1694 iluxumse·
1012 1639 1059 1706 rit,
1085 1656 1135 1711 pro
1161 1644 1278 1712 peccatu
1306 1639 1477 1712 ignorantiae
1506 1657 1604 1696 coram
1634 1640 1768 1711 Domino,
1805 1647 1834 1698 et

126 1728 217 1784 minis
232 1729 355 1800 patitur,
371 1727 472 1784 eodem
483 1727 618 1783 sacrificii
636 1727 737 1782 ordine
763 1743 814 1797 pro
839 1731 955 1800 peccato
970 1761 995 1827 B
1011 1728 1124 1800 rogabit
1138 1745 1189 1800 pro
1205 1745 1248 1796 eu,
1272 1734 1300 1784 et
1326 1729 1532 1801 propitiabitur
1555 1730 1580 1785 ei
1609 1729 1703 1802 (Leoit.
1731 1747 1768 1798 iv,
1798 1733 1835 1786 27

125 1822 153 1876 et
167 1816 345 1874 holocausto
360 1815 503 1873 liberetur
515 1817 610 1887 (teuit.
627 1833 678 1882 xri,
698 1817 716 1870 7
740 1815 836 1888 nepa).
862 1817 896 1872 tit
919 1817 955 1872 ad
1011 1819 1095 1890 seqq.)
1112 1840 1126 1868 n
1143 1819 1173 1873 ln
1190 1818 1327 1874 Kalendis
1343 1817 1527 1890 singulorum
1546 1818 1691 1874 mensium
1714 1819 1834 1876 offertur

126 1909 292 1964 cuminum
308 1904 436 1962 insertur
452 1922 485 1960 :a
499 1903 664 1960 'timoratos
676 1903 761 1960 tacite
774 1903 850 1960 filios
867 1903 956 1960 lsrael
1012 1907 1112 1963 hircus
1127 1923 1281 1979 caprarum
1298 1924 1350 1980 pre
1370 1912 1486 1980 peceato
1511 1908 1644 1963 Domina.
1671 1909 1703 1963 ln
1720 1908 1833 1966 Pascha

125 1996 164 2052 ab
195 1993 395 2052 immunditiis
410 1993 484 2059 suis,
495 1997 523 2050 ct
534 2010 592 2050 uon
604 1993 766 2049 morientur
776 1997 956 2066 propeccato
1011 2011 1128 2068 quoque
1142 1996 1266 2067 perdies
1283 2001 1357 2065 octo,
1375 1996 1451 2053 adie
1468 1997 1698 2068 decimoquarto
1722 1999 1835 2056 mensis

129 2099 204 2150 suo,
219 2082 243 2138 ei
259 2082 518 2140 contaminaverint
540 2081 763 2140 tabernaculum
790 2081 957 2138 tastamenti
1010 2086 1097 2157 primi
1115 2102 1207 2157 usque
1222 2087 1258 2141 ad
1289 2086 1364 2141 735
1389 2085 1562 2140 uicesimum
1588 2085 1717 2157 primum
1743 2088 1834 2160 diem,

130 2174 236 2245 (Levat.
251 2189 295 2240 xv,
311 2173 363 2246 31).
383 2195 396 2224 n
415 2171 473 2246 lpsi
485 2187 603 2245 quoque
617 2178 714 2230 Aaron
730 2173 907 2246 precipitur,
925 2178 957 2228 ut
1011 2175 1186 2230 sacrificium
1204 2191 1254 2246 pro
1270 2178 1386 2246 peccato
1406 2179 1459 2230 est.
1483 2175 1513 2228 ln
1541 2175 1709 2230 Pentecoste
1733 2175 1833 2233 hircus

127 2278 189 2318 uon
202 2261 283 2318 omni
300 2267 427 2334 tempore
456 2261 638 2333 ingrediatur
662 2261 691 2316 in
712 2262 819 2318 Sancta
845 2266 957 2318 sancto·
1010 2280 1063 2336 pre
1078 2267 1196 2336 peccato
1211 2263 1340 2330 offertur,
1356 2262 1424 2318 etin
1435 2261 1571 2318 Kalendis
1582 2262 1691 2318 mensis
1700 2264 1832 2336 septimi,

124 2351 352 2418 rum,nelcrte
371 2349 526 2407 moriatur.
547 2375 561 2401 a
591 2351 734 2424 Cumque,
758 2352 808 2418 ait,
832 2350 957 2407 veluerit
1011 2352 1127 2424 quando
1148 2351 1288 2407 tubarum
1318 2349 1437 2423 clangor
1461 2349 1598 2417 concinit,
1626 2351 1727 2406 eadem
1758 2352 1834 2408 hirci

124 2443 248 2507 intrare,
264 2439 502 2496 oileratvitulum
515 2455 567 2512 pro
584 2443 710 2512 peceato,
725 2445 754 2494 et
781 2439 901 2496 arietem
925 2439 955 2494 iu
1009 2459 1061 2514 pro
1074 2445 1189 2514 peccato
1205 2439 1305 2512 religio
1321 2438 1579 2496 conservaturum
1590 2440 1828 2512 quoquedecimu

123 2527 800 2600 holocaustum,duosquebircoeaccipiatab
820 2528 955 2584 universo
1010 2531 1142 2602 ejusdcm
1171 2529 1282 2585 mensis
1306 2527 1435 2600 septimi,
1465 2527 1583 2600 quaudo
1606 2527 1755 2599 jejunium
1787 2533 1832 2586 est

123 2617 257 2694 papulo;
275 2617 661 2690 uuumexcieoifaratprc
692 2622 809 2690 peccato
834 2635 897 2686 suo,
928 2623 957 2674 et
1010 2617 1580 2692 usqueadvesperam,offerturhircue
1603 2634 1758 2690 caprarum
1780 2636 1832 2692 pro

124 2725 222 2766 uuum
237 2722 291 2780 pro
307 2711 427 2779 peccato
442 2705 553 2779 pupuli,
571 2711 599 2762 et
619 2706 738 2762 arietem
763 2707 792 2762 in
818 2706 956 2763 bolecau·
1010 2713 1137 2781 peccato,
1154 2713 1257 2780 praeter
1272 2723 1339 2764 eum
1353 2706 1479 2774 hircum,
1491 2706 1618 2778 quiante
1630 2707 1833 2764 holocaustum

126 2795 575 2868 stumltcctt.xvr‚2saqq.).s
604 2797 681 2852 m
702 2795 782 2852 Alter
806 2795 955 2853 hircorum
1010 2801 1191 2870 propeccato
1220 2814 1254 2852 ex
1277 2795 1339 2866 lege
1360 2799 1514 2852 mactatur.
1534 2796 1566 2849 lu
1587 2795 1690 2850 diebus
1715 2813 1832 2870 quoque

126 2891 233 2944 cuncta
246 2889 371 2958 peecata
384 2884 509 2957 suscipit
533 2884 634 2957 populi
656 2885 686 2940 in
711 2889 812 2957 typum
840 2884 957 2941 Domini
1010 2886 1204 2959 scenopegiae,
1221 2883 1722 2958 quandofigebanturtabcrnacula,
1745 2902 1762 2941 a
1786 2886 1834 2942 die

125 2975 298 3042 Sdsatcris,
314 2974 482 3031 stellantia
498 2972 687 3030 solitudinem
702 2991 708 3041 ;
725 2978 754 3030 at
769 2974 810 3030 sic
826 2974 958 3046 placatur
1010 2977 1122 3032 decimu
1138 2976 1241 3047 quinto
1253 2974 1385 3045 ejusdcm
1401 2973 1512 3030 mensis
1539 2972 1655 3045 septimi
1677 2989 1770 3046 usque
1794 2974 1831 3030 ad

128 3071 205 3124 Deus
221 3064 303 3122 amni
320 3061 514 3119 multitudini.
530 3063 573 3118 nd
589 3067 752 3119 extremum
764 3063 888 3118 dicitur:
901 3085 915 3112 a
926 3062 955 3119 Si
1010 3067 1088 3121 diem
1103 3065 1274 3120 vicesimum
1301 3063 1475 3130 secundum,
1501 3063 1577 3118 inter
1600 3061 1673 3118 alias
1697 3063 1831 3120 victimas

127 3154 288 3212 comederit
302 3151 394 3208 bomo
408 3151 444 3207 dc
463 3152 653 3208 sanctificetis
676 3167 728 3224 per
747 3132 991 3224 ignorantiamC
1012 3171 1128 3227 semper
1153 3170 1204 3225 pru
1233 3159 1348 3226 peccato
1378 3152 1478 3208 hircus
1494 3152 1678 3218 offerebatur,
1703 3157 1735 3206 ut
1757 3150 1830 3208 illud

127 3245 295 3317 imputatur
309 3240 336 3297 ei
351 3239 494 3312 iniquitas
509 3244 596 3313 atque
612 3240 763 3310 delictum,
775 3245 804 3296 et
819 3242 876 3296 voti
891 3257 958 3297 rcus
1012 3244 1170 3316 impleatur
1188 3242 1265 3298 beati
1281 3241 1393 3300 David:
1424 3263 1438 3292 u
1468 3241 1530 3296 Tibi
1565 3239 1619 3296 soli
1642 3241 1779 3312 peccavit,
1807 3244 1837 3298 ot

128 3331 188 3388 erit
203 3331 297 3404 (iecit.
312 3347 365 3397 x11,
387 3328 444 3400 ti).
478 3353 489 3382 ι
522 3327 604 3385 Unde
629 3334 658 3385 et
678 3331 836 3402 Apostolus
860 3334 959 3386 monet
1013 3331 1233 3388 malumcoram
1249 3337 1278 3387 te
1293 3331 1356 3399 leci,
1373 3330 1587 3402 utjustideeris
1603 3329 1633 3384 in
1649 3329 1836 3386 sermonibus

132 3419 350 3478 Eucharistiam
366 3417 483 3474 Domini
496 3434 564 3474 cum
579 3417 959 3487 cautionesumendam,ne
1013 3420 1479 3491 tuis,etvineuscumjodicaris
1506 3419 1593 3490 (Paul.
1625 3435 1650 3483 e,
1675 3419 1713 3490 5).
1740 3441 1754 3468 »
1781 3419 1837 3475 Sex

135 3509 169 3564 in
179 3507 452 3564 condemnationem
463 3507 960 3579 nobiseumamusatquejudieium
1015 3511 1115 3568 civitae
1135 3510 1284 3582 eliguntur
1303 3509 1397 3565 exsilii
1423 3523 1535 3576 eorum,
1551 3507 1601 3578 qui
1627 3523 1684 3561 non
1721 3511 1834 3579 sponte,

137 3597 163 3664 (l
181 3595 233 3650 Gor
248 3611 290 3660 xi,
303 3595 348 3658 27,
360 3597 414 3666 28),
431 3595 461 3652 Si
477 3595 677 3653 damnatoria
696 3595 761 3669 lege
783 3595 961 3668 ignorantia,
1014 3599 1064 3655 sed
1082 3615 1133 3666 per
1147 3598 1354 3672 ignorantiam,
1371 3596 1415 3652 vel
1427 3598 1508 3668 jactu
1523 3595 1638 3666 lapidis,
1659 3594 1703 3650 val
1728 3593 1837 3666 impul-

141 3687 257 3756 queuto
272 3683 362 3755 magis
376 3683 403 3740 iu
416 3683 567 3757 evangelio
582 3683 780 3740 conscientia!
1016 3688 1097 3744 sicne
1112 3703 1229 3754 monus,
1240 3685 1368 3755 veljoeo,
1388 3684 1432 3740 uel
1461 3683 1580 3738 lascivia
1603 3683 1713 3754 absque
1737 3681 1837 3737 inimi-

177 3773 222 3832 ὦ.
236 3773 282 3830 Ex
292 3773 473 3830 danercrum
487 3773 567 3830 titre.
583 3773 829 3830 —Transeamus
849 3773 885 3828 ad
902 3773 961 3829 Nu·
1016 3776 1104 3843 cittis,
1119 3774 1289 3831 infelicitate
1300 3773 1399 3846 magis
1413 3789 1501 3844 quam
1522 3771 1670 3826 voluntate
1698 3785 1838 3843 peceave-

134 3879 245 3930 mcros,
261 3863 337 3920 etcb
348 3861 598 3920 contentiosorum
610 3863 826 3935 impudentiam
838 3863 964 3918 retutan·
1017 3867 1096 3934 runt,
1112 3868 1141 3920 et
1152 3868 1247 3918 tamen
1263 3878 1320 3917 non
1337 3861 1448 3932 absque
1464 3859 1587 3916 erimine
1599 3863 1678 3928 sunt,
1699 3861 1769 3914 dum
1794 3875 1839 3915 re·

20 3977 21 3980 ¹
134 3953 217 4022 dem,
230 3968 351 4010 summa
367 3968 490 4025 queque
504 3967 671 4023 carpamus.
683 3952 836 4008 Nazaraeus
862 3955 963 4008 saneto
1017 3952 1152 4026 legantur
1166 3952 1197 4006 in
1212 3956 1396 4023 perpetuum,
1417 3954 1447 4005 ct
1461 3953 1527 4006 ante
1542 3949 1734 4006 constitutum
1750 3949 1840 4021 diem,

136 4043 219 4101 crine
230 4041 422 4109 venerabilis,
437 4039 558 4098 alterius
573 4040 671 4098 subite
682 4045 775 4097 morte
788 4039 962 4110 maculatur,
1018 4059 1071 4099 nec
1087 4041 1310 4114 supplicatione,
1326 4055 1378 4095 nec
1392 4039 1484 4111 pretio
1509 4055 1611 4094 eorum
1634 4038 1759 4094 reversio
1784 4039 1839 4094 im·

135 4135 166 4190 et
180 4147 284 4192 omncs
297 4130 364 4188 dies
391 4130 619 4187 consecrationis
640 4131 705 4201 ejus
729 4129 866 4202 praeteriti
890 4129 965 4185 irriti
1019 4131 1125 4206 petraei
1140 4134 1169 4186 et
1179 4128 1282 4186 redimi
1296 4132 1401 4201 potest.

136 4222 237 4280 tuat:
253 4223 418 4293 posteaque
434 4235 486 4290 pro
505 4235 538 4276 eo
558 4218 721 4277 offeruntur
745 4219 803 4274 duo
825 4222 964 4285 turtures,
1055 4222 1100 4277 36.
1116 4223 1157 4276 Ea
1177 4221 1392 4275 Deuteronomio.
1409 4249 1442 4260 -
1466 4217 1497 4272 ln
1531 4215 1765 4282 Deuteronomio,
1792 4214 1844 4287 qui

134 4319 160 4366 et
178 4309 237 4368 duo
249 4307 326 4383 pulli
352 4307 568 4379 columbarum,
598 4324 676 4364 unus
701 4323 753 4380 pro
778 4311 907 4380 peccate,
938 4311 967 4364 et
1020 4311 1095 4366 liber
1110 4309 1320 4382 preteritorum
1336 4305 1519 4364 enumeratio
1543 4308 1598 4370 est,
1622 4304 1778 4376 perspicue
1795 4304 1844 4360 de·

134 4399 210 4456 alter
225 4399 255 4456 in
271 4397 493 4456 holocaustum.
511 4397 542 4454 in
567 4397 614 4453 die
635 4413 752 4469 quoque
776 4413 964 4452 cousumma-
1021 4403 1214 4464 monstratur,
1228 4414 1285 4454 non
1302 4399 1331 4453 iu
1345 4397 1483 4469 operibus
1494 4394 1604 4451 nostris
1621 4398 1708 4466 atque
1719 4392 1842 4465 justitia,

134 4487 226 4546 mnis
240 4487 308 4558 ejus
323 4485 553 4558 olierturagnus
568 4485 778 4542 inbolccausto
789 4490 966 4558 etagnapro
982 4503 1004 4568 Ι)
1021 4490 1071 4545 sed
1087 4489 1137 4545 Dei
1152 4487 1351 4544 misericordia
1372 4503 1425 4543 uos
1450 4485 1627 4552 conservari,
1655 4483 1768 4540 dicente
1790 4487 1845 4540 Do·

135 4581 266 4648 peceato.
283 4576 320 4632 Et
335 4579 403 4648 post
417 4573 512 4634 multa
526 4575 724 4648 scriptumest
739 4575 821 4646 (llum
834 4591 893 4642 xiv,
920 4574 966 4642 ti,
1026 4579 1105 4635 minc
1121 4596 1172 4651 per
1187 4579 1305 4650 blopsen
1323 4593 1330 4633 ε
1349 4599 1362 4626 a
1378 4577 1418 4632 Ne
1433 4575 1514 4630 dicas
1529 4574 1557 4630 in
1583 4573 1668 4629 corde
1691 4577 1753 4644 tuo,
1777 4587 1846 4628 cum

136 4667 182 4734 18)
201 4683 241 4721 :a
269 4665 306 4723 iit
336 4679 415 4720 uunc
442 4663 646 4736 magnificetur
670 4663 814 4719 tortitudo
843 4662 970 4729 Domini,
1024 4667 1199 4724 subverterit
1214 4683 1264 4722 cos
1279 4665 1421 4722 Dominus
1441 4665 1519 4720 Deus
1543 4668 1614 4719 tuus
1639 4678 1655 4718 a
1679 4663 1751 4718 lucie
1775 4665 1847 4718 tua:

140 4751 219 4808 Sicut
232 4751 350 4810 imatus
362 4753 435 4822 θεῖ’,
451 4751 564 4816 dltenfl·
579 4751 723 4808 DOmissus
738 4750 919 4823 longanimis
943 4755 973 4807 el
1025 4759 1055 4814 lu
1069 4755 1190 4828 justitia
1206 4772 1270 4812 mea
1285 4755 1449 4811 introduxit
1462 4769 1509 4810 me
1526 4751 1682 4818 Dominus,
1698 4755 1731 4806 ut
1754 4749 1851 4822 possi-

138 4838 243 4898 muite
255 4839 475 4908 misericordie,
493 4839 628 4898 auterens
650 4839 834 4912 iniquitatem
857 4843 886 4896 et
907 4856 972 4896 sce·
1025 4848 1232 4904 deamterrnm
1263 4843 1348 4912 hune,
1378 4843 1449 4915 quia
1478 4844 1506 4898 in
1537 4840 1688 4913 impietate
1718 4838 1849 4912 gentium

135 4929 256 5000 1911,οὶ
276 4931 428 4988 mundani
451 4947 510 4986 ⁰0¹1
537 4929 622 4986 saliti
647 4929 850 4996 ῑΰῦθῦθῦῑθῐῃὶ
877 4951 891 4978 ”
918 4945 970 4999 7Ρο
1025 4937 1148 4992 istarum
1164 4934 1306 4990 Dominus
1322 4937 1477 4989 consumet
1492 4947 1542 4986 eos
1564 4947 1580 4984 a
1607 4927 1679 4984 facie
1694 4931 1764 4984 tua:
1791 4943 1850 4984 non

29 5069 30 5115 l
133 5037 194 5093 quc
210 5018 596 5094 septuagintainterpretati
612 5023 692 5086 sunt,
714 5037 724 5066 ι
741 5017 776 5072 Et
801 5017 969 5090 emundans
1025 5025 1055 5082 in
1068 5025 1184 5096 Justitia
1195 5029 1255 5093 tua,
1273 5027 1300 5078 ct
1315 5023 1473 5078 directione
1489 5019 1552 5090 idi:
1569 5017 1743 5088 delectione}
1754 5017 1851 5075 cerdis

169 5145 636 5213 ’ῩῦῑῑῡᾹῶΜΜΘΜῐιΓΘΠΰΘΜΘ
661 5141 760 5200 Giffl⁰⁰
788 5143 837 5194 eoi
868 5159 971 5215 μαΡῗυ·
1027 5152 1142 5224 legitur,
1159 5149 1321 5218 inultumque
1335 5148 1480 5202 innoxiam
1495 5143 1696 5213 derelinquens.
1725 5145 1755 5198 ln
1786 5143 1850 5214 ipsc

131 5215 209 5298 flas·
1027 5224 1332 5288 detractauerunt
1353 5205 1391 5279 tib
1410 5225 1490 5304 opu,
1514 5231 1578 5288 quae
1594 5214 1700 5270 reddas
1728 5218 1753 5269 ct
1770 5216 1849 5272 inno·

166 5305 340 5363 ’flendose
355 5308 514 5362 antenerat
527 5304 615 5360 etiam
632 5303 662 5358 in
691 5319 764 5360 mss.
791 5302 898 5358 loeutus
921 5309 972 5357 cst.
1026 5293 1396 5365 mammaemammal
1413 5290 1570 5345 incaenium.
1591 5287 1620 5342 ln
1636 5286 1735 5343 Gracc
1752 5292 1851 5343 autem

131 5379 249 5436 Textus
265 5394 294 5432 es
311 5375 399 5432 babet
414 5377 442 5431 in
459 5375 568 5447 linguis
585 5373 733 5431 omnibns.
760 5379 815 5430 Pro
842 5373 974 5430 subnexa
1027 5366 1071 5422 καὶ
1087 5361 1247 5439 καθαρισμῷ
1265 5362 1301 5415 ab
1312 5437 1315 5446 Ι
1326 5363 1448 5436 καθαριεῖ
1470 5358 1515 5412 τὸν
1546 5353 1653 5440 inc-peu,
1679 5359 1710 5439 Et
1733 5359 1852 5413 mitade-

131 5451 326 5508 eenteutiart
340 5449 479 5504 taureduno
494 5464 551 5502 nen
565 5449 651 5518 nicias
668 5449 850 5514 itinerantem,
870 5461 972 5518 quam.
1028 5443 1099 5495 tione
1114 5457 1168 5492 tion
1183 5435 1326 5491 niiuiulnlnt
1343 5449 1439 5494 runnu
1455 5449 1519 5514 quus
1542 5448 1642 5486 cutura
1663 5429 1752 5512 sitrici
1781 5444 1852 5482 coa·

131 5537 206 5580 cum
235 5519 515 5594 Septuagintavirali
540 5518 782 5590 interpretatione
807 5516 916 5582 conten,
942 5516 972 5572 iu
1028 5511 1238 5582 tuli,utquam
1257 5507 1421 5563 versionem
1449 5504 1644 5632 Hieronffimus
1668 5501 1715 5556 hic
1738 5499 1851 5566 laudet,

130 5593 275 5654 micus
290 5590 471 5664 exHebrec,
489 5588 827 5668 quemadmcdametiu
846 5587 974 5666 Vulgata
1048 5595 1152 5642 usmis
1167 5577 1323 5656 intelligat,
1338 5591 1540 5660 expresseme
1579 5571 1766 5647 linudices.

308 5721 446 5790 suamc.
480 5717 593 5794 axin,
1656 5693 1697 5760 ts
