4078 6162
95 247 152 322 did·
496 251 693 321 uthtoevs
716 251 874 320 cohvhl
896 248 1157 318 dehGlANOS.
1170 251 1294 317 -tlta
1316 251 1357 316 ll.
1727 255 1798 322 tva

95 389 188 455 simias
201 391 232 447 et
253 403 358 463 pavos,
382 402 467 446 nova·
486 389 522 446 da
547 389 636 462 Ophir
660 389 809 447 Salomoni
834 391 911 448 dona
924 389 953 458 A
967 410 981 438 u
995 389 1058 444 Non
1072 389 1148 455 veui,
1172 388 1279 462 inquit,
1296 405 1396 460 paoem
1418 387 1532 446 mittere
1553 407 1642 466 saper
1665 396 1797 467 terram„

91 479 249 540 mittantur.
281 479 333 535 Vis
362 477 464 534 audire
494 477 662 536 facilitatem
697 483 907 552 praceptorum
962 480 1013 536 sed
1033 478 1174 551 gladium.
1191 478 1262 534 Veni
1282 478 1410 534 dividere
1438 478 1586 537 hominem
1615 487 1715 540 centra
1736 500 1787 558 pa·

90 570 157 628 neit
172 567 308 627 ausculta
322 567 401 641 quod
417 567 526 624 dicitur
542 585 548 624 :
567 590 582 620 ν
598 571 690 635 Quam
707 574 787 625 arcta
809 570 857 625 via
880 573 910 626 et
962 572 1036 625 trem
1052 585 1150 636 suum,
1167 573 1196 624 et
1218 567 1309 624 filiam
1337 576 1438 624 contra
1461 573 1595 636 matrem,
1619 575 1648 627 et
1678 588 1786 630 nurum

91 662 212 732 aegineta
224 662 355 730 est,quae
369 656 451 712 ducit
466 657 502 714 ad
517 657 618 724 vitam,
634 663 662 714 et
678 657 762 729 pauci
778 662 848 714 sunt
859 658 908 730 qui
963 661 1064 714 contra
1079 673 1195 713 socrum
1213 657 1294 729 (lhid.
1311 657 1356 724 3l,
1373 657 1455 729 35).»
1480 659 1516 714 ut
1542 675 1579 714 ne
1603 661 1701 716 omnia
1722 679 1798 734 pera

90 747 243 806 inveniunt
255 763 316 804 eam
331 745 436 817 (Molli.
453 763 504 814 vu,
531 746 591 818 llll
622 769 636 796 o
662 747 724 803 Non
751 747 833 812 dixit,
858 747 909 819 qui
963 747 1117 814 currendo,
1134 745 1295 820 longiorem
1309 747 1483 803 sententiam
1499 747 1615 817 laceret,
1632 765 1690 805 uno
1714 766 1787 806 cun-

94 835 266 910 gradiantur
278 851 327 906 per
345 851 410 890 eam
429 851 435 889 :
454 834 507 890 boc
528 835 607 891 enim
621 835 830 893 difficillimum
854 841 908 903 cst,
964 841 1010 893 cta
1023 852 1156 893 sermone
1167 836 1400 908 comprehendit,
1416 837 1517 893 dicens
1534 854 1540 892 :
1558 860 1572 887 α
1599 837 1712 894 Inimici
1736 839 1789 894 ho-

94 924 367 998 sedquiiaveniunl
383 939 459 980 eam.
477 924 563 980 Pauci
591 925 669 980 enim
691 925 855 994 inveniunt,
882 931 911 982 et
966 927 1064 993 minis,
1081 925 1234 982 domestici
1259 927 1323 996 ejas
1351 927 1430 996 (fild.
1457 909 1513 998 36).
1541 949 1555 976 ν
1584 928 1716 1000 Cumque
1739 945 1790 1001 po·

97 1014 184 1074 multe
195 1013 349 1085 pauciores
364 1013 572 1085 ingrediuntur
596 1031 648 1086 per
668 1030 743 1072 eum.
770 1038 784 1065 «
810 1015 910 1082 Filius,
966 1018 1075 1072 suisset
1091 1033 1097 1071 z
1116 1037 1130 1066 a
1146 1015 1200 1080 Qui
1225 1019 1305 1070 amat
1329 1019 1443 1087 patrem
1468 1020 1519 1070 aut
1546 1019 1671 1072 matrem
1698 1034 1788 1090 supra

97 1103 190 1174 inquil,
206 1101 338 1158 hominis
350 1119 408 1158 non
424 1100 513 1158 habel
528 1102 579 1158 ubi
590 1108 778 1176 cupotsaum
791 1105 913 1161 reclinet
966 1123 1022 1172 me,
1040 1123 1097 1162 non
1114 1108 1158 1160 est
1173 1120 1219 1158 mc
1234 1104 1342 1176 dignus
1360 1121 1367 1170 ;
1388 1107 1416 1160 et
1438 1103 1489 1176 qui
1514 1109 1594 1160 amat
1619 1104 1713 1161 illium
1738 1109 1791 1163 aut

93 1193 161 1262 (Luc.
178 1208 216 1259 rx,
231 1191 291 1262 58),
309 1213 323 1238 a
340 1190 390 1262 qui
406 1190 477 1246 dicit
492 1192 522 1247 in
536 1191 623 1263 lsaia,
650 1215 664 1242 «ι
688 1194 834 1266 Suscipite
854 1195 910 1252 las-

91 1279 345 1349 sam,ethmcest
364 1280 479 1353 requies
509 1297 571 1337 mea
602 1283 665 1352 (loo.
697 1300 794 1348 xxvru,
826 1284 878 1356 12).
897 1307 911 1334 ν

89 1371 117 1427 Si
129 1385 182 1426 non
196 1368 295 1425 habet
309 1368 359 1424 ubi
376 1373 466 1442 caput
481 1386 568 1426 soum
580 1370 710 1442 reclinet,
736 1377 764 1428 et
787 1390 845 1446 quo
868 1390 911 1430 re-

91 1458 223 1530 quieseat,
241 1456 346 1514 diceus
361 1459 392 1514 in
407 1458 463 1514 alio
485 1458 571 1516 loco:
598 1483 612 1510 «
639 1462 734 1534 Super
756 1479 843 1535 quem
868 1480 912 1519 re·

91 1547 232 1620 quiescam
252 1545 311 1602 nisi
322 1563 412 1619 super
425 1546 580 1616 humilem,
597 1554 625 1605 el
640 1549 785 1621 quietum,
802 1555 831 1608 et
853 1557 913 1608 tre·

92 1639 207 1692 mentm
240 1635 333 1691 verba
361 1651 427 1692 mea
454 1637 520 1709 (leo.
552 1655 625 1710 nvvr,
656 1640 705 1711 2),
738 1663 748 1690 ι
783 1641 833 1696 ubi
870 1645 916 1698 est

966 1195 1057 1251 filiam
1068 1209 1159 1265 supra
1179 1209 1235 1260 me,
1261 1210 1319 1248 non
1343 1197 1388 1248 est
1410 1208 1456 1249 mc
1479 1191 1677 1265 dignustlbiai.
1699 1194 1758 1266 37),
1776 1217 1790 1244 a

966 1285 1003 1340 oh
1022 1282 1189 1339 facilitatem
1217 1285 1428 1354 praceptorum
1451 1280 1571 1337 intulit:
1591 1283 1626 1337 Et
1654 1282 1705 1354 qui
1730 1300 1790 1339 noa

966 1371 1044 1428 tollit
1058 1387 1174 1427 crucem
1190 1387 1288 1442 suam,
1304 1374 1332 1426 et
1354 1370 1489 1443 sequitur
1513 1387 1569 1439 me,
1594 1387 1652 1427 non
1677 1375 1721 1428 est
1745 1389 1792 1428 me

968 1461 1074 1534 dignus
1090 1460 1168 1530 (ibid.
1196 1460 1254 1514 38:
1280 1462 1343 1515 tac.
1369 1477 1426 1529 νιν,
1453 1459 1509 1530 27).
1540 1481 1550 1510 ν
1580 1460 1658 1516 Crux
1684 1458 1792 1517 Christi

969 1549 1063 1606 facilis
1077 1553 1122 1605 est
1139 1568 1146 1617 ;
1163 1550 1275 1605 nudum
1291 1553 1358 1621 post
1372 1547 1521 1604 Christum
1550 1548 1603 1612 ire,
1628 1547 1716 1604 ludus
1735 1551 1790 1617 est,

965 1640 1053 1712 jocus
1065 1645 1120 1696 est.
1135 1639 1168 1694 Et
1184 1638 1234 1694 ubi
1245 1637 1365 1709 praemia
1375 1654 1449 1710 quae,
1460 1636 1633 1693 difficultate
1643 1641 1790 1708 superata,
1802 1683 1806 1692 .

91 1725 293 1782 mandatorum
310 1723 433 1780 facilitas
447 1725 455 1759 ¹
470 1725 485 1779 f
498 1725 583 1782 Multi
596 1726 654 1783 boc
669 1729 747 1799 quod
771 1730 914 1802 scriptum
930 1762 955 1828 Β
970 1727 1165 1801 queruntur?
1178 1727 1241 1783 Non
1258 1725 1437 1798 colliguntur
1460 1725 1573 1782 zizania
1601 1724 1630 1782 in
1655 1725 1791 1797 presenti

91 1817 130 1870 cst
144 1831 151 1868 ;
165 1837 178 1864 a
193 1813 265 1869 Non
278 1813 344 1869 veni
359 1828 461 1869 vocare
477 1813 586 1884 justos,
613 1817 664 1872 sed
690 1822 854 1889 peccatores
876 1821 912 1876 ad

92 1901 290 1974 panteneiam
324 1901 428 1972 (llolth.
454 1919 493 1969 rx,
518 1904 571 1974 13),
597 1927 612 1954 ν
636 1905 811 1977 simpliciter
838 1909 913 1964 acci·

92 1991 183 2062 piant,
196 1990 283 2061 iusta
296 1988 381 2046 illum
397 2005 519 2046 sensum
539 2009 545 2046 :
566 2015 580 2042 u
604 1993 667 2050 Non
692 1995 826 2070 indigent
850 1999 914 2054 sani

94 2079 215 2146 medico,
233 2079 324 2134 sedbi
343 2079 394 2151 qui
419 2079 495 2136 mele
519 2081 628 2138 babent
651 2084 743 2154 (flora.
768 2104 799 2154 u,
826 2085 880 2158 li).
900 2111 913 2138 ν

91 2167 146 2223 Alii
156 2184 221 2224 vero
233 2168 462 2241 interpretantur
472 2171 602 2227 coactius
615 2189 622 2226 :
636 2196 649 2222 a
661 2173 724 2230 Non
735 2175 799 2231 veni
813 2192 915 2233 vocare

87 2259 188 2329 justos,
202 2279 218 2306 ν
235 2256 336 2313 nullus
351 2257 431 2314 enim
448 2260 484 2314 ad
500 2261 776 2334 perfectum‘justus
791 2271 845 2333 est,
862 2267 913 2322 sed

91 2364 121 2402 ex
134 2346 232 2419 aliqua
251 2351 334 2419 parte
348 2352 485 2419 peccatur
502 2367 509 2418 ;
526 2372 540 2400 u
557 2351 607 2406 sed
623 2356 802 2424 peccatores,
819 2377 832 2404 o
850 2355 913 2426 qui·

92 2436 142 2492 bus
154 2436 288 2492 mundus
304 2435 429 2492 refertus
445 2441 499 2504 est,
516 2437 630 2496 dicente
641 2440 731 2497 David
749 2460 782 2498 z«
796 2443 914 2500 Salvum

94 2525 198 2597 mefac,
215 2525 358 2591 Domine,
381 2527 522 2598 quoniam
547 2529 652 2585 defecit
677 2535 796 2588 sanctus
824 2533 913 2605 (Paul.

92 2630 128 2680 m,
140 2615 174 2686 2).
190 2639 204 2664 a
221 2617 266 2683 et,
285 2636 300 2665 a
311 2613 451 2688 Correpti
465 2621 545 2684 sunt,
558 2621 590 2674 et
611 2619 824 2678 abominabiles
840 2623 914 2679 'facti

95 2705 192 2776 sentin
203 2703 472 2761 adinventionibus
483 2705 556 2762 suis.
567 2708 676 2765 Omnes
685 2710 913 2780 declinaverunt,

96 2791 173 2848 umal
187 2791 315 2850 inutiles
330 2793 399 2850 facti
416 2799 494 2862 sunt,
507 2813 565 2852 nou
580 2800 624 2853 est
635 2797 685 2870 qui
696 2799 783 2856 faciat
794 2801 914 2872 bonum,

970 1817 1085 1886 saeculo,
1102 1833 1138 1872 ne
1154 1819 1183 1872 et
1197 1816 1378 1872 framentum
1393 1814 1501 1887 pariter
1525 1814 1698 1870 eradicetur.
1723 1813 1793 1871 Pala

969 1907 1142 1964 Dominica²
1157 1905 1254 1961 futuro
1266 1904 1379 1977 judicio
1394 1907 1571 1974 reservatur,
1588 1905 1706 1975 quaudo
1717 1903 1792 1976 justi

970 1997 1126 2068 fulgebunt
1153 1993 1238 2068 quasi
1263 1992 1317 2062 sol,
1340 1999 1369 2049 et
1396 1992 1583 2066 egredientur
1622 1991 1728 2066 angeli,
1765 1997 1794 2049 et

969 2085 1148 2158 separabunt
1176 2083 1269 2138 malos
1294 2082 1330 2137 de
1357 2080 1453 2156 medio
1489 2081 1647 2152 justorum.
1689 2081 1793 2140 Petrus

970 2173 1123 2245 mergitur,
1154 2175 1183 2228 ct
1210 2173 1339 2226 meretur
1366 2169 1521 2224 audirez«
1559 2167 1676 2224 Modica
1712 2169 1791 2238 fidei,

970 2279 1060 2334 quare
1076 2261 1219 2317 dubitasti
1234 2258 1339 2330 (lfattt.
1362 2274 1418 2324 arv,
1452 2257 1498 2325 3l)
1513 2257 1527 2312 f
1542 2279 1556 2306 a
1570 2319 1572 2326 y
1585 2256 1615 2312 Si
1631 2256 1659 2310 in
1670 2255 1721 2312 illo
1732 2273 1793 2314 mo-

970 2351 1035 2406 dica
1048 2351 1130 2417 fides,
1146 2351 1177 2405 in
1192 2366 1251 2421 quo
1264 2364 1371 2420 magna
1387 2346 1435 2412 sit,
1460 2345 1568 2402 nescio.
1586 2367 1599 2396 a
1631 2347 1669 2401 Do
1693 2345 1803 2414 corde„

969 2439 1066 2512 inquit
1080 2438 1286 2512 ingrediuntur
1299 2434 1492 2510 cogitationes
1507 2434 1652 2507 pessima,
1670 2433 1805 2491 homici-.

970 2529 1028 2596 dia,
1040 2527 1193 2596 adulteria,
1210 2526 1429 2593 fornicationes,
1445 2525 1534 2592 furta,
1559 2523 1633 2580 falsa
1658 2523 1805 2589 testimo-¹

969 2620 1029 2688 nia,
1045 2616 1244 2691 blasphemia.
1259 2619 1325 2670 Hac
1345 2619 1416 2671 suot
1436 2617 1499 2686 qdae
1523 2611 1713 2685 coinquinant
1737 2613 1792 2671 ho-

969 2708 1066 2764 mines
1078 2707 1180 2776 (llotlh.
1196 2723 1242 2774 xv,
1258 2703 1305 2772 te,
1320 2703 1375 2776 20).
1387 2725 1401 2754 ν
1418 2702 1559 2759 Procedat
1573 2703 1624 2774 qui
1648 2702 1678 2758 in
1705 2703 1792 2760 corde

970 2813 1023 2855 suo
1039 2797 1099 2852 haec
1114 2813 1172 2852 non
1188 2811 1252 2852 esse
1266 2795 1400 2861 testetur,
1424 2797 1451 2848 ct
1474 2790 1591 2864 plenam
1614 2791 1644 2847 in
1673 2805 1793 2863 corpore

94 2885 316 2955 honestusque
332 2883 474 2940 edanum
489 2885 573 2958 (Paul.
590 2886 706 2958 sual).
725 2911 739 2936 ν
771 2911 781 2938 ι
810 2888 914 2958 Nolite,
970 2881 1515 2956 istomortalijustitiamconfitebor:
1536 2878 1784 2946 «Quivultdhf

94 2969 187 3042 lnquit,
203 2971 363 3044 possidere
378 2989 495 3043 aurum,
513 2989 608 3046 neque
632 2980 798 3050 argentum,
821 2996 916 3052 neque
970 2974 1075 3047 inquit,
1093 2973 1203 3030 salvare
1218 2973 1346 3027 animam
1362 2986 1458 3036 suam,
1473 2969 1575 3042 perdet
1589 2985 1654 3024 aaut
1672 2973 1722 3038 ;et
1742 2968 1793 3040 qui

94 3061 241 3130 pecuniam
258 3061 289 3116 in
305 3062 390 3117 zonis
403 3063 517 3130 vestris,
536 3079 593 3119 non
609 3081 709 3137 peram
725 3065 754 3120 in
773 3066 831 3134 via,
857 3084 914 3123 non
970 3063 1128 3136 perdiderit
1143 3062 1272 3118 animam
1288 3075 1372 3116 eoam
1386 3063 1503 3131 propter
1514 3057 1687 3126 me,salvam
1703 3056 1808 3122 faciet:

93 3149 407 3222 panem,nequcduas
432 3151 557 3218 tunicas,
583 3170 678 3226 neque
707 3134 1156 3227 calceamentaceamlllatth.
1182 3167 1209 3219 x,
1233 3149 1289 3220 29).
1321 3171 1334 3196 »ν
1364 3147 1472 3203 lterum
1497 3146 1563 3202 dico
1594 3163 1601 3200 τ
1631 3145 1697 3201 llaec
1724 3149 1794 3202 sunt

94 3241 306 3313 neqaevirgam
322 3238 432 3312 (flultlr.
448 3257 476 3310 x,
492 3241 532 3312 9).
561 3263 574 3291 ν
599 3241 674 3311 Hac,
698 3243 826 3316 inquies,
848 3264 918 3318 prm·
970 3239 1068 3297 facilia
1084 3239 1262 3296 maadata³f
1284 3261 1297 3289 α
1320 3241 1368 3292 Vae
1392 3235 1502 3292 arundo
1527 3233 1722 3303 escendelis,
1743 3251 1794 3292 nc·

94 3329 347 3401 ceptaapestolica
364 3331 444 3385 sunt.
472 3330 506 3386 ut
532 3334 609 3388 certe
637 3331 742 3388 Petrus
767 3335 917 3406 apostolus
971 3345 1052 3388 cesse
1066 3334 1111 3385 eet
1125 3329 1204 3385 enim
1220 3332 1253 3384 ut
1267 3327 1385 3383 veniant
1409 3323 1548 3383 scandala
1570 3323 1681 3396 (March.
1710 3339 1792 3392 xvur,

94 3413 200 3488 caligas
214 3416 353 3474 babuisse
367 3421 513 3487 narratur,
530 3419 644 3483 dicente
659 3420 695 3476 ad
711 3438 779 3477 eum
795 3423 914 3496 angelo:
971 3423 1008 3489 f).
1026 3443 1040 3469 o
1055 3419 1090 3474 lit
1105 3421 1257 3491 propterea
1272 3416 1300 3470 iu
1317 3414 1374 3472 alio
1393 3414 1609 3486 locoscriptum
1624 3416 1669 3470 est
1685 3430 1691 3468 :
1721 3435 1736 3462 «
1761 3412 1792 3469 ln

97 3501 305 3576 ‹Preaingere
332 3509 362 3562 et
396 3505 527 3562 calceare
557 3509 610 3579 [lt.
636 3508 734 3565 calcea
751 3515 788 3578 te]
814 3512 917 3586 caligis
971 3507 1074 3563 multis
1089 3505 1275 3571 offendimus,
1291 3507 1348 3560 sive
1372 3519 1515 3568 erramus,
1541 3516 1643 3557 omnes
1666 3500 1733 3572 (fao.
1750 3517 1793 3556 ιιι.

97 3589 161 3644 ²³5⁵
176 3591 244 3660 (⁴4⁶¹-
260 3609 309 3660 111,
323 3593 385 3664 8).»
407 3596 484 3650 Duas
498 3599 596 3652 autem
614 3597 739 3666 tunicas,
759 3601 791 3654 ut
814 3600 850 3656 de
864 3617 918 3656 cae·
969 3597 1009 3666 2).
1023 3619 1036 3644 ν
1052 3597 1115 3652 Non
1131 3611 1224 3668 pauca
1238 3597 1366 3666 peccata,
1383 3591 1434 3646 sed
1456 3589 1560 3654 multa,
1577 3604 1630 3644 nec
1653 3605 1793 3660 quorum-

96 3675 170 3736 teris
186 3683 303 3745 taceam,
318 3687 387 3754 puto
401 3684 480 3755 quod
496 3689 525 3740 et
540 3701 593 3758 ego
605 3689 634 3742 et
650 3694 680 3742 tu
698 3688 915 3760 possideamus,
971 3685 1051 3752 dam,
1079 3685 1130 3741 sed
1152 3683 1284 3740 omnium
1310 3679 1409 3754 posuit
1432 3697 1441 3734 :
1459 3699 1473 3728 a
1498 3681 1606 3734 Omnes
1624 3677 1703 3733 cuim
1729 3693 1793 3749 quae

93 3767 444 3843 sitemenampliusnon
468 3771 623 3830 habemus.
648 3775 714 3830 llaec
734 3776 811 3844 dico,
841 3779 916 3834 156
971 3792 1025 3834 sua
1040 3777 1110 3830 sant
1124 3774 1269 3844 quarunt,
1281 3773 1310 3825 et
1323 3783 1424 3824 nenea
1435 3783 1499 3838 que
1510 3765 1560 3822 Dei
1571 3769 1641 3822 sunt
1660 3765 1792 3838 (Philipp.

91 3855 234 3914 etiterum
252 3859 420 3934 iterumque
435 3877 468 3916 ac
494 3878 545 3934 per
569 3863 687 3936 singulo
711 3864 853 3938 ingeram,
883 3871 917 3924 ut
971 3863 1073 3936 mat).
1097 3884 1112 3912 ν
1139 3863 1217 3918 Unus
1241 3860 1337 3916 bonus
1363 3857 1440 3913 Deua
1466 3853 1583 3922 dicitur,
1607 3859 1636 3912 et
1659 3853 1793 3928 magistri

91 3945 245 4005 erubescas
259 3949 296 4006 ad
313 3949 492 4006 seutentiam
503 3955 596 4020 tuam,
609 3975 623 4002 u
645 3953 753 4009 Facilis
777 3970 841 4012 esse
865 3956 916 4014 llei
971 3952 1056 4027 quasi
1071 3949 1201 4007 hominis
1216 3947 1331 4004 bonitas
1346 3945 1498 4002 refutatur.
1515 3944 1548 3999 ln
1572 3943 1635 4015 lage
1659 3941 1793 4000 doetissi-

84 4036 236 4093 mndffl·
254 4061 268 4086 '¹
970 4059 1038 4099 mus
1049 4039 1148 4098 omnia
1164 4037 1266 4094 fecisse
1283 4035 1409 4104 sedicit,
1425 4035 1616 4106 quamebrem
1628 4035 1657 4088 et
1678 4036 1795 4089 amatur

113 4125 155 4182 13.
184 4127 288 4184 Iterum
330 4144 368 4184 ec
412 4129 575 4202 Evangelio.
600 4159 631 4170 —·
662 4131 791 4189 Fratrem
822 4134 917 4190 tradet
969 4119 1583 4198 allomino;ettameapleaamjustitiam
1603 4137 1660 4176 non
1693 4119 1792 4187 habet,

81 4211 164 4270 frater
176 4215 206 4272 in
223 4221 367 4285 mortem,
383 4221 412 4274 ct
435 4223 518 4291 pater
543 4219 650 4289 filium,
675 4227 912 4296 consurgentque
970 4221 1040 4294 quia
1054 4218 1149 4275 noluit
1163 4213 1360 4272 substantiam
1376 4227 1460 4268 suam
1473 4209 1791 4284 pauperibuserogare.

80 4301 125 4358 filii
142 4311 247 4362 eontra
262 4309 414 4380 parentes,
430 4311 458 4364 ct
472 4307 650 4366 interficient
671 4327 730 4368 cos.
756 4313 790 4367 Et
815 4313 908 4382 erilis,
969 4310 1052 4367 Unde
1067 4306 1227 4364 difficultas
1251 4301 1428 4366 difficultati,
1455 4301 1514 4356 imo
1535 4295 1717 4372 impossibile
1737 4296 1793 4351 im·

81 4390 182 4466 inquil,
212 4395 283 4452 odio
310 4396 426 4453 cunctis
449 4397 621 4455 hominibus
650 4403 769 4472 propter
801 4417 908 4458 nomen
968 4385 1795 4475 possibilituncoomparatur,quianeccamelusiagredi

79 4495 171 4540 mum
187 4483 299 4556 (mlh
317 4501 346 4552 x,
361 4487 417 4558 22).
434 4507 449 4537 ν
461 4487 497 4542 Et
512 4487 582 4559 quia
593 4487 691 4544 facilia
712 4490 854 4559 jusserat,
878 4496 907 4546 et
922 4507 944 4572 ὓ
966 4493 1064 4563 potest
1078 4503 1130 4560 per
1145 4485 1287 4542 foramem
1303 4497 1383 4547 acus,
1398 4495 1451 4548 nec
1466 4477 1570 4534 divites
1589 4476 1739 4546 pervenire
1764 4475 1793 4530 in

77 4569 183 4628 sciebat
196 4573 286 4630 facile
305 4569 438 4646 capesse
452 4574 605 4648 compleri:
622 4582 788 4650 propterea,
814 4584 846 4633 ut
865 4579 906 4636 rei
963 4595 1054 4650 regna
1068 4575 1220 4632 coelorum.
1238 4572 1308 4636 Quis
1321 4573 1455 4626 nostrum
1471 4583 1528 4624 non
1544 4565 1621 4622 lavat
1648 4565 1793 4622 exteriora

74 4657 244 4718 facilitatem
263 4663 444 4732 ostenderet,
472 4665 619 4738 copulavit
646 4666 771 4723 dicens:
803 4688 816 4718 u
852 4668 905 4732 Qui

74 4751 269 4815 perseveravit
282 4769 380 4826 usquc
395 4753 425 4810 in
441 4753 597 4824 finem,hia
611 4754 709 4812 salvus
720 4756 776 4812 erit
793 4757 874 4829 (iliu)
893 4781 907 4807 ν

71 4939 170 5016 diique
193 4945 408 5022 interpretans,
436 4951 481 5008 Vae
509 4951 568 5006 illis
590 4955 654 5004 τοῦτ
680 4947 745 5020 ἔστι,
772 4959 823 5020 τῆς
839 4953 907 5024 ὀμν-

71 5013 209 5097 pforjsqc
228 5017 489 5096 ἐνὲ“νρατεῖςτήν
517 5019 600 5089 oedip
629 5027 753 5076 νοσοῦσιν
783 5017 906 5077 &atheias

69 5101 95 5165 εν
122 5039 349 5158 :iomaflll'
364 5089 408 5145 ἐπὶ
437 5092 531 5146 νώτων
561 5089 698 5162 θαλάττης
736 5093 836 5172 ἀφιεῖσι
860 5095 906 5149 τὸν

17 5217 21 5224 ,
69 5161 232 5230 περιμενῶ
249 5171 300 5230 eat,
317 5163 491 5236 quitroditia
522 5167 594 5220 inter
620 5182 649 5221 se
674 5169 788 5224 sceleris
822 5171 907 5224 cocic-

68 5231 182 5302 fefivque
204 5235 386 5306 pignoribus,
416 5235 509 5292 eodem
532 5237 685 5308 impietatis
710 5239 803 5296 morbo
827 5239 905 5295 luto·

68 5307 168 5370 rorant,
201 5321 299 5377 aeque
325 5323 410 5364 navas
436 5308 484 5364 sed
522 5309 697 5364 commissam
723 5313 810 5366 oaoris
833 5314 907 5382 torpa

67 5371 154 5430 urtam
171 5379 307 5432 miltant.

97 5445 247 5516 ¹t’icror.,
266 5447 461 5506 mundatorum
475 5451 524 5506 Dei
536 5451 670 5524 feciliter.

95 5515 203 5576 'false
236 5517 386 5578 hactenus
414 5519 524 5580 lectum
553 5528 599 5580 est
634 5523 721 5581 Palea
747 5526 904 5594 flaminiae,

63 5587 333 5668 quasipaleaque
349 5592 497 5654 iurnalem
521 5599 635 5672 partem
661 5598 766 5671 exponi
793 5595 904 5672 allego·

964 4664 1064 4722 calicis
1079 4667 1108 4720 et
1123 4661 1301 4735 paropsidis,
1317 4656 1493 4714 etinteriora
1503 4655 1591 4712 babet
1602 4669 1788 4727 nequaquam

963 4753 1101 4813 sordibus
1116 4749 1295 4825 inquinata?
1310 4749 1381 4815 Quis
1396 4745 1596 4819 sepulcrorum
1608 4743 1788 4802 extrinsecus

962 4950 1022 5006 rice
1036 4947 1120 5013 solet,
1137 4945 1250 5002 [lamini
1268 4944 1424 4999 diceretur.
1442 4941 1511 4998 Palo
1526 4945 1624 4997 autem
1643 4936 1787 4994 rusticum

962 5021 1192 5078 instrumentum
1209 5021 1263 5084 est,
1278 5029 1336 5086 quo
1353 5013 1534 5069 frumentum
1550 5011 1580 5067 in
1606 5027 1673 5068 area
1696 5008 1788 5065 venti-

961 5093 1050 5158 latur,
1079 5091 1233 5148 Mattheus
1263 5093 1291 5142 et
1322 5091 1412 5141 taces
1441 5083 1630 5139 oeruitobram
1668 5085 1772 5138 vocant

961 5164 1133 5221 Tertullinn.
1151 5159 1324 5218 del’raeacrit
1342 5173 1366 5212 c.
1397 5155 1436 5210 3:
1472 5175 1482 5202 a
1509 5154 1610 5211 Palam
1640 5153 1670 5209 in
1699 5169 1789 5208 manu

962 5240 1059 5310 portat
1072 5236 1107 5291 ad
1125 5232 1305 5308 purgandam
1324 5243 1421 5282 aream
1438 5241 1534 5281 suam.
1551 5225 1674 5281 llvolont
1697 5240 1791 5300 quan-

960 5315 1025 5365 tum
1051 5307 1149 5362 volent
1174 5303 1263 5377 pateo
1294 5300 1366 5356 levis
1395 5297 1473 5363 fidei,
1502 5311 1535 5353 eo
1560 5298 1662 5370 purior
1690 5311 1789 5350 massa

961 5379 1103 5436 frumenti
1117 5378 1147 5432 in
1164 5377 1268 5432 horrea
1278 5367 1393 5429 Domini
1417 5373 1617 5442 reponetur.»
1642 5365 1788 5424 Curanda·
1888 5409 1891 5418 .

960 5453 1057 5507 vimus
1067 5464 1120 5522 opc
1135 5447 1268 5505 codicum
1281 5444 1499 5499 vaticanorum.

996 5521 1086 5578 ³Haec
1099 5519 1131 5576 in
1146 5517 1234 5577 veteri
1251 5515 1366 5574 editita
1378 5516 1596 5599 postponuntur
1612 5529 1619 5567 ε
1636 5513 1704 5566 llaec
1718 5505 1785 5558 sunt

960 5595 1058 5668 facilia
1069 5591 1214 5652 amatote.
1230 5593 1334 5650 lteram
1355 5587 1416 5646 daco
1431 5599 1474 5645 vae
1488 5583 1600 5650 mondo,
1616 5585 1670 5638 etc.
