4054 6168
116 287 200 370 lese
632 299 1336 370 scaurorum-uemncenrsnsrm.
1743 293 1827 404 roeo

113 437 293 508 consideret,
308 435 339 496 ει
351 433 471 509 videbit,
493 439 601 512 quanto
623 437 714 494 libros
738 438 836 494 labore
858 453 939 512 eom·
954 445 983 512 Α
996 437 1236 495 delicinsvertcrc
1253 457 1259 494 ι
1276 445 1305 495 ει
1319 440 1487 511 hoeputare
1507 437 1615 496 donum
1628 449 1692 496 esse
1715 437 1773 507 Dei,
1797 407 1822 495 s¹

111 532 218 600 ponat,
235 529 394 600 quomode.
998 525 1102 583 alienis
1118 527 1244 584 miseriis
1254 533 1283 584 et
1305 528 1455 585 laboribus
1476 527 1687 602 perfruamur?
1709 534 1823 586 Bonum

1001 619 1045 671 est
1059 615 1157 688 itaque
1171 635 1254 674 veros
1269 618 1351 674 cibos
1366 623 1395 673 et
1406 633 1505 674 veram
1524 633 1640 674 sumere
1664 616 1823 690 potionem,

1003 720 1076 776 quos
1092 705 1127 761 dc
1142 707 1216 779 Agni
1243 724 1329 763 carne
1351 712 1380 763 et
1396 706 1538 779 sanguine
1560 707 1590 763 in
1613 707 1718 764 divinis
1739 707 1823 764 volu·

1004 793 1133 850 minibus
1151 795 1326 852 invenimus.
1342 797 1413 861 Quis
1429 795 1504 851 esim
1528 794 1573 852 vel
1597 796 1758 862 comedere,
1778 793 1823 851 vel

116 889 147 942 et
168 885 281 942 homini
308 886 359 958 qui
382 902 439 941 nen
468 885 622 954 laboravit,
645 886 694 942 det
715 888 827 957 partem
852 899 949 940 suam.
1004 899 1071 938 cum
1087 901 1161 955 opus
1175 889 1229 951 εει,
1252 887 1394 953 carcerei
1417 888 1510 958 potest
1533 886 1646 957 ashque
1672 884 1730 941 Deo
1744 883 1758 938 ‘i
1774 883 1824 956 qui

117 973 194 1038 Quid
210 974 302 1042 enim,
320 980 353 1030 ut
369 975 508 1045 auteJem
525 973 597 1042 dixi,
611 975 647 1029 sd
664 989 734 1045 opes
757 977 841 1029 terres
860 971 950 1044 perti·
1002 971 1133 1044 precipit
1155 979 1288 1028 sanetum
1314 974 1437 1030 canibus
1464 990 1523 1030 non
1551 991 1616 1030 esse
1648 974 1825 1030 mittendum

115 1068 189 1119 nent
201 1063 349 1136 sapientia
362 1069 391 1119 et
405 1063 528 1119 scientia
549 1067 579 1118 et
600 1063 704 1131 virtus,
729 1061 759 1117 iu
786 1062 895 1133 quibus
918 1077 950 1118 se
1003 1061 1119 1132 (tltctth,
1134 1079 1185 1130 vu,
1200 1064 1238 1134 6),
1254 1067 1283 1119 ct
1296 1064 1390 1132 dccet,
1406 1063 1553 1134 quomodo
1566 1063 1596 1118 in
1609 1067 1740 1136 tempore
1756 1078 1826 1118 oon·

115 1152 271 1210 laborasse
285 1156 410 1210 testatus
426 1157 481 1220 est,
498 1169 565 1208 cum
583 1151 743 1224 sapientia,
762 1149 890 1207 scientiae
902 1154 948 1206 at·
1003 1146 1094 1206 servis
1120 1151 1179 1206 sint
1203 1153 1299 1208 danda
1332 1152 1442 1208 cibaria
1466 1151 1569 1225 (Macra.
1608 1169 1686 1220 xxiv,
1712 1152 1769 1224 te),
1797 1155 1827 1208 et

116 1259 177 1314 que
190 1241 311 1298 virtutis
327 1240 376 1311 sit,
392 1241 504 1298 calcare
519 1242 663 1298 terrena?
998 1241 1083 1310 juxta
1099 1239 1189 1296 alium
1205 1257 1336 1308 sensum,
1348 1241 1499 1298 inventum
1516 1240 1573 1298 mel
1589 1245 1704 1297 tautum
1729 1257 1826 1297 corne·

154 1353 170 1380 «
187 1331 251 1386 Non
268 1333 314 1387 εει
328 1331 440 1386 honum
456 1329 581 1396 homini,
596 1328 653 1385 nisi
668 1330 745 1402 quod
762 1329 905 1396 comedat,
921 1331 950 1382 et
1003 1328 1070 1384 dere
1082 1331 1103 1395 ⁸,
1120 1334 1264 1400 quantum
1280 1331 1377 1386 suffcit
1391 1333 1483 1400 (Pron.
1504 1347 1570 1411 axin,
1593 1329 1636 1402 16)
1660 1351 1674 1379 a
1701 1327 1825 1385 Pulchre

118 1419 214 1488 bibet,
230 1425 260 1476 st
279 1420 416 1475 ostendat
431 1419 535 1474 animas
551 1436 610 1474 suae
626 1419 735 1475 bonum
760 1418 837 1474 406
861 1417 891 1471 in
907 1415 948 1472 la·
1003 1421 1100 1472 autem
1116 1419 1227 1474 nomini
1243 1420 1318 1475 bono
1333 1420 1410 1476 Deus
1425 1420 1473 1475 dat
1488 1417 1673 1492 sapientiam,
1689 1422 1718 1475 ει
1732 1419 1826 1474 scicn-

119 1509 194 1566 bore
207 1525 271 1564 sno.
288 1509 322 1563 lit
336 1508 457 1580 quidem
472 1508 528 1566 hoc
543 1507 601 1563 vidi
617 1523 681 1580 ego,
707 1507 775 1578 quia
797 1506 833 1561 de
858 1521 949 1561 manu
1002 1505 1085 1577 tiam,
1101 1511 1129 1563 et
1145 1508 1274 1564 laetitiam
1286 1527 1294 1564 ε
1307 1509 1364 1564 nisi
1379 1507 1456 1564 cuim
1472 1509 1568 1564 honus
1582 1508 1679 1577 tuerit,
1691 1511 1826 1566 etmorcs

121 1597 179 1653 Dei
193 1601 246 1653 est.
261 1597 330 1662 Quis
346 1596 424 1652 enim
441 1597 583 1663 comedet,
599 1601 628 1653 et
651 1597 718 1669 quis
731 1599 829 1668 parcet
851 1596 862 1629 ²
885 1594 949 1650 siue
1003 1611 1073 1651 suos
1089 1598 1163 1653 ccc
1191 1597 1307 1669 proprio
1326 1597 1448 1654 arbitrio
1472 1602 1539 1654 ants
1565 1599 1576 1632 ⁹
1603 1595 1770 1666 eorrexerit,
1782 1613 1828 1652 sa-

123 1684 176 1742 illo
188 1685 278 1756 iquia
292 1685 405 1741 homini
420 1685 496 1742 bone
511 1701 610 1742 coram
626 1701 657 1740 se
669 1685 749 1742 dedit
759 1683 946 1756 sapientiam,
1003 1684 1155 1755 pientiam,
1169 1689 1198 1741 et
1212 1686 1375 1754 seientiam,
1392 1690 1420 1742 et
1444 1685 1577 1742 lentitiam
1602 1701 1660 1741 non
1688 1689 1826 1754 meretur,

119 1778 151 1830 st
165 1773 348 1840 scientiam‚e
361 1778 373 1830 t
384 1772 527 1840 letitiam,
538 1778 567 1829 et
579 1775 711 1846 peccanti
722 1775 777 1845 [rt.
789 1771 945 1845 peccatori]
1004 1774 1167 1829 secundum
1181 1772 1251 1829 illud
1269 1776 1345 1846 quod
1362 1775 1429 1831 alibi
1446 1775 1556 1830 dicitur
1572 1792 1579 1842 ;
1598 1775 1736 1831 seminate
1754 1773 1829 1830 noth

118 1862 202 1918 dedit
217 1861 456 1934 sollicitudinem,
472 1867 505 1917 ut
524 1867 630 1931 augeat
651 1866 678 1918 et
700 1867 858 1934 congreget
881 1877 945 1933 quac
1003 1864 1033 1916 in
1045 1863 1169 1934 justitia,
1194 1863 1360 1918 vindemiate
1382 1865 1413 1918 ia
1443 1865 1536 1935 [rocta
1571 1864 1646 1927 uite,
1670 1863 1829 1920 illuminate

147 644 227 718 Sceps
242 643 341 708 stylum
356 646 448 707 uertat,
464 645 573 706 iterum,
588 657 648 708 quac
664 644 744 706 digne
755 643 806 708 legi
822 643 884 702 sint,

146 707 305 772 erupturus
321 722 328 761 ;

494 770 542 833 (Es
557 771 648 820 llcrut.
665 769 721 820 Sat.
736 768 752 818 l.
768 783 786 828 r,
801 770 851 819 sat.
867 766 916 829 to).

117 1951 233 2008 dantur
246 1953 323 2008 bono
337 1955 405 2008 ante
420 1951 523 2008 faciem
542 1952 590 2008 Dei
605 1952 625 2006 ³.
642 1952 698 2008 Sed
713 1956 742 2008 et
757 1952 812 2007 hcc
822 1951 946 2016 eunitae,

116 2042 149 2096 et
164 2039 357 2111 presumptio
372 2038 503 2112 spiritus.
522 2061 536 2088 a
553 2042 712 2112 Postquam
736 2039 873 2095 universa
886 2043 948 2094 tra-

10 2173 11 2176 ,
116 2129 208 2198 cieri,
224 2133 253 2184 et
268 2127 341 2183 nibil
357 2128 566 2200 injustiusesse
575 2129 812 2201 perspexi,quam
820 2127 949 2185 alterius

116 2218 223 2274 labore
238 2217 364 2273 alterum
377 2217 444 2285 frui,
459 2222 530 2273 tunc
557 2217 628 2272 milri
648 2218 745 2274 visum
770 2222 814 2274 est
835 2217 889 2272 hcc
917 2217 947 2270 in

116 2308 212 2364 rebus
226 2322 290 2363 esse
306 2305 503 2376 justissimum
520 2309 540 2375 ⁴,
557 2311 585 2363 et
601 2307 685 2378 qussi
701 2306 749 2362 Dei
765 2307 887 2374 donum,
915 2308 949 2360 ut

116 2412 176 2453 suo
191 2396 258 2467 quis
273 2393 373 2450 labore
387 2395 533 2451 frueretur
556 2395 661 2451 bibens
684 2400 712 2451 ει
736 2395 902 2464 comedens,
919 2398 948 2450 et

116 2499 174 2558 pro
190 2487 321 2555 tempore
336 2499 458 2554 parcens
481 2483 612 2556 opibus⁸
631 2483 824 2556 congregatis.
850 2483 948 2556 Siqui-

116 2574 189 2630 dem
206 2587 315 2627 munus
331 2572 381 2627 Dei
396 2578 451 2640 εει,
467 2572 556 2629 talem
570 2573 632 2629 vire
645 2573 725 2643 justo
740 2573 801 2628 dari
819 2576 946 2628 mentem

115 2667 152 2718 ut
166 2676 201 2718 ce
216 2677 281 2733 quaa
296 2661 375 2717 euris
394 2661 563 2734 vigiliisque
588 2662 730 2734 quesivit,
755 2662 818 2733 ipse
841 2678 946 2718 consu·

116 2755 194 2806 met.
210 2749 291 2806 Sicut
305 2764 320 2804 e
336 2749 490 2819 contrario,
508 2750 557 2805 irae
572 2749 623 2805 Dei
639 2754 683 2806 est
704 2749 734 2804 in
752 2753 944 2823 peccatorem,

114 2843 152 2894 ut
161 2837 266 2894 diebus
280 2854 313 2893 uc
323 2837 458 2894 noctibus
467 2855 537 2910 opes
547 2843 746 2911 congreget,ct
758 2853 944 2911 nequaquam

1001 1951 1076 2006 velia
1092 1953 1323 2009 lumeascierrtine
1337 1953 1416 2024 (Osce
1439 1969 1466 2020 r,
1491 1953 1535 2019 12,
1556 1953 1639 2024 jacta
1665 1953 1746 2021 lllll).
1777 1952 1828 2007 Se·

1003 2039 1142 2095 minanda
1158 2040 1266 2112 quippe
1281 2045 1348 2096 ante
1359 2040 1486 2112 justitia,
1502 2044 1531 2096 et
1548 2040 1613 2096 vitre
1641 2040 1753 2096 tructus
1777 2045 1830 2096 cst

1001 2129 1204 2197 demetendus,
1229 2134 1258 2184 et
1285 2135 1386 2202 postca
1425 2129 1552 2186 scientie
1585 2128 1685 2185 lumen
1716 2128 1826 2201 poterit

1002 2233 1153 2289 apparere.
1173 2217 1208 2273 Ut
1226 2234 1294 2290 ergo
1310 2218 1385 2274 hono
1401 2234 1499 2274 coram
1523 2234 1555 2273 se
1582 2218 1663 2274 dedit
1689 2223 1765 2274 Deus
1781 2234 1828 2273 sa-

1002 2305 1152 2377 pientiam,
1169 2308 1198 2361 ct
1220 2312 1323 2361 caetera
1339 2322 1346 2360 ε
1362 2305 1404 2362 sic
1423 2309 1603 2377 peccatorem
1628 2321 1681 2361 suo
1706 2305 1830 2361 arbitrio

1001 2393 1219 2466 derelinquens,
1236 2393 1304 2449 lecit
1322 2409 1497 2466 congregare
1520 2393 1647 2462 divitias,
1669 2398 1698 2449 et
1711 2393 1782 2450 hine
1798 2397 1827 2448 et

1001 2482 1070 2539 iude
1086 2498 1289 2555 perversorum
1305 2482 1475 2554 dogmatum
1495 2499 1635 2538 consuere
1658 2480 1825 2539 cervicalia.

1002 2573 1070 2639 Quae
1085 2588 1152 2627 cnm
1169 2571 1214 2626 vir
1229 2576 1350 2628 sanctus
1365 2575 1393 2626 et
1408 2570 1526 2643 placens
1543 2575 1598 2628 Dec
1613 2571 1730 2638 viderit,
1745 2567 1828 2626 intel·

1001 2658 1067 2732 ligit
1091 2661 1144 2732 [rit.
1170 2659 1335 2734 intelliget]‚
1359 2660 1430 2733 quia
1451 2676 1526 2716 vanu
1550 2665 1629 2730 sunt,
1652 2665 1681 2716 et
1705 2658 1829 2733 spiritus

1000 2748 1830 2821 presumptionecomposita.Nccmirandum,queddixs-

1000 2836 1060 2892 rit:
1077 2839 1218 2893 Peccatori
1240 2837 1315 2894 dedit
1339 2836 1565 2908 sollicitudinem,
1588 2842 1617 2892 et
1646 2841 1758 2894 oaetera.
1785 2836 1829 2892 Ad

111 2927 159 2984 eis
176 2931 273 2994 utens,
289 2925 338 2981 his
352 2925 510 3000 relinquat,
526 2926 618 2998 quiin
635 2931 794 2998 conspectu
808 2926 858 2983 Dei
870 2927 945 2998 justi
1000 2925 1083 2981 illum
1098 2925 1177 2981 enirn
1193 2941 1313 2982 sensum
1329 2926 1364 2982 de
1379 2943 1437 2998 quo
1447 2941 1523 2998 saepe
1547 2925 1678 2992 tractavi,
1689 2926 1744 2982 hcc
1759 2925 1830 2981 reis-

112 3018 200 3074 snnt.
217 3015 273 3072 Sed
289 3019 318 3071 et
332 3015 398 3080 hec,
409 3015 677 3088 inquit‚diligenicr
691 3015 852 3089 inspiciens
867 3019 896 3071 ει
906 3015 945 3070 vi·
999 3015 1122 3071 rendum
1138 3018 1182 3070 est
1198 3015 1219 3050 ¹⁰
1235 3031 1242 3069 :
1260 3015 1400 3086 Proptcra
1414 3015 1513 3070 datam
1537 3014 1590 3086 [rit.
1614 3014 1665 3071 dat
1681 3015 1689 3085 ]
1709 3015 1735 3071 ei
1766 3030 1831 3071 csse

111 3107 192 3162 dens
206 3104 306 3162 omnia
321 3107 416 3161 morte
431 3104 521 3171 finiri,
533 3104 944 3176 vanissimumjudicevi.tlaec
999 3101 1225 3159 sollicitudinem
1242 3099 1307 3158 sive
1319 3102 1527 3159 distentionem
1544 3102 1831 3174 teramnensem,

111 3193 237 3250 interim
253 3194 418 3249 secundum
433 3193 573 3260 litteram,
597 3209 633 3250 ne
653 3193 805 3249 videamur
827 3193 944 3266 penitus
960 3178 981 3246 G
1000 3194 1068 3263 qnia
1083 3197 1217 3263 peccator
1233 3191 1320 3246 luerit
1340 3193 1376 3247 de
1401 3207 1460 3246 non
1484 3207 1549 3247 esec
1573 3207 1693 3247 causam
1719 3191 1829 3248 disten-

111 3281 285 3355 simplicem
301 3281 453 3354 praeterire
468 3297 602 3351 sensum,
630 3287 659 3338 et
684 3283 755 3338 dnm
779 3281 948 3354 spirituales
1002 3279 1092 3336 tionis
1104 3280 1161 3352 [ct.
1179 3278 1357 3353 afflictionis)
1372 3279 1403 3334 in
1418 3280 1486 3348 Deo,
1504 3280 1554 3335 sed
1569 3278 1599 3334 in
1608 3278 1658 3336 illo
1668 3279 1719 3352 qui
1728 3284 1831 3352 sponte

114 3372 239 3429 divitias
255 3370 418 3443 sequimur,
441 3369 572 3426 historiae
585 3375 771 3442 contemnere
793 3374 949 3442 pauperta-
1003 3383 1057 3424 sua
1072 3373 1139 3424 aute
1156 3367 1327 3442 peccaverit.

112 3467 190 3518 tem.
206 3459 281 3527 Quid
297 3459 376 3516 enim
391 3459 461 3515 boni
476 3463 531 3526 est,
548 3465 599 3516 aut
613 3457 706 3531 quale
722 3458 948 3527 Deimrrnus,vel
1039 3457 1119 3528 (Cap.
1144 3457 1203 3528 ltl).
1231 3479 1245 3506 u
1272 3455 1416 3512 Omnibus
1438 3460 1555 3529 tempus
1580 3461 1634 3526 est,
1659 3461 1689 3512 et
1711 3461 1831 3531 tempus

113 3549 184 3608 suis
198 3549 303 3621 opibus
318 3547 442 3614 inhiare,
458 3552 488 3604 et
513 3549 600 3621 quasi
622 3547 806 3622 lugientem⁶
828 3564 949 3620 praecer-
1003 3544 1083 3602 omni
1099 3545 1139 3600 rei
1155 3545 1210 3600 sub
1225 3543 1306 3600 coelo.
1324 3565 1338 3594 ε
1359 3545 1506 3600 Incertum
1521 3549 1550 3602 et
1563 3547 1753 3602 lluctuantcm
1770 3552 1830 3604 sta·

115 3653 193 3710 perc
207 3636 394 3717 voluptatem,
410 3635 454 3694 vel
471 3635 600 3694 alienum
615 3635 749 3693 laborum
768 3636 798 3691 in
814 3636 949 3708 proprias
1003 3639 1067 3690 tum
1082 3632 1257 3689 conditionis
1271 3633 1408 3688 humanae
1430 3633 1460 3688 in
1484 3633 1686 3705 superioribus
1698 3635 1803 3690 docuit
1820 3653 1827 3691 :

114 3782 216 3855 putas
230 3777 349 3836 sudores
364 3780 503 3836 Bernardi
517 3778 650 3847 viventis,
667 3779 808 3835 honorem
824 3795 887 3837 csse
903 3781 950 3839 Ni·
1003 3778 1118 3834 codices
1135 3795 1141 3844 ;
1158 3776 1226 3834 editi
1243 3783 1340 3832 antem
1357 3781 1444 3832 antes
1458 3775 1525 3832 libri
1541 3791 1548 3829 :
1564 3777 1597 3831 Et
1611 3776 1831 3848 qaaeiacicatem

116 3850 198 3910 colei
219 3851 376 3907 nescientis
393 3868 400 3918 ;
417 3855 468 3908 aut
488 3850 603 3908 labores
621 3851 755 3918 loannis,
781 3851 898 3906 divitias
922 3858 949 3908 ct
1002 3853 1168 3921 praesentem
1194 3864 1308 3918 corpere
1334 3849 1525 3920 votapaaam:
1547 3847 1602 3912 vel,
1626 3847 1659 3902 Et
1683 3849 1765 3918 qacsi
1785 3850 1831 3920 sa·

113 3923 244 3999 gloriam
261 3937 363 3994 parere
388 3922 513 3979 saevienti
542 3939 663 3994 operum
686 3923 949 3994 magistrolllsnc
1003 3922 1122 3992 picatam
1136 3921 1275 3991 percipere
1289 3919 1465 3991 voluptatem.
1487 3918 1631 3974 Macrian.

116 3994 283 4053 vanitatem
300 3995 354 4050 sub
370 3993 431 4050 sole
445 3994 496 4067 qui
513 3994 650 4062 sustinet,
671 3994 911 4050 molestissimam
922 4000 950 4050 et
1039 4023 1074 4031 -
1090 3991 1234 4046 Victorius
1250 4007 1284 4046 ex
1299 3990 1442 4046 Brixinnis
1457 3989 1542 4046 codd.
1565 3989 1637 4062 legit
1657 3991 1803 4063 percipere
1821 4009 1828 4048 :

115 4064 338 4138 nequissimum
374 4065 524 4122 renuntiat
539 4082 606 4121 cum
623 4065 779 4121 Salomone
802 4071 830 4122 et
853 4065 948 4122 Eccle-
984 4065 1089 4118 'antea
1105 4066 1167 4117 erat
1189 4063 1268 4134 qausi
1288 4064 1419 4117 scientem
1436 4065 1596 4132 praesentem
1618 4077 1729 4133 corpere
1752 4063 1829 4118 aala-

116 4139 213 4196 siaste
228 4140 342 4192 nostro.
388 4153 502 4192 sarran.
1001 4141 1104 4206 ptatcm
1121 4150 1132 4195 ,·
1148 4149 1237 4205 quam
1253 4132 1406 4189 lectionem
1422 4137 1451 4190 et
1465 4133 1583 4188 retineri
1598 4148 1683 4204 posse
1698 4132 1748 4200 ait,
1763 4137 1827 4189 tau-

157 4211 165 4244 ¹
182 4209 263 4279 sape
276 4209 380 4280 atpium
394 4213 492 4264 vertat.
507 4205 578 4263 Vide
593 4223 683 4278 supra
698 4206 727 4261 in
744 4207 819 4263 notis
841 4209 950 4268 nostris
1005 4211 1068 4260 tum
1085 4205 1109 4260 si
1123 4206 1275 4276 sapientem
1290 4221 1340 4275 pro
1355 4207 1493 4272 scientem,
1510 4205 1630 4261 scribas.
1903 4201 1909 4218 ⁸

114 4279 314 4338 Horatiorum
343 4279 422 4335 istud
452 4295 577 4346 comma,
594 4279 737 4334 Macrian.

152 4354 165 4386 ²
181 4351 275 4408 lidcm
292 4365 367 4418 mss,
382 4350 559 4407 criticorum
576 4355 685 4416 tamen,
702 4353 733 4404 ut
748 4349 873 4416 videtur,
888 4367 950 4406 ma-

114 4439 193 4480 num
227 4422 348 4494 experti,
364 4429 391 4478 et
409 4423 471 4493 qais
491 4431 593 4493 pascet.
619 4423 651 4476 ln
675 4423 772 4477 Graec
796 4426 841 4477 est
860 4431 949 4494 πίεται,

114 4495 203 4560 hibet,
219 4500 272 4549 sut
286 4501 405 4566 φείσεται,
419 4501 521 4564 parcet.

153 4565 276 4634 -Qaic
289 4565 508 4631 emmenrode,
538 4571 591 4618 etc.
618 4563 681 4618 Non
705 4563 778 4618 bene
802 4563 832 4617 iu
862 4549 985 4619 antcaD

112 4637 209 4696 editis
225 4636 268 4691 sic
284 4634 410 4707 legimus
427 4653 434 4691 :
452 4637 524 4762 gaia
538 4637 613 4690 enim
627 4634 780 4703 comediam
790 4636 850 4706 qaia
859 4637 950 4707 parcit
1000 4633 1119 4716 quidem
1135 4637 1278 4705 expuncta

113 4713 179 4767 sirac
195 4707 250 4763 ille
264 4709 314 4780 qai
327 4708 435 4764 homini
474 4723 536 4774 cae,
553 4711 607 4762 etc.
625 4705 768 4761 Marmar.

1041 4278 1050 4310 ⁷
1066 4276 1193 4332 Rursum
1212 4292 1283 4331 mss.
1301 4293 1403 4332 omnes
1427 4291 1539 4349 pascere
1556 4275 1665 4332 hahent
1691 4291 1742 4346 pro
1760 4291 1828 4346 por-

1004 4365 1064 4404 cere
1079 4349 1155 4419 quod
1172 4347 1226 4403 hoe
1241 4347 1361 4404 demum
1377 4347 1439 4403 loco
1458 4347 1549 4404 terme
1560 4347 1732 4403 concinnius
1746 4346 1827 4402 vide·

1004 4424 1062 4486 tur,
1080 4435 1112 4475 ac
1127 4419 1262 4475 subnexas
1277 4418 1449 4491 expositioni
1464 4418 1666 4475 coherentius.

1039 4492 1127 4546 8Duo
1143 4507 1215 4546 mss.
1234 4495 1343 4546 tantam
1358 4491 1437 4546 clatet
1478 4489 1627 4547 comedere.

1037 4561 1298 4634 uPraepositiouem
1323 4565 1387 4618 oatc
1399 4561 1492 4618 Vatic.
1511 4562 1600 4618 codex
1622 4561 1746 4634 ignorat,
1769 4576 1828 4686 qua

1306 4639 1356 4690 aut
1372 4633 1455 4702 nihil,
1472 4637 1522 4688 aut
1537 4637 1614 4688 certe
1628 4631 1728 4688 minus
1743 4636 1780 4688 Pe
1793 4649 1828 4688 a·

1000 4721 1121 4777 granum
1138 4721 1266 4760 errorem
1282 4679 1330 4761 hic
1342 4705 1423 4761 locus
1441 4702 1577 4771 redoleat,
1594 4704 1720 4760 maxime
1749 4703 1773 4759 si
1789 4704 1825 4758 ad

151 4778 395 4905 ³Vatic.duoquc
410 4777 533 4834 Palatini
551 4795 558 4834 :
576 4779 640 4846 Q'am
665 4777 766 4832 (tenter
790 4779 857 4832 tene
882 4781 948 4832 crate
1001 4793 1043 4843 ea,
1062 4776 1527 4847 quaeaubsequunturannimum
1541 4773 1826 4831 intendasrtlcuinus

112 4853 220 4926 [reterre
232 4865 322 4906 raam.

115 4927 190 4983 eam
201 4930 266 4978 aaa
280 4923 382 4994 [eciem
394 4923 453 4976 Dei.

152 5026 190 5038 -
208 4995 240 5048 Et
254 4997 397 5076 conpreqet
412 5007 472 5064 quae
485 4990 598 5060 deutur,
615 4989 668 5046 Hic
678 4988 767 5046 ctiam
778 4993 945 5060 corruptam

361 4852 396 4906 ei.
411 4853 531 4906 Veteres
546 4849 615 4905 editi
631 4847 948 4920 vitiosaqaaeoirtentar
1001 4847 1177 4903 sententiam
1200 4847 1276 4902 hanc
1301 4849 1336 4903 ud
1362 4846 1510 4904 catholicae
1533 4847 1672 4902 doctrinm
1692 4859 1824 4914 sensum,

1002 4918 1052 4991 qui
1076 4922 1142 4990 post
1168 4917 1379 4991 Hieronymum
1412 4918 1521 4974 elarius
1554 4917 1693 4973 definitus
1715 4916 1825 4989 ubique

1000 4996 1146 5046 terrarum
1158 4995 1215 5057 est,
1232 4990 1273 5045 ita
1288 5005 1323 5044 ex
1337 4989 1454 5063 iugenio
1469 4992 1613 5062 temperat
1631 5007 1637 5044 :
1663 4989 1724 5044 Nini
1746 4989 1824 5044 enim

113 5081 243 5142 prorsus
258 5068 385 5120 retinent
401 5063 487 5136 istam
503 5062 667 5127 lectionem,
683 5062 716 5115 Et
728 5065 870 5132 conprepet
885 5076 947 5134 qtae
1002 5061 1192 5131 inanescant,
1208 5065 1232 5116 et
1251 5077 1339 5117 mores
1367 5077 1440 5127 raes,
1469 5061 1517 5115 liet
1546 5060 1697 5133 adjuvante
1719 5061 1823 5131 pretia,

112 5141 250 5196 videnter·
266 5136 334 5192 hene
349 5143 412 5192 aete
425 5136 525 5207 (aciem
540 5135 598 5188 Dei.
615 5133 757 5188 Maurus.

151 5209 274 5264 ‘Penes
292 5206 419 5262 Alcuin:
449 5208 595 5278 Postquam
621 5205 750 5259 uniuerso
765 5206 890 5268 tractavi,
920 5208 947 5260 ct

113 5281 190 5340 citit
217 5282 248 5334 in
270 5279 350 5334 iatius
370 5277 469 5334 mandi
502 5276 594 5332 labore
617 5281 778 5347 perpetuum
808 5276 944 5342 iutetlcci,

110 5353 350 5428 posterioremque
364 5350 572 5420 persecutionem
586 5349 688 5418 prioris
711 5349 774 5418 (rui
796 5347 944 5414 temnitur,

110 5429 183 5484 tane
197 5423 271 5478 milri
280 5424 369 5477 visam
382 5421 433 5487 esi,
449 5421 496 5475 hoc
512 5421 541 5474 in
551 5421 642 5486 retae,
654 5423 708 5474 ete.

998 5135 1109 5205 proprie
1126 5133 1241 5188 arbitrio
1256 5137 1319 5188 onte
1333 5139 1460 5187 correxit.
1478 5137 1533 5187 etc.

1036 5237 1070 5244 -
1085 5205 1117 5258 m
1130 5219 1218 5260 moras
1236 5219 1283 5258 saco
1297 5205 1409 5275 proprio
1423 5203 1550 5258 arbitria.
1567 5201 1705 5258 Nonnihil
1721 5217 1823 5274 sapere

1001 5275 1114 5330 videtur
1140 5273 1248 5344 Pelagii
1271 5291 1398 5330 errorem
1417 5293 1423 5330 :
1441 5275 1491 5330 scd
1517 5291 1551 5329 ex
1575 5275 1823 5346 consequentibus

1001 5347 1084 5403 lacilc
1100 5347 1196 5402 locum
1212 5346 1393 5401 emendabis.
1410 5345 1553 5401 hlaurmn.

1037 5419 1057 5452 ¹⁰
1073 5417 1188 5472 lllcuin.
1207 5435 1257 5488 pro
1274 5417 1353 5472 hisce
1369 5417 1474 5472 verbis.
1492 5417 1532 5472 Ad
1556 5417 1636 5471 cllum
1659 5417 1734 5471 enim
1757 5433 1822 5472 sca-

152 5495 234 5551 ¹⁵llic
251 5509 368 5565 quoque
383 5510 417 5548 ex
432 5491 601 5564 prejudicio
628 5489 788 5562 superioris
812 5489 946 5545 lectionis
999 5505 1070 5556 erana,
1094 5495 1159 5552 ctu,
1180 5505 1275 5560 usquo
1298 5490 1471 5559 referendam
1494 5494 1543 5553 cst,
1576 5487 1664 5544 habet
1683 5485 1822 5560 pressiori

115 5575 181 5625 tres
195 5581 334 5637 mss.‚prc
344 5566 465 5636 tempore
477 5579 590 5634 peccem
604 5563 711 5634 epitm,
729 5565 783 5617 ete.

155 5637 486 5711 ‘titqaoaitapicatcm
514 5637 569 5694 otc.
595 5635 638 5690 lte
664 5632 766 5706 tegunt
788 5636 846 5691 tres
871 5649 944 5692 mss.

1001 5560 1090 5616 ferme
1105 5561 1285 5632 expositione
1306 5575 1313 5617 ε
1330 5559 1406 5617 Dedit
1426 5559 1505 5617 enim
1528 5575 1580 5632 pro
1603 5557 1711 5615 dimisit
1732 5554 1821 5614 iutel-

999 5631 1151 5705 ligendum
1166 5636 1221 5690 cst.
