4054 6168
111 275 191 354 lar
631 289 748 356 arasa
770 285 887 354 naen.
909 288 1061 365 unsar.
1085 287 1125 354 ru
1147 287 1285 356 osana.
1732 285 1813 359 roes

144 422 248 495 (Vere.
263 421 304 496 7.)
320 445 335 475 a
351 415 523 481 Maledictus
546 426 627 482 furor
649 442 761 494 eorum,
782 427 851 500 quia
867 443 934 498 pro·
949 427 976 493 Α
991 425 1029 482 sit
1044 425 1180 482 universa
1193 426 1333 482 facturus.
1353 425 1408 482 Sed
1431 428 1460 482 et
1482 424 1536 482 boe
1552 426 1716 500 sciendum,
1731 429 1810 501 quod

106 511 288 580 cax;etira
317 527 428 581 eorum,
458 512 529 587 quia
556 515 647 583 dura;
679 514 807 571 dividam
836 531 886 570 cos
906 514 935 570 in
992 514 1269 587 ubineslegimus:
1293 515 1417 586 nltiqans
1440 513 1475 570 ad
1498 515 1579 571 vitem
1596 517 1812 588 pullumsuum,

106 599 212 667 Jacob,
228 603 258 655 et
273 597 441 674 dispergam
453 617 503 658 eos
514 601 544 657 in
560 601 659 659 Israel.
674 623 688 652 a
705 602 769 657 Levi
785 603 863 658 enim
878 601 936 658 ha·
992 620 1044 676 pro
1057 603 1157 676 pratici
1179 603 1209 658 in
1232 603 1350 660 Hebraeo
1376 603 1470 675 possit
1493 602 1559 676 legi,
1586 605 1681 660 urbem
1699 607 1811 676 auoml,

106 689 266 745 reditatem
282 689 432 762 propriam
447 707 506 748 nen
521 692 642 764 accepit,
666 691 717 746 sed
742 690 773 746 in
800 690 937 746 omnibus
988 692 1074 762 juxt-a
1087 692 1224 748 eumdem
1239 709 1360 748 sensum
1372 691 1436 748 aliis
1446 693 1542 748 verbis
1557 692 1812 752 llcclesiademoa-

106 777 235 850 sceptris
249 792 359 849 paucas
374 779 462 836 urbes
487 779 522 835 ad
549 778 742 835 habitandum
765 779 876 835 habuit.
898 779 937 836 De
993 783 1093 847 strata,
1109 780 1145 836 de
1160 796 1217 851 qua
1233 780 1301 836 alibi
1318 781 1538 853 scriptumest:
1555 782 1708 853 Neapoteat
1718 784 1813 840 civitas

106 866 229 923 Simeon
242 882 309 922 vero
325 866 356 922 in
372 863 446 923 libro
460 867 531 925 lesu
546 867 691 941 scriptum
707 869 751 924 est
765 867 855 940 (loauc
867 867 936 940 xm),
992 868 1122 924 abscondi
1139 885 1223 940 supro
1246 873 1363 925 montem
1384 872 1474 942 posita
1502 871 1614 939 (Mattb.
1640 888 1666 928 v.
1697 871 1753 942 15).
1781 873 1815 929 llt

106 954 656 1029 quodetipsepropriumfuniculum
676 973 735 1013 non
759 957 847 1013 luerit
869 973 937 1014 can·
992 959 1132 1014 Flaminia
1165 959 1281 1029 impetus
1314 958 1434 1029 laetificat
1474 960 1614 1015 deitatem
1645 961 1696 1016 llea'
1728 961 1815 1034 (Paul.

108 1047 242 1114 secutus,
259 1043 311 1101 sed
324 1044 360 1100 de
374 1044 453 1101 tribu
468 1045 546 1101 luda
569 1044 711 1118 quiddam
735 1046 889 1118 acceperit.
906 1046 937 1101 ln
992 1063 1055 1112 ειν,
1071 1047 1109 1118 5).

110 1131 358 1205 Paratipomenon
378 1131 410 1204 (ι,
438 1133 466 1204 l)
495 1138 593 1189 autem
622 1133 725 1190 libris¹
754 1133 938 1190 manifestius
1029 1133 1121 1206 (Vers.
1138 1134 1284 1204 lletlb.)
1303 1155 1316 1184 «
1341 1133 1475 1191 issachar
1498 1135 1609 1192 bonum
1629 1136 1815 1211 desideravit,

11 1233 14 1254 ²
109 1219 262 1288 scribitur,
279 1220 369 1292 quod,
384 1237 452 1277 cum
469 1220 682 1295 multiplicatus
706 1223 820 1290 luisset,
837 1227 866 1280 et
881 1239 938 1279 non
995 1223 1182 1295 requiescens
1196 1223 1272 1280 inter
1283 1223 1507 1293 madioscleroe,
1519 1224 1658 1282 otvidens
1673 1228 1816 1300 requiem,

11 1351 16 1358 .
110 1309 234 1365 haberet
249 1308 445 1382 possessionis
463 1309 572 1377 locum,
597 1311 699 1368 exierit
725 1311 755 1368 in
779 1312 938 1369 desertum.
995 1312 1064 1384 quia
1079 1311 1155 1367 bona
1170 1315 1224 1378 eet,
1241 1315 1269 1366 et
1284 1315 1401 1380 terram,
1423 1313 1492 1384 quia
1507 1312 1642 1386 pinguis:
1660 1316 1817 1388 supposuit

111 1397 238 1464 Quidam
253 1398 444 1471 prophetice'
462 1400 630 1457 interlectos
654 1401 800 1470 homines,
824 1405 939 1474 aposto·
994 1400 1152 1456 humerum
1168 1415 1255 1455 suum
1272 1400 1307 1454 ad
1324 1399 1529 1469 laborandum,
1554 1408 1582 1458 et
1606 1402 1702 1460 factus
1717 1409 1761 1460 est
1773 1405 1818 1462 vir

15 1515 18 1525 ·
113 1485 170 1555 los,
186 1491 216 1542 et
229 1486 441 1544 subnervatum
453 1488 775 1559 taurumanarisais,
789 1488 939 1546 Christum
995 1488 1132 1562 agricola.
1150 1511 1163 1539 a
1180 1487 1212 1544 ln
1227 1489 1346 1544 Hebraeo
1362 1489 1402 1544 ita
1418 1490 1561 1562 scriptum
1576 1496 1641 1548 est:
1656 1515 1670 1543 a
1685 1494 1818 1552 issachar

11 1595 16 1630 ·,
115 1575 356 1646 interpretantur.
996 1577 1099 1632 asinus
1127 1592 1230 1632 osseus
1254 1577 1276 1644 ⁶,
1305 1578 1478 1632 recumbens
1506 1579 1582 1634 inter
1608 1580 1760 1653 terminos,
1789 1585 1819 1638 et

11 1683 19 1692 ·
153 1663 244 1732 (vers.
269 1665 307 1736 8.)
335 1686 349 1716 a
372 1664 460 1733 tuda,
484 1669 513 1722 te
535 1665 699 1724 laudabunt
723 1667 826 1724 fratres
853 1667 940 1724 tui.»
995 1664 1096 1720 videns
1119 1665 1262 1737 requiem,
1288 1663 1358 1735 quia
1381 1664 1458 1720 bona
1480 1669 1534 1731 est,
1555 1670 1584 1720 et
1606 1670 1726 1736 terrum,
1748 1670 1819 1741 quia
1846 1697 1853 1708 ·

115 1749 189 1818 Quia
203 1750 288 1820 Juda,
306 1751 451 1827 confusio,
469 1754 529 1811 sive
551 1755 622 1822 laus,
638 1756 856 1828 interpretatur,
873 1773 940 1812 con·
996 1752 1119 1824 pulchra
1143 1760 1204 1808 est:
1230 1752 1380 1809 inclinavit
1402 1753 1559 1809 humerum
1583 1771 1671 1812 suum
1695 1756 1732 1812 ad
1752 1773 1819 1829 por·

114 1845 275 1913 sequenter
310 1841 471 1899 scribitur:
509 1843 595 1912 luda,
634 1843 698 1901 tibi·
725 1844 943 1901 confitebuntur
998 1841 1128 1904 tandum,
1146 1845 1175 1897 et
1188 1842 1281 1898 lactus
1303 1845 1348 1898 est
1370 1841 1400 1898 in
1423 1842 1567 1899 tributum
1589 1845 1729 1902 serviens.
1746 1847 1820 1914 Quia

112 1929 220 1986 tratres
234 1930 297 1987 tui:
315 1931 400 1999 avet,
417 1954 431 1982 «
448 1936 477 1988 te
492 1931 656 1990 laudabunt
672 1933 774 1990 iratres
789 1935 869 1991 tui.»
996 1931 1112 2002 supra⁷
1138 1930 1172 1987 de
1205 1929 1333 1987 Zabulon
1357 1930 1479 2002 dixerat,
1506 1933 1583 2003 quod
1607 1934 1696 1990 maris
1721 1935 1819 2009 Magni

148 2019 942 2095 (Vers.9.)·Adorabunttefiliipatristui.Catulus
997 2024 1075 2074 esset
1103 2017 1202 2075 littora
1239 2035 1441 2090 possessurus,
1471 2019 1607 2078 Sidonem
1643 2038 1759 2095 quoque
1792 2028 1821 2082 et

109 2107 312 2177 leonisJuda,
330 2109 520 2181 exgermine,
548 2109 589 2165 fili
613 2111 665 2179 mi,
691 2112 859 2180 ascendisti,
877 2129 942 2185 pre·
997 2105 1127 2177 reliquas
1155 2105 1302 2162 Phoenicis
1331 2107 1418 2163 urbes
1445 2109 1648 2182 contingeret3
1678 2127 1756 2166 nuuc
1783 2112 1821 2169 ad

109 2197 261 2253 oumbgflg
277 2201 310 2252 ut
323 2196 380 2268 100,
396 2201 425 2254 gt
438 2199 521 2270 quasi
537 2200 654 2256 catulus
669 2199 771 2257 lgonig,
788 2201 858 2266 Quis
878 2218 943 2256 sug.
998 2194 1241 2250 Mediterraneum
1257 2195 1435 2267 provinciam
1451 2196 1536 2266 redit,
1552 2201 1582 2252 El
1596 2197 1738 2266 Issaohar‚
1751 2199 1821 2271 qlllss

109 2283 221 2340 citabit
234 2283 328 2341 euml
343 2307 358 2336 »
375 2284 455 2342 Licet
468 2287 504 2342 de
518 2287 635 2344 Christo
647 2289 757 2360 grande
771 2289 943 2361 mysterium
993 2283 1098 2354 juxta⁸
1114 2281 1312 2355 Nepbthalim,
1329 2283 1557 2356 pulcherrimam
1583 2285 1612 2341 in
1636 2286 1756 2344 Galilaea
1775 2302 1821 2343 re·

16 2407 19 2413 ·
108 2373 165 2442 sit,
181 2373 790 2449 tamenjuxtalitteramprophetaturtAt.
806 2378 945 2450 intarpre
998 2370 1125 2444 glanem,
1142 2376 1401 2444 possessurusest,
1419 2371 1619 2430 benedictione
1638 2375 1821 2456 suapbabila·
1863 2408 1866 2420 ·

11 2498 19 2534 :-
108 2462 220 2534 tatur],
235 2461 314 2534 quod
330 2477 413 2534 reges
427 2478 463 2519 ex
475 2464 554 2520 luda
567 2481 619 2537 per
646 2465 733 2522 David
757 2466 878 2539 stirpem
895 2483 944 2540 ge·
997 2464 1090 2516 terem
1106 2460 1185 2516 lacit.
1201 2461 1323 2516 Asinum
1350 2463 1449 2516 autem
1474 2454 1592 2518 osseum
1611 2467 1704 2530 vocat,
1719 2469 1748 2521 et
1762 2464 1823 2521 hu·

11 2601 15 2608 .
107 2553 268 2620 narentur,
284 2555 313 2606 et
327 2552 405 2624 quod
421 2553 543 2609 adorent
557 2570 625 2610 eum
640 2569 741 2610 omnes
758 2554 863 2610 tribus.
879 2555 943 2610 Non
999 2565 1113 2605 merum
1130 2550 1166 2604 nd
1182 2551 1357 2620 portandum
1374 2549 1517 2618 deditum,
1534 2550 1642 2623 qulain
1655 2551 1824 2612 laborator·

11 2683 24 2714 ι.
107 2641 198 2697 enim
226 2639 277 2707 ait,
291 2639 347 2709 fitia·
364 2643 463 2697 mobis
484 2645 549 2710 tua,
574 2643 624 2699 sed
648 2643 703 2712 filii
724 2644 813 2715 patris
839 2645 890 2698 tui.
912 2647 947 2698 Et
999 2655 1036 2693 rar
1062 2643 1091 2693 et
1113 2636 1253 2693 vehendis
1276 2638 1312 2693 ad
1337 2654 1417 2694 mara
1440 2639 1608 2707 oneribus0,
1625 2657 1689 2713 qua
1713 2642 1743 2698 in
1759 2642 1823 2700 suis

12 2771 23 2806 ·.
108 2729 195 2802 quod
213 2727 357 2801 sequitur,
373 2745 410 2784 ex
423 2732 555 2800 germine,
572 2731 615 2800 ati
638 2732 687 2798 mi,
704 2731 733 2787 in
758 2732 876 2788 Hebraeo
892 2732 945 2788 ba·
999 2727 1109 2784 linibus
1124 2726 1330 2794 nascebantur,
1347 2725 1509 2799 plurimum
1532 2727 1688 2797 laboraret,
1704 2731 1823 2804 regibus

11 2865 14 2886 ,
109 2820 175 2886 bet,
192 2816 409 2889 deceptibilem,
427 2818 533 2888 filimi,
549 2819 713 2887 eaecadisti;
730 2821 946 2878 atestenderet
1000 2832 1117 2890 quoque
1142 2814 1251 2870 tributa
1274 2821 1472 2888 comportans.
1504 2816 1595 2874 Aiunt
1619 2818 1742 2890 Hebrai,
1770 2837 1824 2894 per

11 2955 22 2968 .
110 2923 184 2964 eum
210 2905 341 2978 captivos
369 2905 494 2979 populos
523 2923 587 2964 esse
613 2909 792 2965 ducturum:
816 2913 844 2965 et
861 2910 947 2981 juxta
1000 2904 1201 2977 metaphoram
1213 2905 1382 2977 signillcari,
1399 2906 1475 2978 quod
1492 2905 1659 2980 Scripturas
1674 2913 1791 2966 sanetas
1802 2910 1824 2948 ¹⁰

12 3036 26 3049 .
112 2993 347 3068 intelligentiam
361 2996 549 3052 sacratiorem
565 2998 733 3055 ascendisse
747 2998 777 3054 in
797 2998 901 3069 altum,
918 3003 947 3056 et
1000 2995 1047 3051 die
1062 3010 1095 3050 an
1110 2997 1194 3050 nocte
1208 2993 1366 3065 meditans,
1390 2995 1521 3052 studium
1547 3013 1634 3053 suum
1658 2997 1771 3055 dederit
1786 3000 1822 3056 ad

11 3071 27 3146 ’,ζ
114 3081 269 3157 captivum
285 3082 404 3140 duxisse
418 3084 614 3157 captivitatem
636 3087 722 3154 (Paul.
748 3087 843 3159 aava).
869 3086 944 3155 Sive,
1001 3084 1205 3152 laborandum,
1217 3081 1320 3139 etideo
1330 3083 1356 3139 el
1368 3099 1469 3140 omnes
1482 3083 1576 3141 tribus
1587 3086 1725 3156 serviant,
1737 3086 1825 3160 quasi

12 3153 28 3234 ζ’
113 3171 197 3245 quod
216 3170 323 3228 melius
337 3175 420 3244 puto,
435 3171 587 3245 captivitas
611 3174 789 3247 passionem,
805 3191 945 3232 ascensus
961 3156 983 3224 C
1002 3171 1144 3246 magistro
1160 3173 1237 3228 dona
1250 3175 1412 3244 portantes.

12 3251 19 3350 J
113 3261 365 3318 resurrectionem
381 3261 489 3334 signat.
1034 3261 1223 3332 (Veralbet
1250 3261 1346 3333 seqq.)
1375 3284 1390 3311 «
1421 3260 1483 3318 llan
1508 3262 1655 3334 iudicabit
1681 3265 1824 3339 populum

13 3406 23 3434 ·.
150 3348 507 3423 (Vers.l1.)«Alligans
530 3351 566 3407 ad
591 3351 679 3407 vitem
704 3351 819 3424 pullum
844 3370 943 3422 suum,

13 3433 24 3524 Ἰ
112 3443 144 3496 et
158 3436 293 3495 funiculo
309 3437 425 3511 pullum
440 3441 538 3496 asina.
556 3463 566 3490 ι
595 3441 625 3497 ln
650 3441 768 3497 Hebraeo
782 3441 823 3497 ita
844 3443 942 3514 habet,

17 3581 22 3589 ,
111 3529 246 3596 Attipuna
265 3527 300 3584 od
322 3530 405 3585 vitem
425 3529 534 3601 puttam
556 3546 647 3600 auum,
674 3530 752 3586 876
766 3538 792 3586 ct
805 3533 835 3586 in
854 3531 942 3600 Sorec,

12 3608 24 3688 {J
115 3617 162 3686 fili
176 3617 230 3682 mi,
245 3617 350 3673 minum
363 3633 443 3673 suem
456 3635 463 3686 ;
476 3618 554 3690 qnod
564 3617 699 3675 videlicet
714 3617 827 3691 pullum
844 3619 944 3690 asina,

12 3765 16 3774 ,
115 3701 168 3758 cui
190 3705 352 3776 supersedit
364 3705 464 3774 lesus,
481 3705 536 3762 boc
559 3711 614 3776 est,
635 3705 773 3780 gentilem
790 3707 942 3780 populum,

13 3793 17 3860 J
113 3792 214 3848 vineae
228 3794 439 3866 apostolorum,
455 3796 506 3867 qui
521 3811 556 3852 ex
569 3795 678 3852 Judais
692 3801 771 3865 sunt,
788 3797 944 3868 copulave-

999 3366 1097 3418 suum,
1114 3349 1192 3406 sicut
1206 3349 1280 3405 871
1307 3365 1400 3405 unum
1426 3350 1461 3405 de
1486 3351 1610 3424 sceptris
1635 3352 1733 3410 lsrael.
1761 3355 1825 3413 Fiat

1000 3445 1059 3494 Dan
1075 3437 1194 3493 coluber
1209 3437 1238 3492 iu
1263 3437 1320 3503 via,
1345 3436 1465 3510 regulus
1487 3437 1518 3493 in
1542 3439 1657 3508 semita,
1683 3443 1822 3501 mordens

999 3524 1124 3600 ungulas
1139 3526 1218 3597 equi,
1230 3529 1262 3580 ut
1275 3525 1359 3581 eadat
1375 3527 1429 3597 [lt.
1446 3531 1474 3582 et
1489 3527 1582 3598 cadet]
1602 3543 1741 3585 ascensor
1755 3532 1819 3602 ejus

999 3623 1188 3671 retrorsum:
1222 3611 1397 3669 salvatorem
1426 3616 1611 3686 exspectabo,
1645 3616 1777 3673 Domine.
1804 3641 1819 3669 a

998 3705 1122 3760 Samson
1143 3703 1235 3774 judex
1257 3701 1287 3757 in
1312 3701 1412 3770 lsrael,
1439 3703 1475 3758 dc
1498 3702 1577 3758 tribu
1602 3706 1661 3758 Dan
1679 3703 1743 3759 luit.
1760 3703 1821 3760 Hoc

998 3809 1066 3866 ergo
1082 3791 1170 3848 dicit:
1187 3790 1270 3846 Nunc
1283 3791 1385 3845 videns
1400 3789 1429 3844 in
1454 3789 1561 3862 spiritu
1576 3807 1690 3847 comam
1706 3793 1821 3850 nutrire

12 3885 14 3890 '
113 3882 163 3937 rit.
182 3881 430 3952 EtadSorec,id
460 3888 505 3940 est
531 3885 646 3940 ebatum
671 3885 764 3952 vitem,
785 3884 945 3958 alligaverit
998 3884 1121 3939 Samson
1132 3878 1559 3951 Nazaraeumtuum,oasisque
1571 3879 1706 3936 hostibus
1720 3882 1823 3938 trium-

112 3970 247 4036 asinam,
273 3971 319 4026 cui
343 3973 518 4044 supersedit,
535 3971 694 4030 Ecclesiam
717 3989 752 4029 ex
775 3973 944 4032 nationibus
998 3972 1104 4044 phare;
1131 3969 1207 4041 quod
1232 3967 1261 4023 in
1286 3965 1510 4024 similitudinem
1534 3968 1645 4025 colubri
1669 3970 1821 4044 regulique

108 4064 337 4134 congregatam.
362 4060 444 4126 Quod
466 4067 566 4118 autem
590 4061 672 4131 dicit,
687 4063 730 4134 fili
743 4064 793 4131 mi,
810 4068 943 4136 apostro-
997 4057 1161 4116 obsidentis
1175 4056 1247 4124 vias,
1264 4056 1378 4113 nullum
1394 4073 1446 4128 per
1459 4061 1567 4114 terram
1584 4057 1673 4115 lsrael
1694 4059 1821 4116 transire

13 4211 19 4220 ¹
107 4149 190 4220 phau
204 4149 218 4182 ⁸
231 4149 268 4204 ad
285 4148 383 4221 ipsum
399 4149 506 4206 ludam
521 4151 601 4220 lacit,
626 4151 704 4223 quod
730 4151 865 4209 Christus
881 4153 943 4210 han
998 4147 1165 4221 permittat:
1182 4146 1232 4202 sed
1245 4145 1305 4218 [Al.
1321 4145 1409 4216 sicut]
1424 4145 1510 4202 etiam
1527 4147 1552 4202 si
1568 4147 1636 4219 quis
1648 4147 1822 4204 temerarius

13 4371 17 4378 ¹
142 4307 152 4342 ¹
169 4307 289 4364 Nomen
308 4306 398 4377 tibris,
416 4311 493 4383 quod
508 4311 618 4376 deerat,
634 4311 804 4368 sullecimus
820 4327 854 4368 ex
869 4329 942 4370 mas.
1033 4308 1110 4365 “Est
1128 4306 1206 4364 enlm
1233 4307 1262 4363 ln
1286 4305 1405 4362 Hebraeo
1423 4317 1480 4368 n'tt
1505 4317 1570 4370 run
1593 4307 1694 4364 Asinus
1717 4321 1821 4363 osseus·

13 4389 15 4420 ῑ
106 4377 351 4436 Autcertecum
366 4381 666 4455 Victoriolegendum
688 4383 942 4441 eratabsolutein
999 4379 1071 4436 LXX
1086 4377 1210 4435 solemni
1227 4377 1608 4440 litterarinamutatione
1619 4377 1821 4452 legerintma

14 4511 19 4522 ¹
104 4451 349 4518 Paralipommia.
997 4451 1173 4514 desideravit,
1190 4454 1245 4506 etc.

139 4519 209 4576 ’st
226 4537 293 4576 cum
323 4523 430 4596 primis
458 4522 659 4580 Tertullianus
686 4523 758 4580 satis
779 4523 982 4590 luoulenterD
1033 4522 1133 4578 ⁷Sunt
1157 4521 1206 4593 qui
1232 4522 1338 4593 putant
1360 4518 1392 4572 τὸ
1416 4535 1499 4602 supro
1519 4517 1628 4576 indicio
1649 4536 1725 4590 esse,
1741 4520 1822 4592 quod

103 4589 157 4646 lib.
175 4589 314 4648 aduersae
327 4594 446 4662 Iudaea,
470 4612 535 4668 cap.
562 4594 604 4660 10,
631 4616 645 4644 u
662 4594 742 4650 ldem
758 4595 814 4651 orit
828 4601 857 4652 et
873 4596 941 4653 alibi
998 4594 1132 4665 quadam
1147 4591 1308 4648 exciderint
1336 4591 1372 4646 de
1400 4590 1627 4663 llreronymiano
1646 4591 1701 4648 boe
1716 4607 1821 4663 opere;

13 4719 15 4724 ,
100 4667 218 4719 taurus
247 4665 324 4736 apud
355 4666 490 4721 eamdem
519 4666 701 4738 scripturam
729 4667 897 4749 (Gerasam,
915 4670 943 4741 d)
999 4681 1067 4721 nam
1083 4665 1119 4720 de
1134 4663 1263 4720 Zabulon
1278 4668 1307 4720 et
1322 4662 1506 4734 possessione
1520 4662 1593 4718 nibil
1608 4663 1821 4734 supradictum

13 4749 14 4754 ¹
100 4748 175 4789 cum
192 4733 298 4803 Jacob,
316 4736 435 4793 Simeon
458 4741 487 4792 et
502 4737 568 4792 levi
594 4736 708 4809 experri
732 4743 754 4793 n
768 4738 944 4796 benedictio·
999 4737 1035 4793 ab
1051 4751 1084 4791 eo
1100 4740 1154 4791 est.
1170 4735 1299 4790 'lantum
1315 4732 1369 4790 col.
1386 4733 1466 4799 toan,
1489 4734 1526 4789 de
1550 4733 1701 4790 nativitate
1715 4735 1781 4804 eius
1796 4736 1825 4789 et

13 4865 15 4880 ἱ
102 4821 190 4870 uem,
219 4803 388 4864 describis
413 4813 442 4864 et
466 4807 621 4864 Pharisaeis
646 4751 943 4881 propleumexillis
1000 4806 1118 4864 nomine
1134 4823 1236 4879 pauca.
1252 4805 1361 4860 Verum
1378 4819 1434 4860 non
1451 4804 1634 4874 deboeeuo,
1651 4805 1753 4860 sedda
1774 4819 1825 4860 sa·

100 4875 188 4931 enim
202 4875 363 4935 deducitur
373 4895 479 4936 sensus
495 4879 622 4935 illorum.
638 4880 849 4951 interpretatur
863 4881 943 4937 anim
999 4895 1047 4934 cro
1063 4878 1070 4932 i
1094 4893 1126 4933 so
1142 4882 1222 4932 textu
1236 4877 1368 4961 loquitur
1381 4875 1408 4931 S.
1426 4875 1519 4932 Pater.

102 4946 308 5018 spiritualiter
318 4950 371 5016 sic,
383 4951 501 5008 Simeon
517 4955 546 5006 et
560 4949 625 5006 Levi
638 4949 822 5022 perfecerunt
834 4951 943 5024 iniqui·
1034 4951 1044 4984 ⁸
1092 4965 1131 5004 ss.
1149 4948 1218 5016 duo,
1234 4965 1281 5018 qua
1292 4951 1385 5020 yuntc.
1804 5019 1809 5031 Ι

102 5023 201 5074 tatem
231 5035 265 5075 ex
288 5037 342 5077 sua
366 5026 454 5091 secta,
480 5037 538 5094 qua
560 5020 672 5077 scilicet
695 5019 843 5078 ebriatum
874 5027 945 5079 sunt
1034 5021 1088 5076 lln
1114 5037 1171 5102 uuo
1194 5019 1296 5102 Regin.
1322 5033 1391 5086 ms,
1414 5017 1443 5072 la
1470 5017 1561 5073 bbere
1582 5024 1667 5101 terra
1688 5025 1713 5074 et
1735 5033 1822 5102 marra

14 5161 15 5164 Ἴ
101 5091 273 5162 persecuti,
289 5095 345 5149 etc.
364 5115 378 5142 a
403 5093 476 5149 vide
500 5098 529 5148 et
552 5091 721 5166 Origenem,
744 5092 845 5150 homil.
865 5095 897 5149 17
912 5095 943 5150 in
998 5107 1061 5164 quo
1075 5094 1104 5148 in
1118 5107 1176 5147 aura
1190 5091 1292 5161 finales
1307 5088 1821 5170 nascebantur,pluremumlotoruurt.

101 5163 217 5217 Genea.
999 5165 1029 5219 ln
1046 5162 1136 5219 altero
1152 5166 1331 5217 tantumvox
1343 5159 1472 5214 onradus
1488 5159 1680 5217 desideratur.

135 5231 441 5306 ⁸Apcatropbon.etc.
463 5235 525 5291 Duo
550 5251 622 5292 mas.
653 5234 767 5292 codices
790 5237 887 5293 Graece
903 5235 941 5294 le·
1000 5306 1005 5315 Ι
1035 5235 1056 5269 ¹⁰
1071 5233 1146 5315 Quod
1160 5233 1320 5306 Scripturas
1345 5233 1588 5312 sanctuabucmr
1612 5230 1824 5316 commentarii

102 5301 617 5451 gillil'li'illllllllbl’aa,
643 5381 671 5432 a
695 5377 792 5448 aasz..
805 5381 834 5435 a
847 5380 943 5436 aen
998 5300 1824 5456 tabida.litlot?ditttffiettttttbtl

14 5461 15 5466 ¹
97 5444 267 5514 scribitur;
284 5449 402 5506 tametsi
415 5451 532 5522 pullum,
548 5449 613 5505 bair
624 5447 732 5504 dicunt
743 5449 941 5517 Massaretbae,
997 5448 1106 5516 scaber)
1123 5452 1241 5519 propter
1255 5443 1455 5502 lortrtudmem
1470 5443 1554 5526 legis,
1570 5460 1603 5502 eo
1626 5448 1704 5518 quod
1719 5447 1749 5502 in
1764 5445 1823 5503 bu-

15 5527 16 5530 ’
97 5519 259 5588 cambotam,
277 5517 332 5574 bir.
998 5534 1078 5574 mero
1094 5517 1186 5590 legem
1203 5521 1331 5591 portaret
1344 5519 1374 5572 et
1388 5522 1500 5572 caterae
1515 5518 1650 5575 tribubus
1664 5517 1821 5589 tributum,
1855 5533 1861 5545 ‘

140 5585 269 5645 'Hatera
281 5604 372 5648 suam.
385 5591 522 5650 ilebraus
533 5601 604 5657 aare
615 5593 657 5647 iro
672 5589 775 5659 babet,
788 5593 865 5667 quod
878 5591 942 5666 put·
997 5589 1028 5646 id
1043 5593 1089 5647 est
1102 5589 1267 5646 doctrinam
1283 5587 1309 5644 le
1332 5587 1367 5657 ἐ,
1383 5585 1575 5660 impenderet.
1593 5611 1607 5640 n
1622 5587 1694 5648 Vide
1708 5592 1821 5662 Appen·

98 5657 166 5718 tuan
182 5673 277 5732 suun,
292 5661 337 5722 vel
352 5665 448 5724 arten
462 5681 543 5724 auum
557 5662 721 5740 signifieat.
743 5663 887 5726 marna.
997 5661 1092 5722 dicem
1107 5660 1199 5736 buius
1213 5659 1297 5722 tomi.
1343 5673 1459 5721 aurun.
