4056 6170
96 309 191 372 *titt
615 310 927 376 COMMENTARIUS
949 313 988 374 lN
1011 311 1311 377 EGGLlllSldS'l'llN.
1738 309 1818 374 {tut

107 439 278 514 'explanatle
292 440 358 510 luit,
374 445 403 498 et
417 445 542 516 totpenc
561 443 723 512 sententie,
749 451 820 516 quot
839 443 937 501 homi·
952 447 978 513 Α
993 448 1036 502 raia
1053 447 1116 518 (lae.
1133 448 1251 518 xxxvii).
1267 445 1299 502 ln
1316 444 1375 502 illis
1394 443 1498 500 diebus
1511 445 1618 513 florebat
1640 443 1819 517 amygdalum

119 545 176 586 nes.
200 528 281 588 Unde
304 530 375 602 quia
396 530 518 604 longum
545 535 590 588 cst
604 531 789 604 opinationes
809 534 941 590 omnium
996 533 1049 607 [dl.
1065 536 1250 608 sappeditat
1267 533 1316 590 ille
1331 533 1455 590 baculus
1474 537 1503 589 et
1528 533 1609 606 virga
1637 549 1724 606 quam
1741 533 1818 590 iere·

117 632 274 687 reccnsere,
302 623 331 674 et
354 624 528 692 argumenta
556 619 665 692 quibus
686 621 847 678 sententias
872 638 942 678 suas
996 623 1071 678 inias
1086 623 1115 678 in
1131 624 1289 696 prophetie
1309 641 1370 678 suu
1383 622 1455 677 vidit
1470 622 1597 690 exordio,
1613 630 1639 677 et
1661 624 1819 694 impieque·

103 707 277 780 'approbare
299 706 455 774 voluerint,
484 708 638 782 explicare,
668 725 758 781 prope
784 727 830 766 res
853 710 942 766 unius
997 713 1197 779 titurlocastu,
1227 712 1497 769 Nabuchodonosor
1516 727 1582 767 com
1613 710 1819 777 sucexercitu,

116 793 272 852 voluminis
296 799 341 854 est
363 813 370 852 t
393 797 521 854 sufficiat
546 797 740 870 prodentibus
759 797 943 871 significasse
996 809 1022 858 et
1036 802 1217 874 dissipabitur
1229 803 1356 874 capparis
1371 803 1482 874 (ierem.
1495 800 1525 872 1),
1542 799 1672 856 amicitia
1686 799 1736 855 Dei
1752 815 1838 856 cum·

116 883 183 956 qnid
198 885 355 955 senserint,
381 890 411 941 at
433 885 518 956 quasi
534 887 562 942 in
585 885 713 959 quadam
729 887 808 944 brevi
822 886 942 958 tabella,
997 889 1094 947 lsrael.
1112 891 1184 956 Ouid
1205 891 1262 948 sibi
1275 895 1373 946 eutem
1388 890 1456 945 velit
1469 891 1608 961 capparis,
1625 905 1692 944 cum
1708 888 1745 944 de
1759 887 1820 944 sin·

116 971 189 1028 situs
201 973 330 1046 pinxisse
346 978 503 1043 terrarum,
515 976 666 1048 totiusque
680 975 760 1032 orbis
774 977 941 1033 vastitatem
996 979 1073 1051 gulis
1085 979 1258 1052 ceperimus
1274 979 1380 1046 dicere,
1404 977 1519 1050 plonius
1541 976 1744 1050 explicabitur.
1761 975 1820 1032 Hoc

116 1065 146 1117 et
159 1061 303 1118 ambitum
316 1061 434 1134 Oceani,
446 1068 571 1138 angusto
582 1070 746 1121 montresee
757 1064 940 1138 compendio.
997 1073 1094 1124 autem
1120 1073 1215 1124 totum
1236 1066 1349 1124 eveniet
1372 1065 1471 1123 Israeli
1495 1083 1501 1122 ι
1527 1065 1597 1138 quia
1618 1065 1752 1122 abiturus
1776 1067 1822 1120 est

151 1149 264 1206 Hebraei
279 1151 315 1208 atl
331 1151 419 1208 lsrael
434 1153 582 1209 aestimant
597 1152 743 1225 pertinere
759 1154 939 1223 mandatum,
996 1155 1083 1212 homo
1103 1156 1133 1212 in
1162 1157 1281 1212 domum
1306 1153 1477 1211 eternitatis
1501 1171 1572 1222 sua,
1592 1157 1621 1210 et
1645 1169 1661 1208 a
1684 1148 1820 1226 prasidio

116 1239 161 1295 cni
176 1239 355 1313 precipitur,
372 1244 404 1296 ut
428 1241 543 1297 truatur
561 1241 671 1298 divitiis
689 1242 767 1310 suis,
783 1246 941 1314 antequam
998 1242 1045 1300 lici
1061 1245 1071 1280 ⁸
1086 1246 1120 1300 ad
1137 1244 1264 1302 calestia
1278 1261 1459 1312 reversurus,
1476 1259 1534 1316 quo
1558 1244 1665 1298 abunte
1681 1242 1711 1298 in
1726 1241 1821 1298 taber·

105 1327 141 1385 ὀἱ
165 1327 341 1400 captivitatis
362 1334 478 1402 tempus
494 1330 637 1396 adveniat,
660 1335 690 1386 et
713 1330 938 1387 adolescentiam
996 1333 1133 1389 naculum
1146 1333 1491 1401 suom,circumibontin
1502 1330 1598 1404 platea
1614 1331 1717 1387 tientes
1733 1334 1820 1403 atque

115 1421 262 1474 senectute
281 1423 443 1474 commutet
459 1435 465 1473 :
482 1419 625 1492 quidquid
641 1418 812 1476 delectabile
833 1420 877 1475 vel
887 1421 938 1492 ju·
995 1421 1176 1494 plangentes.
1202 1427 1230 1478 ot
1254 1421 1382 1478 bostium
1406 1420 1558 1478 obsidione
1576 1418 1684 1476 vallati.
1712 1419 1822 1476 Latere

116 1508 255 1573 candum,
275 1511 335 1564 tam
360 1508 452 1576 cordi,
467 1524 556 1580 quam
577 1508 670 1565 oculis
692 1508 870 1581 apperuerit,
895 1523 940 1578 ec,
995 1526 1074 1582 ergo,
1091 1509 1190 1576 lsrael,
1205 1508 1236 1565 in
1251 1511 1404 1582 juventute
1418 1514 1478 1576 tua,
1491 1513 1648 1580 antequam
1665 1512 1823 1580 rumpatur

118 1595 187 1651 dum
203 1596 230 1650 in
249 1599 387 1668 promptu
407 1601 461 1662 est,
486 1597 627 1654 abutatur
652 1614 659 1653 :
685 1597 726 1653 ita
748 1601 847 1654 tamen
864 1601 896 1654 ut
909 1613 941 1654 se
994 1597 1144 1655 funiculus
1160 1604 1326 1670 argenteus,
1352 1597 1475 1668 honest,
1495 1597 1587 1652 donoc
1616 1595 1709 1668 gloria
1728 1600 1823 1652 vostra

119 1683 225 1740 noverit
238 1683 269 1740 in
284 1684 627 1756 omnibusjudicandum
645 1702 652 1742 :
670 1689 698 1741 et
712 1690 773 1742 tam
787 1685 940 1758 cogitatio·
994 1687 1145 1744 vobiscum
1160 1691 1215 1758 est,
1231 1691 1390 1759 antequam
1406 1690 1537 1742 recurrat
1557 1685 1628 1742 vitto
1651 1700 1739 1741 aurea
1753 1685 1777 1752 ⁸,
1793 1683 1821 1740 id

115 1785 166 1827 nes
180 1771 284 1841 malae,
296 1789 387 1846 quam
403 1771 541 1832 libidines
556 1774 659 1847 fugiat,
675 1774 773 1831 sciens
783 1774 939 1832 stultitiam
993 1781 1048 1842 est,
1072 1779 1231 1847 antequam
1253 1791 1320 1831 arca
1345 1775 1510 1831 testamenii
1537 1775 1687 1829 auderetur
1703 1791 1709 1828 :
1725 1773 1823 1846 prius-

113 1859 314 1918 adolescentia
343 1860 509 1935 copulatam
535 1880 542 1920 ι
564 1863 790 1936 recordaturque
822 1879 940 1937 sempor
992 1881 1081 1937 quam
1098 1861 1822 1936 conteraturbydriaadiontem,etconvolvstur

6 1965 8 1986 ³
109 1941 256 2007 'creatoris
268 1949 488 2024 sui,anteqoam
500 1951 563 2008 dies
573 1951 738 2025 babylonico
754 1969 787 2010 ac
802 1953 939 2009 Romane
992 1957 1056 2010 rota
1068 1969 1157 2026 supor
1172 1952 1279 2020 lucum,
1295 1951 1323 2008 id
1338 1957 1395 2018 est,
1412 1953 1504 2007 donec
1518 1950 1597 2007 intra
1624 1955 1728 2006 sancte
1753 1967 1821 2006 sun-

6 2053 8 2086 :
110 2037 287 2111 captivitatis
307 2039 474 2107 adveniant,
499 2039 530 2096 in
558 2040 668 2112 quibus
690 2057 748 2098 aon
779 2042 887 2114 poterit
901 2041 940 2098 be
992 2047 1106 2100 aterum
1121 2045 1264 2115 praccepta
1278 2041 1392 2114 legis,et
1402 2039 1497 2096 sancti
1514 2039 1642 2119 Spiritus
1653 2043 1698 2095 est
1711 2039 1819 2111 gratia,

6 2141 11 2192 ᾳ
112 2127 180 2184 bere
197 2127 377 2184 volontatem
408 2129 427 2184 ¹.
444 2129 587 2186 llttotum
614 2129 693 2186 hunc
722 2129 817 2186 locum
845 2130 881 2186 ab
905 2147 938 2187 eo
992 2136 1022 2187 et
1046 2135 1203 2201 antequem
1230 2129 1384 2185 revertaris
1412 2128 1442 2184 in
1471 2127 1660 2201 Babylonem,
1684 2127 1762 2184 unde
1788 2127 1819 2182 in

6 2257 9 2267 .
111 2217 190 2288 quod
205 2217 267 2272 ait:
285 2239 300 2268 a
316 2221 482 2288 Antequam
498 2218 682 2276 tenebrescat
697 2217 751 2286 sol,
768 2222 797 2274 et
811 2216 892 2286 luna,
908 2223 938 2274 ct
992 2218 1101 2274 lumbis
1117 2218 1195 2274 486
1217 2232 1355 2290 egressus
1379 2231 1411 2272 es
1434 2217 1567 2283 Abrabae,
1591 2220 1619 2270 et
1642 2214 1766 2288 incipias
1790 2215 1820 2270 in

109 2303 212 2377 stollas,
231 2329 241 2356 ι
263 2322 358 2378 usque
380 2307 417 2362 ed
444 2321 512 2362 eum
536 2305 644 2375 locum,
670 2307 701 2362 in
715 2322 772 2379 quo
788 2307 939 2380 Scriptura
992 2307 1200 2379 Mesopotamia
1214 2305 1335 2376 centeri,
1352 2304 1430 2360 unde
1456 2309 1484 2360 et
1503 2303 1652 2377 qnondam
1671 2303 1820 2377 proiectus

6 2409 11 2446 ι
109 2400 322 2452 commemorat
344 2412 351 2452 :
377 2417 392 2447 a
420 2396 455 2452 itt
469 2399 653 2452 convertetur
671 2396 768 2468 pulvis
783 2395 813 2450 in
828 2400 937 2452 terrem
991 2395 1314 2468 es20mniquegratia
1343 2391 1821 2467 propheticaquequondamt'ue-

6 2529 7 2534 ,
110 2499 197 2539 suam
212 2483 290 2540 sicut
312 2489 384 2552 erat,
406 2490 436 2542 et
457 2484 580 2557 spiritua
604 2489 763 2541 revertetur
782 2485 818 2540 ad
841 2485 939 2540 Domi·
993 2503 1041 2542 ras
1068 2485 1240 2557 inspiratus,
1261 2487 1423 2539 revertetur
1438 2483 1473 2539 ed
1494 2483 1624 2538 datorem
1641 2497 1740 2538 suom.
1756 2482 1822 2538 llaeo

109 2589 194 2640 num,
205 2572 255 2645 qui
281 2573 362 2630 dedit
386 2572 487 2643 illum3
505 2595 519 2623 a
534 2589 623 2645 super
634 2577 712 2629 statu
725 2573 937 2630 absconditio·
967 2647 970 2653 ¹
992 2574 1085 2629 iudei
1101 2589 1195 2646 usque
1211 2571 1296 2628 bodio
1310 2572 1461 2628 disserunt
1472 2574 1502 2627 et
1515 2570 1552 2627 ad
1563 2587 1719 2643 personam
1735 2586 1821 2627 suam

6 2681 8 2710 τ
108 2661 156 2718 nis
178 2660 345 2734 explanant.
370 2663 438 2729 Ques
461 2661 542 2736 quia,
556 2666 588 2717 ut
607 2661 851 2735 supradiximus,
867 2660 937 2717 laci·
994 2661 1216 2736 intelligentiam
1234 2661 1321 2732 liujus
1338 2659 1460 2733 capituli
1476 2660 1605 2717 trabunt.

6 2771 7 2774 ¹
107 2751 218 2806 uiosa¹
233 2753 304 2806 sunt
316 2754 345 2807 et
360 2749 481 2823 prolixa,
496 2750 622 2808 strictim
638 2768 655 2807 a
683 2750 768 2806 nobis
797 2749 937 2808 breviter·
1028 2751 1087 2807 Nos
1102 2756 1199 2808 autem
1216 2751 1252 2807 ad
1268 2749 1429 2822 superioris
1454 2749 1663 2822 disputationis
1687 2748 1820 2806 ordinem

6 2861 8 2894 a
106 2855 167 2912 que
180 2841 350 2910 tangentur.
365 2838 473 2894 Latere
487 2853 556 2911 ergo
571 2839 600 2894 in
616 2839 770 2911 juventute
784 2839 860 2896 486
877 2845 938 2908 tua,
992 2844 1179 2907 revertentes,
1195 2837 1313 2912 singola
1340 2838 1513 2895 conabimur
1533 2838 1689 2910 explanare
1705 2855 1712 2894 :
1731 2861 1742 2888 a
1759 2837 1819 2893 La·

106 2943 124 2984 o
140 2925 242 2993 lsrael,
257 2931 286 2982 et
301 2926 346 2982 iac
360 2924 410 2983 illa
428 2927 472 2983 vel
496 2926 557 2995 ills,
573 2927 609 2983 de
623 2927 732 3000 quibus
742 2928 806 2999 jem
822 2927 935 2984 dictum
992 2933 1064 2999 tare,
1077 2928 1205 3000 juvenis,
1222 2928 1252 2983 in
1267 2927 1466 2984 adolescentia
1488 2932 1550 2995 tua,
1575 2927 1647 2982 etin
1663 2927 1739 2982 bono
1755 2925 1818 2982 sit⁸

7 3041 9 3058 ι
108 3019 157 3072 est
181 3019 341 3086 antequam
375 3015 538 3088 captivitas,
564 3017 709 3084 adveniet,
733 3022 762 3073 et
785 3035 803 3072 a
823 3021 938 3072 tetuus
992 3023 1140 3074 cortuum
1164 3017 1193 3072 in
1215 3017 1320 3073 diebus
1338 3016 1502 3088 juventutis
1528 3014 1817 3081 tue‚etambulain

7 3155 11 3162 .
107 3103 206 3174 bonor
220 3103 336 3160 recedat
356 3109 385 3160 et
408 3103 511 3177 gloria,
537 3109 565 3160 ot
584 3105 711 3176 judices,
733 3110 763 3161 et
782 3104 936 3162 sanctitat
992 3106 1048 3162 viis
1061 3106 1157 3162 cordis
1171 3105 1226 3174 tui,
1239 3109 1268 3161 et
1282 3105 1312 3160 in
1329 3111 1450 3176 aspectu
1467 3103 1619 3160 oculorum
1639 3109 1767 3161 tuorum.
1783 3103 1819 3159 Et

6 3219 8 3252 τ
106 3193 197 3267 (quos
221 3192 251 3248 in
275 3192 346 3259 sole,
371 3197 400 3250 ct
420 3193 501 3264 luna,
527 3197 556 3248 et
575 3192 669 3250 stellis
684 3192 807 3266 intelligi
823 3175 973 3268 voluntte
992 3195 1065 3253 scito
1082 3211 1171 3267 super
1183 3195 1322 3250 omnibus
1337 3193 1394 3264 his,
1421 3193 1635 3266 quiaadducet
1650 3199 1677 3249 te
1694 3193 1769 3249 Deus
1784 3192 1815 3248 in

6 3332 10 3340 .
106 3281 293 3350 auferantur,
323 3282 488 3352 Antequam
522 3281 620 3338 veniat
655 3282 934 3352 Nabuchodonosor,
985 3283 1145 3356 judicium.
1164 3283 1311 3339 »Dixerat
1331 3281 1428 3338 lucem
1444 3281 1546 3336 mundi
1567 3280 1815 3353 hujusessedul·

6 3399 8 3432 J
104 3371 172 3440 sivo
196 3370 281 3426 Titus
304 3369 476 3442 Vespasiani
496 3369 575 3427 illius
598 3371 748 3428 accituea
776 3372 935 3445 prophetis,
990 3372 1151 3439 desimam,
1164 3376 1193 3426 et
1205 3368 1295 3426 laetari
1311 3369 1419 3424 debore
1430 3368 1579 3426 bominem
1591 3367 1620 3424 in
1632 3369 1736 3426 diebu
1749 3369 1815 3425 vite

6 3511 7 3520 ξ
102 3463 254 3516 eteorum
270 3457 407 3514 vaticinia
422 3453 634 3531 compleantur.
653 3461 684 3515 ln
704 3458 754 3515 dic
768 3476 826 3533 qua
841 3461 937 3533 angeli
990 3477 1061 3528 sua,
1072 3459 1211 3532 omnique
1227 3457 1646 3529 etudiocarperayoluptatem
1660 3456 1816 3530 :ingruere

6 3577 12 3610 ;
103 3545 213 3618 templi
226 3545 363 3618 presides
378 3547 523 3616 recedent,
539 3551 569 3604 et
582 3547 782 3605 turbabuntur
797 3549 938 3606 robustis·
990 3549 1198 3605 enimnoctem
1223 3546 1327 3602 mortis
1351 3549 1500 3611 aternam,
1526 3545 1816 3618 quandononlieeet

6 3667 8 3700 ς
106 3631 938 3709 simiquippeinexercitotuo‚ototiesaerunteloquia
991 3636 1100 3710 pertrui
1124 3633 1319 3708 congregatis,
1348 3639 1378 3690 ct
1399 3633 1484 3706 quasi
1510 3634 1656 3703 umbram,
1682 3633 1818 3692 universa

107 3720 331 3794 magistrorum,
356 3729 386 3780 et
408 3724 567 3796 propheto,
591 3723 642 3797 qui
658 3725 694 3780 de
708 3725 789 3781 omlis
804 3724 938 3782 solebant
991 3743 1055 3797 que
1071 3725 1231 3780 habuimus
1250 3724 1437 3796 pertransire.
1463 3721 1546 3778 Nune
1571 3738 1640 3794 ergo
1668 3723 1816 3780 bominem

101 3811 256 3870 visionum
288 3829 410 3870 suarum
445 3812 546 3870 lumen
577 3814 718 3886 accipere,
734 3814 937 3872 contenebros·
992 3815 1168 3884 cohortatur,
1185 3811 1557 3880 etdicitzoadoloscens,
1575 3816 1733 3884 antequam
1762 3811 1817 3868 tibi

7 3933 8 3960 ;
100 3902 347 3973 εοεηῑιᾳυεηάο
381 3901 557 3959 claudentur
578 3903 937 3975 templijanuae,etbumi·
992 3908 1126 3960 senectus
1141 3906 1170 3958 et
1189 3916 1268 3956 mors
1283 3899 1402 3970 ingruat
1417 3898 1516 3956 laura
1545 3899 1573 3955 in
1586 3901 1741 3971 iuventute
1755 3905 1817 3974 tua,

98 3988 232 4046 liabitur
243 3989 420 4056 Jerusalem,
432 3996 462 4047 et
476 3989 744 4058 chaldeusvenict,
756 3991 839 4064 quasi
850 3997 937 4050 cantu
992 3998 1021 4049 ct
1035 3990 1178 4064 quidquid
1193 3989 1247 4046 tibi
1262 3989 1349 4045 corde
1364 3989 1485 4055 bonum,
1510 3993 1629 4062 aspectu
1651 3991 1818 4062 jucundum

99 4079 162 4152 [At.
181 4079 297 4152 cantus)
320 4077 457 4150 volucris,
480 4079 522 4136 ita
544 4079 675 4137 ieremias
699 4080 820 4138 vocibus
835 4097 938 4154 proro-
992 4081 1117 4151 videtur,
1137 4094 1267 4144 assumo,
1293 4078 1399 4136 fruare,
1427 4081 1460 4133 ut
1483 4076 1566 4146 libet,
1588 4079 1693 4134 mundi
1718 4079 1816 4135 robus.

6 4229 7 4232 Ἴ
99 4173 196 4224 catus
221 4167 233 4202 ⁸
254 4167 363 4240 (leram.
387 4171 439 4240 rx),
463 4173 491 4225 et
515 4168 712 4226 conticescent
733 4168 799 4226 tilia
822 4170 938 4240 cantici,
994 4171 1123 4227 Rursum
1138 4183 1174 4223 oe
1191 4170 1342 4240 putaretur
1357 4165 1538 4235 benedicens,
1552 4166 1701 4224 bominem
1716 4167 1752 4224 ad
1767 4167 1819 4223 lu·

99 4258 137 4314 in
154 4253 267 4329 templo
280 4253 470 4328 psallentium
486 4257 576 4314 chori.
592 4257 644 4314 llio
660 4261 800 4332 tempore,
821 4260 939 4332 quando
992 4258 1107 4316 xuriam
1123 4271 1289 4330 provocare,
1309 4259 1338 4311 et
1353 4255 1383 4311 in
1407 4253 1521 4327 Epicuri
1543 4255 1651 4328 dogma
1673 4271 1818 4324 corruere,

100 4344 264 4404 venientes
280 4345 309 4400 io
324 4344 567 4419 Hierosolymam,
580 4346 635 4418 ipsi
653 4362 769 4419 quoque
782 4347 940 4405 bostesltei
993 4346 1193 4421 suspicionem
1219 4345 1293 4401 benc
1317 4343 1449 4410 abstulit,
1480 4343 1609 4400 inferens
1626 4361 1632 4400 :
1650 4367 1664 4396 a
1681 4345 1716 4401 itt
1731 4345 1814 4415 scito,

101 4433 321 4509 pertimescent
336 4434 584 4507 magnitudinem,
599 4440 627 4492 et
642 4435 673 4491 in
687 4437 733 4492 via
752 4437 845 4504 dubii,
870 4442 940 4493 Sen-
995 4435 1133 4508 quoniam
1145 4451 1234 4506 super
1248 4433 1388 4490 omuibus
1402 4431 1450 4488 bis
1462 4433 1588 4489 adducet
1600 4438 1626 4490 te
1644 4435 1718 4491 Deus
1733 4433 1762 4492 in
1773 4436 1822 4507 ju-

102 4522 265 4582 macberib
280 4523 426 4579 interdum
441 4523 650 4580 formidabunt.
663 4525 719 4582 lloo
735 4525 812 4581 enim
828 4525 940 4582 dictum
956 4545 981 4611 D
995 4523 1203 4590 diciamusic,
1219 4523 1325 4595 inquii,
1337 4522 1457 4578 abutere
1469 4522 1571 4579 mundi
1585 4523 1683 4594 rebus,
1697 4527 1730 4580 ut
1744 4526 1821 4582 scias

102 4614 222 4686 putet:
251 4613 283 4666 lit
305 4611 340 4667 ab
363 4611 469 4668 excelso
498 4613 643 4681 timebunt,
669 4619 695 4670 et
718 4613 943 4686 formidabamus
997 4610 1406 4684 teinultimojudicandum.
1427 4609 1692 4683 «Etropclleiram
1709 4612 1821 4669 acarde

119 4769 156 4806 '¹
193 4767 329 4843 Plerique
353 4788 426 4829 mss.
449 4772 623 4846 voluptutem,
650 4772 696 4827 hic
725 4789 777 4845 pro
806 4776 944 4830 voluntate
997 4772 1191 4833 obcuataetc.

104 4840 286 4916 praeiernnt.
1034 4875 1067 4884 —
1082 4847 1104 4898 Α
1119 4840 1222 4908 proeds'o
1253 4842 1305 4896 Dei
1329 4839 1364 4896 ad
1386 4839 1519 4903 colestia.
1549 4846 1603 4898 etc.
1634 4843 1823 4900 corbeienses

147 4943 188 4954 -
210 4913 315 4970 ileum
345 4914 877 4973 volontatem.llieerroromeumdem
897 4931 944 4972 cs·
999 4931 1070 4971 mss.
1087 4913 1201 4968 codices
1225 4911 1824 4988 aliudretinent.Etproesidiamrjuslloau

99 4982 238 5058 stigavi;
255 4984 326 5057 quie
339 5003 372 5042 ex
389 4990 525 5042 contextu
542 5003 624 5042 sacro
653 4985 760 5043 satiati
785 4991 833 5041 oet
848 4987 944 5042 uolua·
998 4986 1164 5042 maculastis
1187 4997 1354 5038 retrusurus.
1381 4984 1471 5040 lidom
1497 4984 1584 5040 etlam
1608 5002 1659 5058 pro
1687 4987 1758 5042 vitto
1774 5003 1824 5042 ou-

99 5061 211 5126 mem,
229 5073 287 5112 non
303 5057 470 5130 voluptutem
487 5058 611 5130 positum
628 5073 692 5114 esse
707 5058 743 5114 ab
758 5003 942 5130 Hieronymo.
998 5075 1056 5124 reo,
1075 5057 1174 5182 lefrici
1188 5070 1275 5110 conse
1299 5060 1409 5121 uenter,
1426 5057 1509 5111 tonia
1524 5073 1611 5112 nereo
1627 5057 1769 5114 Maarrau.

103 5127 268 5188 Maenius.
1033 5129 1097 5185 ‘Pa
1110 5127 1180 5183 atini
1197 5143 1268 5181 mss.
1306 5134 1415 5181 occurat
1429 5127 1503 5182 tinea
1517 5143 1613 5184 nterea.

146 5195 307 5256 ’vatican
331 5200 442 5256 Lotioro
457 5207 522 5256 sant
537 5216 589 5272 pro
604 5201 748 5257 laciniosa.
1033 5201 1045 5236 ⁶
1069 5199 1177 5254 Vitiosa
1201 5201 1263 5253 erat
1289 5199 1338 5253 sio.
1365 5195 1513 5254 Recitator
1535 5215 1603 5254 voro
1632 5200 1668 5256 ab
1701 5200 1825 5257 Alcuino

146 5271 158 5307 ⁸
178 5275 242 5326 Duo
257 5287 343 5338 msa,
358 5270 512 5339 alcuinus,
529 5275 715 5344 votesresque
730 5271 811 5337 editi,
826 5271 944 5344 prepdc-
1000 5287 1116 5344 queque
1131 5269 1179 5324 hic
1193 5268 1275 5324 locus
1286 5269 1321 5323 ad
1339 5267 1417 5324 bunc
1433 5270 1552 5324 modum
1570 5287 1577 5324 :
1594 5271 1706 5341 laturo,
1715 5273 1827 5345 juvenis

105 5345 208 5402 tatus.
1000 5341 1184 5400 odolescentia
1203 5344 1261 5406 tua,
1277 5348 1302 5395 et
1317 5342 1347 5394 io
1363 5340 1431 5396 douo
1446 5343 1492 5408 ait,
1508 5347 1562 5398 etc.

149 5411 375 5482 ‘Martianeuq
392 5413 424 5469 tt
437 5429 455 5468 a
469 5413 573 5482 praedio
592 5413 649 5469 oea
678 5414 747 5474 bles.
765 5431 833 5472 vero
853 5414 946 5470 nostri
1036 5443 1069 5455 -
1083 5415 1114 5468 at
1130 5415 1158 5468 ia
1173 5413 1239 5468 tono
1252 5413 1342 5466 sitcor
1356 5419 1445 5480 tuam,
1461 5416 1516 5468 otc.
1535 5413 1609 5477 Ouot
1632 5419 1729 5473 textus
1751 5415 1828 5474 Scri·

102 5481 235 5549 dmnes,
246 5488 310 5540 tum
326 5483 476 5544 alcoinus,
489 5489 517 5538 et
533 5484 690 5550 Victorius,
701 5486 840 5557 praesidio.
856 5503 945 5559 quam
1022 5490 1095 5540 ture
1110 5482 1285 5540 omittantur
1299 5481 1329 5538 in
1352 5484 1500 5542 veteribus
1528 5486 1706 5551 clitonibns,
1722 5503 1756 5542 ex
1772 5487 1826 5544 boo

104 5557 275 5614 lectionem
291 5559 327 5612 sd
343 5577 385 5612 eoi
396 5575 443 5610 uin
462 5557 546 5611 tidem
568 5558 745 5628 reponimus.
765 5559 829 5614 Mox
841 5561 947 5616 iterum
1002 5502 1065 5612 Foco
1080 5572 1113 5612 ac
1129 5553 1223 5609 tribus
1237 5555 1487 5628 consequentibus
1502 5557 1688 5632 perspicuum
1705 5564 1774 5631 puto
1788 5555 1827 5612 le·

99 5627 273 5698 Alcuinus,
302 5627 358 5701 Quo
385 5628 527 5685 lectitante
552 5629 583 5684 io
610 5629 787 5687 tabernaculo
814 5645 877 5700 suo,
893 5645 946 5706 pro
1003 5627 1086 5688 otoni.
1103 5626 1246 5686 Moerus.

283 5753 417 5824 Panaca.
440 5753 552 5822 xxtlt.
1624 5757 1661 5824 ³¹1
