4078 6162
200 295 283 358 ,sis
849 293 881 355 a.
904 290 1058 358 nususii
1079 291 1300 356 ninaoniiii
1857 259 1921 353 'aaa

221 443 254 483 ae
270 423 442 482 mutationis
458 424 534 481 Μ
548 429 678 494 accuset,
693 427 828 483 nesciens
843 426 942 482 omnia
963 441 1045 480 scau·
1060 427 1087 491 Α
1101 425 1311 482 condemnabo.
1325 426 1410 493 Vade,
1433 429 1463 482 et
1490 423 1594 482 amodo
1621 421 1681 480 noli
1707 437 1828 496 peecare
1842 421 1918 490 (ltid.

224 513 293 572 dala
307 515 343 572 ad
359 530 477 572 earnem
491 530 555 572 esse
566 515 717 572 reicienda
730 517 749 571 ¹.
767 538 781 566 i
798 515 922 588 Moyses,
953 514 1047 586 inquit
1101 515 1145 580 10,
1163 515 1215 583 11).
1234 535 1248 562 ι)
1264 513 1402 586 Praecepit
1418 513 1569 582 Dominus,
1586 529 1622 570 ne
1637 511 1761 570 ulterius
1792 515 1920 583 peccaret

221 605 301 661 dedit
319 604 402 662 vobis
416 602 520 676 legem,
537 608 566 660 et
578 621 663 660 nemo
679 622 713 661 ei
736 604 818 660 vobis
843 605 911 659 lacit
939 603 1045 676 legem,
1100 602 1185 657 sicuti
1197 605 1225 658 et
1237 603 1295 658 alia
1309 602 1483 658 similiterin
1496 605 1559 672 lege
1574 601 1733 659 mandavit.
1749 599 1804 654 Sed
1825 602 1919 655 utrum

221 693 373 764 (loamxii,
390 692 433 763 19)
450 714 464 741 >i
482 693 583 765 utique
598 692 779 764 possibilem,
797 697 937 748 ettamen
967 693 1044 764 qaod
1099 707 1133 746 ea
1149 691 1258 756 lecerit,
1271 707 1371 760 necne,
1388 692 1540 764 Scriptura
1569 709 1627 748 non
1655 690 1735 746 dicit.
1763 711 1778 739 a
1802 688 1917 760 Omnes,

220 786 283 838 erat
295 780 446 854 possibile,
462 795 547 838 nemo
563 781 846 854 impleverat,nequc
865 781 944 838 enim
959 781 1045 852 culpa
1099 780 1206 852 inquit,
1222 779 1272 852 qui
1288 785 1430 836 venerunt
1444 784 1511 836 ante
1526 797 1582 849 me,
1601 781 1679 837 sures
1692 779 1813 835 luerunt
1824 781 1854 834 et
1879 776 1919 834 la·

219 868 393 941 imperantis
407 873 462 938 est,
478 869 529 924 scd
546 867 689 942 fragilitas
705 869 862 934 audientis,
886 874 918 925 ut
946 869 1044 926 omnis
1098 870 1398 940 transrhenana).
1417 869 1475 925 »si
1504 886 1617 939 omnes,
1646 867 1747 924 nullus
1767 865 1917 938 excipitur.

219 959 350 1014 mundus
364 957 697 1014 ¹subditustiatDeo.ln
713 959 869 1032 Evangelio
880 959 1043 1015 secundum
1101 981 1111 1006 ι
1130 958 1184 1023 Oui
1200 965 1352 1027 venerunt,
1370 981 1383 1008 ι)
1399 958 1505 1032 inquit,
1522 975 1590 1026 non,
1605 957 1748 1030 quimissi
1778 961 1859 1025 sunt,
1886 957 1918 1012 de

217 1046 360 1104 loannem
376 1047 406 1102 in
423 1046 524 1102 multis
539 1049 568 1102 et
583 1046 689 1104 Graecis
705 1051 733 1106 et
755 1048 865 1104 Latinis
893 1048 1043 1104 codicibus
1098 1046 1206 1118 quibus
1223 1047 1364 1120 propheta
1377 1048 1438 1102 ait}
1456 1071 1470 1098 «ι
1486 1047 1544 1120 lpsi
1559 1047 1715 1105 veniebant
1729 1063 1746 1102 a
1758 1061 1799 1114 se,
1817 1041 1852 1102 et¹
1870 1041 1918 1118 e'ge

220 1135 411 1192 inveniturde
427 1134 561 1192 adultera
576 1136 729 1204 muliero³,
747 1153 810 1210 quie
834 1141 970 1194 accusato
999 1140 1043 1193 est
1098 1152 1157 1191 non
1176 1136 1330 1194 mittebam
1346 1153 1396 1192 eos
1411 1138 1521 1208 (ierem.
1544 1153 1602 1206 xiv,
1631 1137 1687 1207 45).
1714 1155 1727 1186 i
1756 1133 1919 1199 Quoverbo

218 1225 295 1296 apud
311 1223 480 1280 Dominum.
492 1226 679 1280 Accumbunt
693 1229 789 1281 autem
806 1229 834 1282 ct
857 1226 1042 1282 vehementer
1097 1224 1191 1280 solius
1207 1225 1313 1282 Christi
1334 1226 1463 1297 potentia
1476 1223 1705 1296 reservatur,qui
1721 1223 1757 1278 ad
1768 1239 1822 1279 sua
1833 1238 1920 1278 rene-

217 1313 363 1385 urgebant
377 1311 483 1369 Scribe
495 1318 524 1370 et
540 1313 687 1382 Pharisaei,
699 1316 784 1386 juxta
797 1315 890 1388 legem
906 1331 970 1370 eam
998 1315 1042 1370 la·
1097 1317 1150 1378 rat,
1167 1318 1196 1374 et
1211 1315 1258 1370 sui
1273 1331 1341 1370 eum
1358 1331 1416 1371 non
1432 1321 1614 1386 receperunt.
1627 1337 1641 1364 «
1658 1313 1733 1370 Dum
1756 1327 1863 1381 essem,
1876 1312 1919 1368 in-

216 1400 317 1474 pidare
330 1402 492 1474 cupientes.
511 1425 524 1453 υ
536 1403 572 1458 ht
585 1403 673 1459 lesus
700 1402 859 1472 inclinans,
875 1402 965 1476 digito
973 1403 1042 1460 scri·
1099 1403 1173 1474 quit,
1190 1402 1219 1457 in
1235 1403 1345 1458 mundo
1357 1420 1425 1459 eum
1436 1404 1489 1469 eis,
1505 1419 1558 1477 ego
1573 1403 1724 1460 servabam
1749 1417 1799 1458 eos
1824 1400 1854 1456 in
1869 1417 1918 1457 uo-

217 1489 304 1546 bebat
319 1490 347 1546 iii
359 1494 437 1546 terra
452 1491 544 1562 (loca.
561 1508 623 1558 viii,
639 1493 666 1562 6)
679 1509 686 1560 ;
701 1515 715 1542 »
730 1509 830 1548 eorum
842 1491 976 1548 videlicet
990 1493 1041 1563 qui
1097 1490 1175 1546 mine
1190 1495 1251 1561 tuo,
1267 1508 1341 1564 quos
1356 1491 1462 1548 dedisti
1476 1493 1558 1556 mihi,
1573 1490 1716 1548 custodivi
1726 1491 1747 1558 ⁰,
1773 1494 1802 1545 et
1818 1489 1914 1547 nullus

216 1579 1042 1652 accusabant⁴,etomninmpeceatamortaliumsecun-
1095 1594 1128 1633 eii
1140 1579 1181 1634 eis
1210 1579 1306 1652 periit,
1337 1580 1392 1636 nisi
1429 1598 1506 1636 unus
1535 1579 1613 1636 silius
1642 1579 1817 1651 perditionis
1833 1580 1918 1650 (lore.

215 1667 287 1724 dum
303 1669 381 1740 quod
397 1667 539 1740 scriptum
555 1672 599 1723 est
615 1668 644 1723 in
662 1669 804 1741 propheta
818 1687 823 1724 :
836 1692 849 1718 «
863 1668 1040 1742 Relinquen·
1096 1683 1162 1734 xvii,
1179 1668 1235 1735 la).
1255 1691 1268 1717 ι
1285 1669 1348 1726 Non
1364 1667 1446 1738 dixit,
1463 1669 1529 1725 dedi
1544 1670 1587 1725 ais
1602 1667 1685 1725 liberi
1704 1667 1818 1724 arbitrii
1838 1671 1916 1738 pote·

216 1759 374 1812 tesautcm
396 1761 433 1823 tc,
461 1755 491 1811 in
521 1761 599 1812 terra
618 1758 804 1813 scribenturl
832 1759 940 1830 (ierem.
970 1777 1039 1827 xvii,
1095 1759 1211 1824 statam,
1229 1761 1262 1812 ut
1275 1757 1330 1829 ipsi
1345 1775 1376 1814 se
1391 1775 1445 1814 suo
1460 1756 1559 1814 labore
1574 1757 1729 1823 salvarent,
1740 1757 1858 1829 sed,ego
1873 1771 1920 1812 cu·

216 1845 271 1917 43).
286 1867 299 1896 ii
317 1845 447 1902 Tandem
462 1849 550 1918 caput
565 1846 682 1903 clevans
697 1847 768 1902 dixit
785 1848 845 1902 cis:
864 1871 877 1898 α
894 1849 947 1913 Qui
977 1849 1040 1904 sina
1095 1845 1199 1901 stodivi
1214 1863 1274 1916 eos,
1291 1847 1614 1920 egoservavi.1)enique
1630 1847 1743 1913 infert«
1760 1846 1823 1901 Non
1841 1849 1920 1918 peto,

216 1939 334 2006 peccato
349 1939 394 1991 est
408 1938 550 2001 vestrum,
566 1935 681 2007 primus
695 1936 792 1992 mittat
807 1953 895 2010 super
910 1953 974 1994 eain
998 1937 1040 1994 la·
1094 1939 1127 1991 ut
1144 1953 1194 1992 eos
1209 1937 1323 1994 auicras
1339 1938 1374 1993 de
1390 1939 1511 2004 mundo,
1522 1938 1572 1994 sed
1588 1942 1621 1993 ut
1635 1935 1780 1992 custodias
1809 1933 1877 1990 illos
1901 1950 1921 1990 a

214 2021 312 2096 pidem
329 2023 491 2094 (loca'vm,
502 2024 541 2095 7).
559 2045 572 2074 ι)
589 2023 648 2080 lleo
660 2026 737 2097 quod
755 2025 861 2082 dicitur
888 2029 947 2082 aine
973 2044 1039 2098 pcc-
1094 2024 1346 2097 malollbid.:l5).
1373 2049 1387 2076 i
1419 2027 1449 2081 lii
1473 2026 1594 2082 Actibus
1624 2023 1820 2098 apostolorum
1849 2023 1921 2078 scri-

213 2113 398 2178 oolo‚Grace
422 2112 564 2184 scriptum
593 2112 861 2190 εειάναμὰρτητος.
888 2116 941 2180 Qui
971 2132 1039 2188 ergo
1094 2116 1176 2184 ptum
1191 2118 1234 2170 est
1250 2115 1320 2184 (let.
1337 2132 1383 2182 xv,
1399 2115 1544 2186 39)‚inter
1559 2113 1683 2170 Paulum
1699 2117 1730 2170 et
1753 2111 1919 2168 Barnabam

216 2199 295 2267 dieit,
313 2199 391 2256 aliud
407 2215 472 2258 esse
487 2200 550 2258 sinc
566 2207 693 2274 peccato,
708 2207 737 2258 et
765 2203 844 2260 aliud
874 2203 1038 2278 ἀνιμάρτη-
1094 2206 1212 2274 propter
1223 2203 1376 2272 loannem,
1392 2205 1442 2276 qui
1468 2203 1691 2278 cognominatus
1716 2207 1762 2259 est
1790 2202 1917 2269 Marcus,

213 2307 271 2360 τον,
296 2293 346 2345 aut
360 2289 492 2346 Granum
509 2307 675 2348 sermonem
691 2293 861 2349 novaverbo
884 2295 1039 2366 exprimat,
1082 2295 1187 2347 'ortam
1205 2291 1764 2366 dissensionem,itautsepararentur;
1794 2297 1822 2347 et
1851 2293 1919 2347 Bar·

214 2379 713 2454 autsieirpresaumestabatinis,
731 2387 764 2438 ut
791 2382 1039 2455 interpretationis
1094 2380 1185 2436 nabas
1210 2381 1352 2450 Marcum,
1382 2390 1409 2438 et
1442 2382 1549 2438 Paulus
1575 2382 1672 2456 Sylam
1702 2383 1867 2437 assumeret
1888 2381 1918 2436 in

213 2468 321 2526 veritas
348 2467 446 2536 habet,
487 2467 654 2542 perspicum
685 2475 730 2526 cst
759 2470 950 2547 ἀναμάρτητον
967 2472 1039 2528 nibil
1092 2469 1240 2542 Evangelii
1258 2469 1465 2528 ministerium.
1490 2470 1599 2528 Paulus
1624 2471 1761 2536 severior,
1790 2467 1840 2524 ille
1863 2467 1919 2525 cle-

213 2556 293 2613 aliud
309 2573 383 2624 esse,
396 2557 453 2612 nisi
467 2559 527 2614 sine
540 2563 660 2630 peccato.
689 2561 723 2616 Et
757 2561 827 2632 quio
855 2565 1039 2618 accusatores
1093 2558 1914 2632 mentior,uterqueinsuosensuabundatliltabun·

214 2660 316 2701 omnes
332 2645 529 2719 sugeruntlill.
544 2646 671 2718 lugiunt]
696 2647 827 2718 (dederat
854 2650 932 2706 enim
961 2666 1039 2706 vere·
1092 2646 1202 2718 dabat-1.
1219 2647 1254 2703 Et
1265 2651 1362 2705 tamen
1379 2648 1524 2705 dissensio
1540 2649 1628 2705 babet
1642 2647 1755 2719 aliquid
1778 2647 1913 2703 bumana

213 2733 326 2789 condire
337 2731 443 2790 eorum
460 2734 805 2806 elementissimusjudcii
820 2737 951 2810 spatium
965 2754 1040 2795 rece·
1094 2734 1271 2807 fragilitatis.
1290 2736 1319 2792 ln
1337 2738 1438 2793 eodem
1453 2738 1599 2794 volumine
1610 2737 1737 2810 legitur:
1755 2759 1770 2786 «
1782 2736 1915 2793 Transie-

215 2821 325 2894 dendi),
341 2838 518 2896 rursumque
536 2823 567 2878 in
597 2827 674 2879 terra
700 2824 842 2892 scribens,
872 2831 1039 2899 terramque
1093 2827 1162 2879 runt
1177 2823 1336 2897 Phrygiam
1356 2826 1554 2882 etGalaticam
1567 2827 1619 2898 lli.
1644 2824 1800 2895 Galatiam]
1825 2823 1918 2897 regio·

211 2909 375 2984 despiciens
390 2928 397 2967 :
414 2911 554 2984 paulatim
571 2912 731 2979 discedere,
747 2917 776 2969 et
790 2913 891 2970 oculos
906 2917 983 2972 m
1002 2916 1037 2972 il·
1093 2929 1171 2982 nem,
1185 2913 1325 2986 prohibiti
1341 2932 1357 2970 a
1372 2915 1482 2987 Spiritu
1504 2919 1605 2972 sancto
1634 2914 1713 2987 loqui
1739 2914 1861 2970 verbum
1887 2911 1918 2968 iii

211 2997 269 3056 llus
284 2999 430 3056 declinare
443 3006 613 3073 coeperunt:
636 3001 774 3073 solusque
804 3003 946 3059 remansit
969 3021 1037 3061 oum
1091 3002 1160 3056 Asia
1175 3002 1242 3074 (Aet.
1258 3020 1317 3072 xvi,
1333 3004 1360 3076 (i)
1377 3023 1383 3072 ;
1403 3025 1416 3054 i
1433 3019 1490 3076 quo
1507 3004 1662 3061 maledieto
1678 3003 1708 3058 in
1724 3003 1789 3076 ipsa
1804 3001 1919 3076 provin·

212 3088 345 3154 muliere,
362 3089 409 3145 cui
424 3089 540 3146 loeutus
556 3095 601 3145 est
615 3091 718 3146 Jesiis:
736 3113 750 3140 «
766 3090 819 3146 Ubi
833 3097 903 3147 suut
931 3093 981 3166 qiii
1007 3097 1036 3150 te
1091 3090 1135 3146 eia
1149 3095 1217 3162 puto
1234 3108 1326 3164 usque
1341 3092 1427 3148 hodie
1442 3093 1604 3160 hereticos,
1631 3092 1682 3165 qui
1707 3095 1809 3148 contra
1853 3089 1918 3163 spi-

211 3175 412 3232 accusabant‘l
436 3177 527 3232 Nemo
551 3181 580 3232 te
613 3179 843 3234 condemnavit?
872 3182 938 3246 Quae
968 3182 1032 3255 alti:
1050 3170 1071 3236 G
1090 3179 1180 3235 ritum
1196 3185 1328 3239 sanetum
1349 3182 1471 3250 fuciunt,
1486 3181 1629 3256 plurimos
1645 3180 1777 3254 reperiri.
1803 3181 1922 3237 «Cum-

210 3261 325 3332 Nullus,
343 3263 688 3338 Domine.Responditei
715 3267 812 3336 lesus,
840 3285 891 3325 nee
925 3286 978 3343 ego
1008 3276 1034 3328 te
1089 3269 1318 3342 quevenissent,
1343 3271 1394 3336 ait,
1424 3271 1454 3326 in
1483 3271 1616 3344 Mysiam,
1642 3269 1795 3327 tentabant
1816 3271 1858 3327 ire
1888 3274 1917 3330 in

247 3381 470 3464 ¹Calumniatur
484 3383 562 3441 huno
578 3384 675 3442 locum
699 3387 836 3444 Julianus
861 3391 1035 3464 pelagianus
1089 3391 1195 3447 tianus.
1213 3392 1331 3449 Latinos
1346 3399 1493 3466 pretereo,
1510 3411 1635 3466 quorum
1658 3394 1762 3468 ingens
1788 3399 1834 3452 est
1864 3415 1917 3454 nu-

211 3454 288 3524 apud
304 3455 503 3580 Auff⁵t¹¹¹⁰m
519 3458 622 3529 Operis
632 3456 800 3543 imperiecti·
810 3461 861 3518 lib.
879 3481 915 3518 iv.
934 3481 958 3519 c.
988 3468 1033 3532 88,
1089 3479 1199 3519 merus.
1215 3465 1353 3520 Curvero
1369 3467 1524 3539 eontigerit
1538 3467 1568 3521 in
1586 3466 1766 3538 quibusdam
1782 3465 1867 3536 libris
1889 3473 1917 3525 ct

211 3531 327 3607 uteam
375 3541 522 3608 ieronymo
551 3529 767 3602 blasphemiam
794 3539 941 3606 importet,
976 3552 1035 3608 qua
1089 3535 1411 3608 versionibusantiquis
1427 3538 1584 3608 amputari,
1613 3537 1756 3593 rationem
1772 3538 1859 3596 addit
1886 3541 1917 3598 S.

211 3596 365 3679 dixerim«
382 3595 529 3680 Christum
550 3617 607 3682 non
641 3601 737 3658 solum
764 3605 906 3674 naturale,
933 3623 1034 3664 verum
1089 3609 1212 3662 iturust.
1230 3606 1280 3663 lib.
1298 3625 1328 3674 ii,
1353 3609 1385 3663 de
1414 3609 1555 3680 Coniugiis
1581 3609 1755 3676 adulterinis,
1785 3626 1850 3682 cap.
1875 3614 1917 3668 7:

209 3668 1032 3752 etiamvoluntariumlhabuisscpeccatum.›iCiimenim
1090 3701 1103 3725 α
1145 3677 1268 3748 cuculli,
1297 3679 1404 3750 inquit,
1433 3681 1552 3736 modicas
1580 3679 1623 3735 rel
1660 3681 1757 3752 potius
1805 3681 1918 3739 inimici

209 3738 300 3824 alium
317 3739 414 3796 locum
429 3757 463 3796 ex
473 3742 598 3824 ¹Dialogo
612 3749 732 3826 dbquelm
746 3753 815 3803 tune
828 3819 833 3829 .
844 3749 1033 3819 adducemus,
1089 3766 1161 3804 verae
1177 3751 1255 3816 lidei,
1271 3751 1366 3812 eredo,
1384 3756 1548 3807 metuentes
1560 3751 1696 3823 peccandi
1706 3753 1745 3807 im
1770 3753 1916 3810 unitatem

209 3811 376 3892 objecisset,
394 3814 504 3894 subdit,
522 3837 536 3863 «ι
554 3821 592 3869 lte
606 3814 1034 3877 alioetiamtestimonioloan·
1089 3821 1151 3876 dari
1165 3820 1337 3876 mulieribus
1353 3821 1425 3888 suis,
1441 3823 1513 3879 illud
1529 3824 1607 3896 quod
1633 3823 1668 3878 de
1691 3769 1827 3878 scobere
1873 3827 1919 3880 in-

210 3898 256 3962 nis
271 3881 455 3955 evangeliste
471 3885 614 3956 llagitium
631 3886 656 3941 ei
667 3888 908 3962 (Christolassuit
923 3893 1035 3948 l'alsita·
1089 3891 1239 3964 dulgentia
1254 3893 1395 3948 Dominus
1412 3894 1488 3961 lecit,
1505 3894 1691 3950 abstulerunt
1703 3895 1738 3950 de
1759 3893 1920 3953 codicibus

209 3952 314 4008 troile
351 3960 529 4036 uooperetu
548 3958 733 4030 (augustine)
764 3961 792 4016 iii
822 3961 872 4017 illa
900 3965 1032 4035 epistola,
1089 3963 1263 4035 suis,quasi
1281 3964 1502 4035 permissionem
1520 3966 1659 4038 peccandi
1681 3964 1826 4029 tribuerit,
1857 3969 1919 4038 qui

210 4039 298 4094 quam
313 3969 519 4106 Afferendriam
535 4028 756 4096 destinasli‚ita
771 4031 916 4104 gloriaris,
934 4043 966 4090 nt
989 4037 1033 4090 di·
1089 4035 1388 4116 dixitnoliamplius
1406 4053 1533 4118 peecare.
1551 4038 1679 4093 »Euseb
1706 4039 1767 4094 Hiat
1791 4037 1866 4092 Eccl.
1896 4039 1920 4096 l.

210 4109 269 4176 eas,
281 4093 430 4178 Pelagium
446 4097 664 4183 Scripturarum
682 4102 718 4184 *ib
733 4119 767 4158 eo
782 4120 955 4175 oppressum
972 4124 1032 4162 mo·
1089 4123 1131 4174 iii,
1148 4105 1300 4161 historiam
1314 4107 1419 4163 loanni
1432 4109 1561 4163 additam
1582 4109 1653 4164 dicit
1681 4125 1715 4164 eii
1745 4108 1922 4182 Evangelio,

207 4165 297 4250 libus3
313 4167 468 4251 arbitrium
485 4168 608 4226 liberum
625 4172 773 4230 vindicare
796 4191 852 4230 non
869 4194 966 4248 posse.
983 4178 1035 4234 Ve·
1089 4177 1167 4248 quod
1181 4176 1352 4233 inscribitur
1366 4180 1515 4235 secondum
1536 4179 1667 4237 licliraeos.
1695 4179 1762 4234 Vid.
1792 4179 1923 4238 Concor-

208 4253 274 4319 rum
290 4237 333 4293 illi
348 4255 428 4310 operi
443 4257 460 4294 a
475 4241 617 4300 catholico
633 4243 705 4309 viro,
717 4245 766 4316 qui
778 4246 912 4316 pulsatus
929 4249 1032 4316 luerat,
1087 4249 1163 4303 diem
1173 4247 1312 4304 lansenii.

208 4309 424 4392 obviatumest,
449 4316 503 4368 eto.
521 4335 535 4362 i
560 4316 596 4368 At
624 4313 828 4387 Hieronymus,
857 4323 972 4375 tantum
1002 4325 1035 4376 ut
1124 4321 1179 4374 ‘ln
1197 4336 1252 4375 ms.
1270 4320 1493 4392 Evangeliorum
1504 4321 1924 4394 Grmco,quoinGomment.

209 4379 368 4462 Porphyrio
384 4384 573 4466 respondeat,
585 4386 782 4457 evangelicam
799 4388 948 4445 historiam
965 4391 1034 4447 sim·
1088 4390 1123 4445 ad
1140 4392 1238 4446 Sotam
1251 4408 1323 4447 usus
1336 4397 1380 4446 est
1406 4391 1643 4466 Wagenseillius,
1670 4392 1778 4466 legitur
1802 4397 1837 4447 τ’
1876 4391 1927 4448 δι-

208 4449 324 4574 &imm
337 4459 465 4535 exponit,
482 4471 549 4526 qam
566 4455 615 4510 ille
627 4457 755 4528 maligne
771 4459 847 4515 inter
869 4463 1031 4518 retabatur.
1087 4457 1310 4538 κτύλῳέγριφεν
1333 4462 1445 4516 ἑκάστου
1474 4462 1612 4525 αὐτῶν-,ὰς
1641 4463 1787 4536 epactae.
1848 4467 1926 4539 ujus

234 4523 280 4577 ide
291 4523 447 4603 Augustin.
464 4525 484 4579 l.
501 4542 533 4580 iii
544 4529 738 4609 ¹contranduus
756 4477 895 4614 epistofes
925 4533 1033 4606 Pelagii
1049 4533 1072 4600 Ι)
1087 4532 1273 4605 glossematis
1284 4533 1440 4607 vestigium
1450 4534 1496 4590 liic
1507 4535 1596 4592 habes
1604 4537 1681 4608 apud
1693 4483 1927 4618 flieronymum,

209 4608 234 4674 c.
250 4593 277 4646 6.
295 4597 323 4648 ct
337 4591 468 4676 libellum
485 4596 549 4678 fidei
562 4595 667 4670 Pelagii
684 4601 718 4653 ad
741 4601 952 4672 Innocentium,
983 4605 1033 4677 qui
1089 4619 1175 4674 quem
1189 4605 1276 4660 veluti
1291 4606 1356 4676 ejus
1371 4611 1518 4662 auctorem
1545 4605 1665 4679 quidam
1695 4607 1842 4664 immerito
1876 4625 1930 4664 aa·

208 4666 286 4719 inter
300 4671 486 4736 supposititia
512 4667 589 4723 Hier.
620 4685 708 4740 opera
729 4669 853 4742 Symboli'
876 4677 1034 4747 erptcaotic
1089 4679 1203 4742 cusant,
1215 4693 1250 4732 ex
1264 4693 1356 4749 eoque
1371 4676 1472 4733 volunt
1487 4680 1598 4734 Grecos
1610 4680 1785 4750 sumpsisse.
1797 4679 1833 4733 ht
1844 4679 1928 4736 sim-

208 4735 831 4822 afflDamasumprenotatuasubiinemm
857 4747 1035 4804 Anathema-
1090 4745 1192 4818 plieior
1208 4748 1237 4802 in
1253 4765 1309 4804 ms.
1345 4747 1511 4805 lossematis
1540 4750 1634 4805 ferma
1662 4749 1866 4822 antiquiorem
1892 4766 1925 4806 aa

208 4811 438 4892 tizamusctiam
463 4807 539 4876 illos,
591 4829 619 4893 ui
650 4812 699 4868 Dei
730 4813 836 4870 Filium
862 4820 1034 4875 necessitate
1089 4818 1195 4889 prodit.
1211 4819 1273 4875 Non
1294 4765 1409 4875 abludit
1423 4821 1557 4876 Ambrae.
1572 4821 1657 4892 epist.
1672 4821 1922 4878 58cdStodi'um:

207 4828 807 4966 carnismentitumcssegieuntgeteum
838 4895 958 4972 propter
987 4907 1034 4946 as·
1089 4917 1103 4938 a
1120 4889 1178 4945 Hoc
1194 4891 1354 4962 previdens
1368 4891 1511 4946 Dominus
1539 4892 1626 4948 lesus
1653 4891 1792 4948 inclinato
1821 4893 1923 4966 eapite

209 4955 361 5034 sumptum
374 4951 524 5010 hominem
539 4971 596 5010 non
611 4956 812 5013 omnialacere
823 4965 952 5030 potuisse
970 4977 1035 5033 quae
1089 4961 1275 5018 scribebatin
1291 4965 1378 5018 terra.
1395 4963 1469 5028 Quid
1485 4963 1660 5019 scribebat?
1675 4964 1731 5019 nisi
1747 4962 1821 5019 illud
1849 4979 1922 5037 pro·

208 5022 310 5078 voluit.
327 5043 341 5072 i
421 5095 427 5108 ¹
679 5099 683 5110 ι
1089 5031 1357 5104 pheticum(.lerem.
1373 5049 1443 5099 ixii,
1459 5035 1616 5102 9):Terrc,
1634 5043 1721 5104 terro,
1746 5035 1839 5090 scribe
1871 5035 1922 5092 lios

236 5092 350 5174 {Unus
364 5093 508 5177 vatican,
527 5097 618 5169 Neque
636 5114 712 5154 enim
730 5100 868 5170 culpando
888 5106 949 5158 erat
973 5104 1033 5173 fra·
1088 5106 1161 5160 vires
1176 5105 1323 5161 abdicatos.
1341 5129 1352 5156 i
1371 5104 1517 5162 Victorius
1531 5122 1560 5162 se
1575 5122 1642 5163 cum
1671 5105 1798 5178 Vulgata
1809 5133 1813 5140 ·
1826 5107 1917 5163 addi-

210 5161 615 5288 pilaitlasgudieatieatomaia
629 5170 835 5253 mendaeem,
994 5245 999 5256 Ι
1088 5175 1142 5280 dit,
1158 5175 1336 5260 inclinavisse
1351 5176 1450 5257 digito,
1466 5181 1521 5232 elo.
1557 5248 1562 5258 q
1633 5249 1638 5260 ·

210 5247 442 5382 desldnerarrssfiisu’t
459 5243 904 5370 gbliliiissltllgiebsilenlb’rriciigibliguisii
920 5261 1034 5384 &iffi
1087 5248 1358 5374 ιειίὺῐίιιιιιῗιιῖῗυωω
1380 5264 1447 5303 cum
1476 5251 1564 5304 vetem
1593 5249 1674 5318 edm,
1701 5249 1792 5321 super
1811 5252 1922 5306 term

210 5370 445 5458 Latinisnutem,
463 5383 935 5461 ettatinisomnibusoccurrere
958 5387 1033 5444 hano
1123 5389 1265 5461 ⁰iiegine
1280 5393 1440 5460 meatque
1468 5389 1542 5446 alter
1572 5390 1717 5458 vatican,
1743 5392 1775 5446 ln
1801 5393 1921 5448 nomine

212 5443 249 5526 de
262 5441 394 5500 adultera
409 5445 560 5506 historiam
575 5457 723 5512 testantur
737 5456 791 5512 viri
808 5459 896 5527 docti,
913 5459 963 5532 qui
988 5459 1033 5514 bi·
1087 5463 1133 5515 tuo
1148 5459 1217 5532 quod
1231 5459 1295 5516 dedi
1304 5462 1355 5528 eis,
1370 5459 1516 5530 maledici,
1532 5465 1600 5529 etc,
1616 5479 1679 5534 quei
1691 5460 1812 5534 quidem
1827 5459 1923 5518 multi

211 5511 370 5596 bliotbecas
385 5516 609 5589 perlustrerunt.
626 5527 750 5590 Quidam
766 5529 856 5586 etiam
882 5548 898 5586 e
926 5531 1033 5588 Grecis
1089 5529 1220 5585 iacienda
1235 5528 1320 5587 lectio
1335 5537 1388 5600 est,
1401 5532 1517 5588 tametsi
1542 5549 1636 5606 neque
1663 5533 1780 5590 Graecus
1806 5537 1920 5598 textus,

212 5585 348 5646 Patribus
372 5603 437 5644 eam
464 5589 596 5676 laudant,
622 5610 637 5677 e
666 5600 774 5670 quibus
797 5601 1033 5675 Chprsostomus,
1088 5617 1106 5656 n
1146 5605 1332 5674 neveterum,
1348 5604 1426 5680 quod
1442 5604 1545 5674 seiam.
1562 5609 1714 5668 auctorum
1744 5605 1921 5668 testimonia

212 5659 291 5727 bem.
305 5657 352 5734 bb,
367 5657 497 5736 atloage
516 5665 697 5740 antiquiores
725 5671 902 5734 Ammonioi
926 5679 956 5736 et
980 5675 1037 5760 'laff
1088 5617 1299 5750 affirmentur.
