4066 6162
189 309 251 378 383
811 307 842 370 S.
866 304 1021 370 bussuli
1041 305 1276 371 lllllliONYMl.
1833 309 1892 374 tot

193 444 264 500 dero
279 440 465 515 scripseram,
481 441 618 513 respondi
644 440 778 497 breviter.
800 441 882 505 Quod
903 441 927 495 si
947 440 1011 495 ideo
1027 442 1054 507 Α
1069 440 1234 497 daemonum
1249 456 1314 498 esse
1329 441 1479 513 confingas
1493 441 1514 508 ³,
1527 440 1602 498 891
1621 443 1650 498 et
1665 453 1724 497 non
1748 456 1815 498 vere
1834 443 1893 499 cla·

193 549 243 590 eas
259 531 390 589 estimas
404 530 640 604 respuendas,ne
652 530 892 602 sepevideamur
905 528 1017 585 Pascha
1071 531 1323 600 menedemones,
1341 531 1391 586 sed
1412 547 1465 586 sua
1494 528 1636 586 simulare
1664 533 1822 588 tormenta.
1853 533 1896 588 Do

193 621 350 690 celebrare,
367 624 395 677 et
410 635 468 676 non
492 618 640 675 solemnes
661 623 728 690 post
742 635 855 675 annum
885 633 1017 674 exercere
1071 619 1238 688 consilium,
1251 619 1404 692 ingredere
1428 617 1565 675 basilicas
1589 623 1763 692 martyrum,
1788 624 1818 677 et
1839 621 1897 677 ali·

190 709 329 784 vigillas:
346 725 414 782 ergo
430 711 459 765 et
473 709 520 764 die
534 707 682 764 dominico
696 724 754 763 non
766 711 835 763 sunt
850 707 963 762 Christo
974 707 1016 762 of·
1071 698 1188 781 quando
1217 707 1412 781 purgaberis:
1430 709 1562 764 invenies
1591 708 1630 763 ibi
1659 708 1770 766 multos
1799 711 1898 768 socios

192 798 312 856 ferenda
326 797 480 865 sacrificia,
496 813 532 852 ne
548 794 769 853 resurrectionis
785 795 901 851 Domini
915 795 1017 850 crebro
1071 800 1149 864 tuos,
1165 802 1193 852 et
1208 813 1394 869 nequaquam
1410 796 1501 852 cereis
1516 803 1690 870 martyrum,
1707 798 1820 870 quitibi
1835 800 1899 858 dis-

192 885 307 944 Pascha
332 884 543 943 celebremus:
576 888 605 940 et
629 884 807 955 incipiamus
836 901 894 940 non
924 898 1016 938 unum
1072 885 1189 958 plicent,
1206 886 1257 942 sed
1272 885 1400 941 fiammis
1424 885 1622 942 invisibilibus
1639 888 1835 958 combureris,
1867 894 1898 946 et

192 977 305 1036 Pascha
318 976 436 1042 habere,
453 975 504 1030 sed
519 971 658 1046 plurima.
674 977 760 1028 Error
775 973 854 1028 too
874 977 973 1028 autem
988 971 1019 1028 et
1071 979 1142 1030 tunc
1157 973 1304 1034 fateberis,
1320 974 1397 1044 quod
1412 990 1490 1029 nunc
1504 990 1605 1047 negas,
1620 979 1649 1030 st
1664 979 1749 1030 tuum
1772 993 1896 1048 nomeu,

192 1067 280 1141 culpa
290 1066 433 1138 juvenum
449 1062 718 1132 vilissimarumque
734 1059 955 1132 mulierum,qui
966 1076 1018 1134 per
1072 1063 1121 1134 qui
1137 1063 1168 1117 ia
1181 1061 1337 1134 vigilantio
1351 1062 1491 1134 loqueris,
1513 1062 1604 1119 libere
1628 1063 1837 1136 proclamabis,
1864 1074 1895 1126 te

193 1159 308 1215 uectem
325 1168 401 1226 sepe
416 1149 654 1223 deprehenditur,
671 1166 728 1205 non
747 1157 789 1205 est
805 1147 950 1221 religiosis
965 1149 1017 1205 ho·
1071 1167 1135 1206 esso
1151 1157 1201 1206 aut
1216 1152 1390 1206 Mercurium
1407 1155 1525 1223 propter
1539 1169 1731 1210 nummorum
1747 1156 1897 1228 cupidita-

196 1244 328 1302 minibus
342 1237 644 1314 imputanduszquia
658 1242 688 1293 st
704 1238 734 1292 iu
764 1237 872 1310 vigiliis
901 1238 1016 1294 Paschae
1073 1247 1142 1308 tem,
1172 1245 1223 1296 aut
1251 1241 1432 1296 Nocturnum
1462 1241 1515 1311 ill,
1541 1242 1781 1316 Nocturninum]‚
1808 1246 1896 1317 juxta

192 1321 251 1392 t'ele
266 1331 336 1406 quid
353 1329 416 1386 fieri
430 1329 604 1403 pierumque
633 1326 832 1395 convincitur,
863 1331 892 1384 et
920 1333 1016 1385 umen
1072 1325 1166 1383 Plauti
1181 1327 1431 1401 amphitryonem,
1449 1345 1506 1400 quo
1518 1330 1691 1397 dormiente,
1704 1332 1734 1387 iu
1749 1331 1897 1393 Alcmeuae

193 1437 355 1500 paucorum
370 1417 457 1491 eulpa
471 1434 529 1474 non
545 1416 715 1489 praeJ'udicat
738 1415 871 1488 religioni
890 1435 896 1485 ;
912 1417 962 1489 qui
990 1423 1018 1474 et
1072 1416 1225 1482 adulterio,
1241 1418 1315 1473 duas
1330 1422 1430 1473 noctes
1444 1417 1559 1490 Jupiter
1573 1419 1721 1492 copulavit
1736 1423 1756 1487 ‘,
1774 1427 1807 1479 ut
1832 1442 1897 1482 ma·

192 1515 305 1586 absque
318 1508 427 1583 vigiliis
442 1509 566 1580 possunt
581 1521 677 1562 errare
694 1504 736 1560 vel
751 1505 781 1560 in
812 1505 875 1561 suis
891 1507 910 1573 ¹,
927 1505 971 1561 vel
987 1507 1017 1562 in
1072 1523 1134 1579 gnae
1151 1506 1340 1562 fortntudinis
1355 1506 1492 1564 hercules
1504 1513 1843 1577 nasceretur;auteerte
1855 1515 1899 1570 Li·

193 1601 298 1662 alienis
312 1597 461 1656 domibus.
473 1593 678 1667 Apostolorum
693 1593 780 1649 finem
796 1593 877 1649 iuda
893 1594 1017 1665 proditio
1074 1596 1175 1650 berum
1191 1600 1304 1668 patrem
1320 1612 1371 1668 pro
1388 1595 1527 1653 ebrietate
1542 1601 1571 1652 et
1585 1599 1726 1655 cantharo
1742 1616 1776 1656 ex
1791 1601 1898 1660 bume-

193 1709 251 1750 non
268 1687 424 1748 destruxit.
438 1685 472 1740 Et
487 1687 602 1740 nostras
617 1698 685 1756 ergo
700 1681 817 1754 vigilias
840 1682 923 1738 malas
945 1683 1017 1739 alio·
1072 1684 1113 1738 ris
1128 1683 1318 1756 dependente,
1335 1688 1364 1739 et
1378 1700 1495 1757 semper
1512 1687 1635 1742 rubente
1659 1687 1744 1758 facie,
1768 1695 1796 1747 et
1821 1709 1899 1764 spu-

193 1798 262 1840 rum
275 1777 380 1852 vigilia
396 1791 453 1831 uon
468 1775 618 1829 destruent
634 1789 640 1827 :
658 1771 729 1844 quin
747 1771 845 1844 potius
871 1772 1016 1844 pudicitie
1073 1772 1221 1827 mantibus
1236 1771 1331 1840 labiis,
1348 1774 1555 1845 effrenatisque
1570 1776 1721 1846 conviciis,

193 1870 318 1946 vigilare
332 1861 536 1940 cogantur,qai
551 1860 666 1916 libidini
682 1859 926 1925 dormiunt.Quod
937 1861 1015 1916 enim

194 1959 285 2018 semel
300 1957 406 2014 fecisse
420 1955 530 2010 honum
541 1955 596 2019 est,
612 1966 670 2006 non
686 1953 782 2020 potest
803 1948 914 2005 malum
940 1965 1016 2022 esse,
1090 1996 1095 2006 .

194 2050 219 2107 si
240 2043 422 2120 frequentius
451 2041 501 2096 frat
518 2057 524 2096 :
542 2042 592 2094 aut
621 2039 644 2094 si
673 2037 771 2109 aliqua
798 2035 1017 2110 culpavitanda

194 2141 249 2208 est,
265 2152 324 2193 non
339 2151 374 2191 ex
388 2148 421 2188 eo
436 2129 514 2203 quod
530 2143 607 2199 saepe
622 2126 673 2182 sed
689 2143 724 2182 cx
740 2142 773 2181 eo
799 2127 877 2198 quod
905 2127 936 2182 nt
963 2127 1015 2182 ali-

194 2226 313 2302 quando
327 2220 473 2296 culpabile
487 2222 539 2274 est.
554 2215 617 2272 Non
633 2214 787 2288 vigilemus
803 2215 902 2288 itaque
913 2215 1017 2272 diebus

193 2315 321 2384 Pascha,
340 2327 377 2368 ne
392 2310 556 2382 exspectate
575 2305 625 2362 diu
650 2304 848 2361 adulterorum
872 2304 1018 2360 desideria

193 2403 394 2478 compleantur
410 2417 416 2456 :
432 2414 469 2454 ue
484 2395 667 2454 occasionem
683 2394 820 2466 peccandi
844 2409 914 2449 uxor
938 2393 1016 2450 inve-

193 2495 266 2562 niat,
282 2509 320 2549 ne
331 2485 459 2546 maritali
476 2501 534 2542 non
549 2483 640 2556 possit
654 2483 765 2539 recludi
793 2481 884 2538 clave.
909 2483 1017 2538 Arden-

195 2584 254 2640 tius
270 2578 419 2653 appetitur
433 2572 576 2647 quidquid
591 2575 634 2628 csl
651 2571 756 2626 rarius.

230 2670 274 2725 10.
292 2665 433 2738 Vigilantii
443 2664 607 2734 argumenta
621 2663 716 2716 contra
731 2660 882 2716 miracola.
907 2661 1016 2716 -Non

195 2773 318 2833 possum
337 2753 473 2810 universa
487 2763 665 2823 percurrere,
678 2753 923 2819 quesanctorum
936 2765 1017 2822 pros-

194 2847 365 2921 byterorum
380 2841 482 2898 littera
493 2836 762 2912 comprehendunt;
775 2838 810 2893 de
821 2837 928 2894 libellis
937 2839 1017 2894 illius
1074 2869 1078 2876 ·

195 2936 294 3009 aliqua
309 2933 464 3008 proferam.
480 2931 710 3001 argumentatur
725 2931 826 2984 contra
836 2927 920 2999 signa
930 2931 1017 3000 atque
1113 2973 1117 2984 .

194 3025 328 3092 virtutes,
345 3021 449 3096 quein
464 3017 592 3076 basilicis
612 3020 775 3088 martyrum
791 3016 875 3083 fiunt,
892 3019 920 3072 et
946 3015 1017 3072 dicit

194 3110 414 3172 casincredulis
443 3109 591 3182 prodesse,
619 3122 677 3162 nou
704 3104 900 3170 credentibus,
931 3121 1016 3176 quasi

197 3220 276 3261 nuuc
290 3202 345 3258 boc
360 3201 517 3274 queratur,
534 3195 642 3269 quibus
657 3195 740 3262 fiant,
755 3197 783 3250 et
799 3210 867 3258 non,
884 3211 943 3266 qua
960 3195 1017 3250 vir·

1106 1908 1148 1962 lt.
1166 1909 1202 1963 Dc
1220 1908 1371 1981 Vigilantio
1384 1907 1628 1966 historin—Unde
1643 1916 1672 1967 et
1698 1913 1727 1969 in
1751 1914 1806 1970 bac
1830 1933 1899 1989 pro-

1070 1995 1379 2052 vrnciecumsubitus
1398 2001 1481 2053 terra
1511 2003 1609 2054 motus
1637 2001 1647 2035 l
1676 2002 1770 2059 noctis
1799 2005 1900 2061 medio

1071 2101 1172 2141 omnes
1187 2085 1223 2140 de
1238 2101 1342 2142 somno
1358 2087 1513 2143 excitasset
1529 2113 1535 2154 ;
1552 2092 1584 2144 tu
1601 2091 1853 2161 prudentissimus
1868 2098 1901 2151 et

1071 2173 1308 2247 sapientissimus
1324 2173 1493 2230 mortalium
1511 2177 1609 2232 nudus
1626 2180 1744 2250 orabas,
1768 2187 1798 2238 et
1823 2183 1901 2239 refe-

1072 2264 1155 2318 rebas
1171 2262 1256 2318 nobis
1277 2262 1369 2318 Adam
1394 2268 1422 2317 ct
1447 2267 1534 2320 Evam
1558 2265 1594 2321 de
1617 2268 1755 2338 paradiso
1772 2286 1778 2326 :
1796 2273 1823 2328 et
1852 2269 1903 2326 illi

1071 2351 1189 2424 quidem
1205 2352 1313 2423 apertis
1330 2352 1423 2409 oculis
1437 2353 1630 2422 erubuerunt,
1649 2358 1744 2414 nudos
1771 2375 1802 2414 se
1829 2375 1903 2416 osse

1071 2445 1232 2508 cernentes,
1248 2447 1276 2496 ct
1287 2441 1410 2498 verenda
1425 2446 1560 2499 texerunt
1580 2444 1721 2502 arborum
1745 2446 1821 2504 foliis
1839 2466 1846 2504 :
1863 2453 1903 2505 tu

1071 2533 1099 2585 et
1114 2530 1214 2586 tunica
1228 2534 1257 2586 et
1271 2530 1327 2587 fide
1345 2531 1452 2598 nudus,
1470 2531 1627 2605 subitoque
1656 2535 1761 2592 timore
1784 2540 1902 2610 perter-

1071 2618 1198 2686 ritus,et
1212 2618 1324 2690 aliquid
1340 2619 1451 2675 habens
1479 2625 1629 2678 nocturnae
1658 2622 1795 2696 crapula,
1825 2643 1899 2682 san-

1071 2711 1183 2762 ctorum
1194 2706 1286 2762 oculis
1298 2707 1454 2763 obscenam
1468 2712 1718 2783 partemcorporis
1729 2713 1899 2787 ingerebas,

1071 2803 1101 2850 ut
1118 2800 1198 2850 tuam
1215 2795 1360 2852 indicares
1373 2796 1570 2868 prudentiam.
1595 2799 1680 2856 Tales
1691 2801 1779 2858 babet
1794 2803 1901 2859 adver·

1071 2884 1164 2941 sarios
1177 2883 1305 2940 Ecclesia
1320 2902 1326 2939 :
1343 2884 1373 2939 hi
1398 2885 1486 2941 duces
1512 2891 1615 2942 contra
1635 2895 1799 2963 martyrum
1824 2909 1897 2948 san-

1071 2989 1190 3046 guinem
1218 2973 1604 3045 dimicant;najuscam0di
1636 2982 1766 3038 oratores
1794 2985 1901 3038 contra

1008 3104 1014 3118 .
1071 3061 1218 3134 apostolos
1234 3065 1398 3134 pertonant,
1414 3062 1548 3120 imolam
1570 3067 1663 3123 rabidi
1682 3085 1769 3126 canes
1793 3075 1900 3128 contra

1033 3180 1055 3247 G
1074 3151 1181 3207 Christi
1195 3151 1303 3206 latrant
1318 3151 1489 3223 discipulos.

196 3297 261 3350 tute
276 3291 358 3348 fiant.
374 3284 606 3358 Esto,signasiut
620 3281 782 3339 infidelium
794 3283 1019 3355 ¹,quiquoniam
1110 3286 1152 3341 12.
1170 3285 1289 3341 Timebat
1317 3286 1455 3342 interdum
1484 3289 1671 3362 Hieronymus
1694 3292 1820 3349 desiliens
1847 3296 1901 3350 in-

197 3379 327 3439 sermoni
348 3382 377 3436 et
401 3375 539 3434 doctrinae
569 3373 687 3429 credere
720 3369 887 3438 noluerunt,
927 3373 1019 3445 signis
1073 3378 1324 3447 trurerncrtyrum.
1345 3405 1380 3418 -
1400 3375 1545 3433 Confiteor
1569 3379 1704 3436 timorem
1733 3399 1903 3452 meamne

197 3471 384 3528 adducentur
399 3466 434 3524 ad
449 3465 537 3520 fidem
553 3467 581 3518 et
596 3461 737 3518 Dominus
754 3460 912 3516 incredulis
934 3461 1019 3534 signa
1074 3465 1195 3520 forsitan
1211 3463 1247 3520 de
1262 3464 1469 3536 superstitione
1484 3466 1651 3523 descendat.
1669 3471 1790 3535 Quando
1802 3471 1900 3529 iratus

197 3557 332 3628 faciebat,
349 3559 490 3612 ettamen
506 3568 563 3608 uon
579 3550 687 3606 idcirco
702 3548 816 3604 Domini
832 3549 1019 3623 suggillanda
1074 3553 1165 3622 fuero,
1182 3557 1210 3609 et
1224 3552 1336 3624 aliquid
1350 3553 1421 3608 mali
1440 3553 1471 3609 in
1495 3571 1559 3611 meo
1584 3556 1682 3613 animo
1706 3559 1870 3632 cogitavero
1891 3580 1899 3618 :

196 3651 267 3706 sunt
281 3645 375 3719 signa,
389 3643 459 3718 quia
474 3640 516 3697 illi
530 3637 662 3695 infideles
673 3641 765 3706 erant,
783 3638 833 3694 sed
850 3637 954 3710 qu'ori
969 3639 1018 3694 ad·
1072 3647 1101 3698 et
1116 3659 1162 3698 mc
1177 3645 1353 3698 nocturnum
1369 3641 1545 3713 phantasma
1573 3645 1725 3714 deluserit,
1756 3648 1900 3706 basilicas

196 3733 344 3796 mirationi
358 3736 445 3790 erunt
458 3732 511 3802 [rii.
532 3729 637 3800 erant),
662 3726 733 3798 quia
758 3730 843 3782 tanta·
864 3727 943 3784 fuere
967 3745 1017 3800 po-

195 3824 303 3895 tentia,
320 3828 353 3879 ut
366 3821 455 3878 etiam
476 3823 588 3876 mentes
609 3817 782 3873 durissimas
799 3816 979 3884 edomarent,
990 3823 1018 3874 et

195 3913 231 3968 ad
247 3911 335 3967 fidem
350 3911 495 3983 cogerent.
513 3907 613 3979 ltaque
629 3904 696 3962 nolo
719 3904 790 3961 mihi
816 3905 907 3972 dicas,
933 3906 1018 3978 signa

196 3999 363 4057 infidelium
379 4011 445 4054 suut
462 4014 468 4052 τ
485 3996 534 4052 sed
550 3995 694 4067 responde
717 3995 863 4066 quomodo
888 3994 917 4049 in
939 3995 1017 4051 vilis·

194 4090 271 4148 simo
284 4088 402 4162 pulvere
417 4090 445 4142 st
459 4084 584 4153 favillas,
602 4084 699 4140 nescio
724 4099 792 4156 qua,
818 4087 900 4138 tanta
918 4081 1016 4156 signo-

194 4194 261 4236 rum
276 4177 477 4248 virtutumque
492 4173 657 4247 prasentia.
673 4172 780 4240 Sentio,
801 4171 904 4240 sentio,
920 4170 1016 4226 infeli-

194 4267 314 4326 cissime
326 4265 506 4324 mortalium.
523 4263 593 4336 quid
610 4262 718 4330 doleas,
736 4260 805 4332 quid
821 4260 935 4315 timeas.
952 4261 1016 4332 Spi-

193 4356 340 4414 ritusists
367 4353 540 4410 immundus
568 4349 618 4423 qui
648 4348 750 4404 bascio
778 4346 855 4416 cogit
879 4345 1015 4412 scribere,

194 4461 271 4516 sepe
285 4443 340 4500 hoo
354 4442 499 4498 vilissimo
514 4444 608 4495 tortus
623 4441 667 4492 est
682 4433 904 4507 pulvere,immo
920 4431 1017 4489 hodic-

1073 3738 1234 3805 martprum
1251 3732 1360 3788 intrare
1374 3748 1430 3788 non
1447 3733 1539 3790 audeo
1558 3751 1564 3802 ;
1580 3733 1622 3790 ita
1636 3739 1716 3792 totus
1731 3741 1760 3793 ot
1775 3753 1901 3811 corpore

1072 3829 1100 3878 et
1114 3821 1211 3878 animo
1226 3819 1427 3877 contremisco.
1445 3820 1551 3877 liidess
1566 3823 1702 3890 forsitan,
1723 3829 1752 3880 et
1775 3826 1901 3882 mulier-

1071 3911 1204 3967 cularum
1230 3909 1423 3966 deliramenta
1451 3910 1624 3968 subsaunes.
1663 3913 1726 3969 Non
1754 3914 1902 3972 erubesco

1071 4016 1171 4056 earum
1185 3999 1285 4065 fidem,
1301 4015 1364 4069 qua·
1382 3998 1481 4070 primas
1505 3999 1641 4057 viderunt
1668 4002 1825 4059 Dominum
1848 4019 1901 4060 re-

1072 4091 1251 4161 surgentem,
1268 4103 1331 4156 quat
1347 4087 1505 4144 mittuntur
1520 4088 1555 4144 ad
1586 4089 1746 4162 apostolos,
1776 4107 1841 4165 que
1865 4091 1900 4150 in

1073 4181 1164 4232 matre
1181 4173 1293 4230 Domini
1323 4172 1482 4231 Salvatoris
1509 4179 1620 4234 sanetis
1649 4180 1790 4253 apostolis
1819 4197 1903 4238 com·

1072 4262 1257 4320 mandantur.
1273 4262 1316 4317 'fu
1342 4266 1456 4320 ructato
1486 4281 1553 4321 cum
1585 4267 1685 4325 seculi
1711 4269 1898 4341 hominibus,

1071 4367 1123 4424 ego
1134 4350 1278 4423 jejunabo
1293 4367 1360 4405 cum
1377 4351 1506 4421 feminis,
1522 4354 1582 4412 imo
1598 4372 1665 4412 cum
1681 4355 1831 4431 religiosis
1853 4360 1899 4416 vi-

1072 4443 1121 4508 ris,
1139 4440 1188 4512 qui
1204 4439 1376 4511 pudicitiam
1391 4440 1468 4497 888
1486 4444 1567 4498 vultu
1591 4445 1760 4519 praeferunt,
1783 4452 1813 4504 et
1833 4448 1901 4522 pal-

193 4547 251 4604 que
266 4535 428 4602 torquetur,
447 4533 475 4585 et
491 4527 541 4600 qui
556 4525 586 4581 in
601 4530 629 4580 tc
653 4522 754 4596 plagas
780 4518 958 4588 dissimulat,
985 4520 1015 4576 in
1031 4547 1054 4612 Ι)
1070 4529 1203 4602 lidajugi
1218 4527 1398 4585 continentia
1412 4535 1476 4586 orat
1490 4537 1649 4604 portantes,
1666 4534 1775 4593 Christi
1791 4542 1899 4596 osten-

193 4618 304 4677 ceteris
319 4618 483 4674 confitetur.
501 4615 562 4671 Nisi
578 4615 651 4670 forte
671 4612 700 4666 in
724 4625 836 4666 morsm
860 4609 1014 4682 gentilium
1071 4619 1144 4675 dunt
1158 4617 1373 4675 verecundiam,

192 4708 420 4785 impiorumque,
438 4701 588 4778 Porphyrii
599 4707 627 4757 et
641 4698 843 4765 Eunomii,bas
853 4700 1015 4773 prestigias

1105 4708 1148 4764 l3.
1175 4708 1337 4778 Vigilantiam
1358 4709 1425 4780 quid
1448 4711 1633 4782 proludebat?
1648 4713 1770 4771 Colieeire
1793 4718 1824 4772 in
1847 4717 1895 4774 alie

228 4853 332 4912 ¹ldem
355 4847 529 4916 Bononiens,
559 4845 643 4915 liber,
672 4851 786 4918 possunt
812 4859 892 4899 orare
919 4845 960 4900 ael
984 4845 1013 4899 in
1069 4849 1190 4906 Plautus
1205 4865 1292 4921 quem
1309 4854 1409 4906 noster
1420 4848 1529 4908 laudat.

191 4929 261 4994 anis,
277 4930 331 4982 eto.
349 4922 437 4980 Paulo
452 4921 537 4987 infra,
554 4920 586 4975 st
599 4920 625 4974 st
638 4918 733 4988 atiquo
755 4915 846 4987 culpa,
872 4920 940 4984 etc,
967 4915 1014 4970 de-

191 4998 260 5053 inde
269 5013 303 5052 ne
317 4997 457 5052 mensione
468 4989 601 5065 peccandi
614 5006 685 5045 ocor
699 4989 800 5044 ueniat.

227 5069 238 5102 ²
254 5067 334 5124 idam
349 5067 454 5122 iterum
471 5081 539 5121 cum
553 5061 767 5130 veientanae
777 5059 858 5126 sipna
869 5064 940 5124 aunt,
957 5061 1011 5112 etc.

1114 4957 1199 5008 Credo
1215 4969 1263 5021 ego
1282 4957 1330 5006 huc
1344 4961 1422 5007 noete
1437 4958 1603 5011 Nocturnum
1618 4961 1792 5016 obdormisse.

1103 5057 1113 5092 ⁸
1128 5054 1195 5111 Corn
1208 5056 1317 5111 subitas
1332 5059 1412 5110 terre
1426 5064 1523 5113 motos.
1541 5059 1665 5133 Prosper
1679 5061 1709 5116 in
1724 5061 1893 5130 Chronieis,

226 5137 284 5193 ³ln
299 5136 401 5193 eodem
417 5134 590 5192 Bononiensi
605 5133 759 5206 praestigios
780 5128 936 5186 damonum
951 5143 1014 5183 con·
1070 5151 1083 5178 «
1098 5127 1221 5183 Arcadio
1238 5143 1264 5180 av
1280 5129 1308 5181 et
1323 5124 1448 5180 Hnnorio
1464 5145 1497 5182 111
1513 5145 1588 5186 coss.
1620 5139 1702 5188 terre
1725 5139 1824 5190 motus
1840 5151 1894 5208 per

188 5215 233 5266 trc
249 5211 275 5264 te
288 5208 435 5276 contuens,
447 5211 500 5263 etc.

1067 5200 1130 5255 dies
1146 5197 1289 5272 plurimos
1305 5195 1360 5251 fuit
1375 5196 1540 5282 coelumque
1557 5202 1658 5259 ardere
1675 5205 1772 5260 visum
1800 5212 1857 5261 est.
1877 5227 1892 5256 n

225 5279 310 5338 ‘lmo
325 5281 386 5335 tres
400 5279 511 5360 praesim
527 5277 701 5334 enumerant
715 5277 826 5330 veteres
842 5269 1011 5342 mythologi.
1068 5271 1211 5326 hlanrrau.
1228 5298 1262 5308 -
1277 5269 1308 5322 lu
1324 5267 1353 5321 S.
1370 5267 1503 5340 Prospera
1518 5289 1551 5328 ao
1562 5275 1722 5330 Marcellini
1736 5275 1892 5333 Chronicis

189 5353 245 5410 Sed
260 5358 289 5408 et
303 5350 446 5406 Eusebius
460 5349 584 5420 Praepar.
601 5347 652 5402 lib.
667 5362 707 5401 u:
728 5346 787 5400 fres
799 5350 888 5398 noctes
899 5342 1014 5398 trralunt
1068 5343 1194 5397 refertur
1217 5338 1252 5393 ad
1281 5354 1391 5394 annum
1420 5342 1732 5404 ‘dbtiufflrcadqovgt
1760 5347 1890 5405 Honorio

189 5427 281 5484 lovem
312 5423 477 5494 geminasse,
510 5419 584 5474 unde
615 5416 788 5492 Τριὲσπερος,
829 5422 855 5469 et
882 5410 1012 5488 Tpactln-
1068 5429 1099 5467 nr
1116 5429 1192 5493 coss.
1208 5413 1402 5490 terrae-motus
1420 5429 1471 5494 per
1484 5413 1697 5488 diesplurimos
1713 5418 1778 5486 fuit,
1802 5441 1813 5469 ι
1833 5424 1891 5478 eta,

189 5517 235 5559 νος
252 5492 487 5555 florentesdicina
508 5493 557 5546 eat.
586 5488 665 5544 Duas
689 5491 788 5542 tamen
817 5501 884 5540 cunr
913 5485 1012 5543 Hiero·
1068 5481 1247 5539 Poulornfra
1276 5485 1359 5539 vetus
1385 5482 1475 5540 edatio
1508 5485 1541 5541 de
1561 5489 1694 5562 paradiso
1719 5491 1820 5564 ejectos
1849 5494 1890 5550 sic

187 5585 279 5656 pymo
294 5565 415 5624 Ovidius
425 5565 513 5655 'notat
525 5561 576 5628 lib,
592 5575 602 5614 1
616 5561 731 5626 Aaron„
748 5557 826 5630 bilag.
844 5557 877 5615 43
893 5575 899 5616 :

331 5645 468 5706 Commisit
481 5644 573 5694 noctes
587 5639 614 5690 in
630 5651 677 5692 sua
689 5640 752 5690 vota
765 5635 841 5688 duaa,

1067 5569 1166 5638 Oriialde.
