4068 6170
262 344 337 408 llil
1006 349 1217 412 APPRNDIX.
1853 357 1909 418 titt

259 477 349 534 David
364 477 509 536 diadema.
518 478 655 537 illicitum
669 485 731 538 erat
746 483 782 538 de
795 480 882 538 idolis
897 481 1007 554 aliquid
1018 483 1081 540 auri
1096 485 1124 549 Α
1139 499 1205 538 nem
1222 487 1379 540 corruerat.
1396 484 1463 540 Levi
1477 501 1544 541 vero
1568 501 1625 540 non
1646 485 1843 552 numerabatur,
1862 491 1910 560 quia

259 569 405 638 appetere,
421 563 472 626 aut
496 569 617 642 argenti,
642 571 753 627 Judeis
779 587 830 642 per
853 571 956 642 legem.
974 572 1039 637 Sed,
1051 577 1083 627 ut
1140 570 1293 627 sacerdotii
1309 573 1451 644 dignitate
1467 573 1657 646 praecellebat.

259 653 315 724 ipsi
332 655 460 725 tradunt,
476 655 561 714 Ethai
573 659 713 726 letheus,
730 659 781 730 qui
796 659 831 714 de
853 663 939 730 geute
953 659 1083 716 Philisti·
1173 659 1271 732 (ibid.)
1286 660 1422 717 Gladium
1446 662 1562 720 Domini
1587 666 1615 719 et
1638 667 1757 720 mortem
1777 666 1911 737 stragalum

259 757 362 798 norum
378 744 414 799 ad
432 745 520 805 David
535 752 662 818 venerat,
680 747 743 819 ipse
757 747 893 803 diadema
912 747 1034 819 diripuit
1047 748 1082 803 de
1138 748 1262 804 Domini.
1280 771 1294 798 »
1319 749 1431 806 Dicitur
1454 751 1596 807 Dominus
1621 752 1651 808 in
1665 757 1810 826 AEgyptum
1827 755 1914 812 descen·

259 831 352 902 eapite
368 832 521 906 Melchom,
539 840 572 891 ut
586 835 684 892 liceret
699 835 817 891 Hebraeo
828 836 863 891 de
888 851 974 892 manu
991 835 1084 892 homi·
1137 837 1216 892 disse
1231 841 1260 894 et
1273 839 1455 910 percussisse
1470 840 1636 913 AEgyptium
1653 841 1784 914 plagis,et
1796 845 1915 912 peremisse

259 919 306 976 nis
321 938 434 996 capere,
451 925 529 997 quod
548 924 584 980 do
598 923 691 996 capite
703 923 774 980 idoli
791 941 848 980 non
864 923 978 982 licebat.
1137 924 1347 998 primogenitos
1364 927 1560 999 AEgyptiorum
1577 929 1672 1000 (deod.
1689 931 1915 998 x11,29).Ricvero,

295 1011 388 1085 (Vera.
404 1013 443 1084 l.)
458 1014 543 1070 «Post
555 1011 615 1068 hec
626 1013 733 1070 initum
748 1019 790 1070 est
803 1013 913 1072 bellum
926 1015 955 1070 in
966 1018 1083 1084 Gezerpi
1137 1014 1214 1084 quod
1230 1013 1399 1070 terribiliter
1412 1015 1539 1088 positum
1555 1021 1601 1074 est
1615 1018 1742 1090 primum
1752 1018 1785 1074 de
1797 1019 1910 1091 gladiolo

210 1103 215 1113 “
260 1101 289 1156 in
310 1102 433 1174 Regum,
459 1102 487 1157 in
512 1102 573 1158 Gcb
598 1104 637 1170 (ll
651 1106 712 1175 Reg.
729 1121 786 1174 xxi,
804 1105 857 1176 18),
869 1105 930 1161 Gcb
946 1104 1084 1178 interpre-
1138 1100 1220 1168 mini,
1237 1107 1418 1174 temperatur
1440 1105 1510 1158 dum
1532 1105 1638 1160 dicitnr
1659 1107 1740 1176 (rere.
1763 1107 1813 1179 lt),
1831 1117 1917 1176 elonga·

260 1195 338 1246 tatur
349 1192 460 1248 locusta.
485 1191 575 1248 Gezer
590 1209 654 1248 vero
671 1209 777 1250 nomeu
798 1193 853 1250 loci
869 1199 922 1261 est,
950 1199 978 1251 et
992 1193 1081 1250 inter·
1138 1191 1195 1244 lum
1212 1191 1331 1259 Domini,
1356 1209 1413 1248 non
1437 1193 1466 1248 in
1491 1209 1577 1249 manu
1605 1195 1742 1262 hominis,
1766 1197 1917 1270 utllsgetlum

261 1285 391 1352 pretatur
405 1282 554 1337 ordinatio.
570 1282 652 1338 Sicut
672 1282 804 1351 locustae,
820 1285 859 1339 ita
884 1283 935 1339 filii
960 1284 1082 1355 Araphe
1138 1279 1201 1348 ejus
1217 1296 1273 1333 1¹00
1290 1284 1367 1335 esset
1382 1281 1410 1335 in
1428 1298 1515 1336 monti
1535 1281 1726 1348 h⁰ffliss58‚sed
1741 1283 1768 1339 in
1787 1302 1861 1340 manu
1877 1286 1917 1352 Dei,

258 1367 395 1425 delebant
411 1369 509 1426 lsrael.
532 1370 648 1443 Arapha
676 1371 753 1428 enim
781 1372 835 1428 luit
861 1389 953 1428 nurus
970 1372 1081 1440 Noomi‚
1138 1367 1207 1440 quia
1223 1367 1320 1422 multae
1337 1369 1534 1425 miserationis
1544 1375 1598 1427 cst.
1608 1371 1766 1444 Flagellum
1777 1374 1844 1429 enim
1856 1375 1921 1430 homi

258 1458 294 1514 de
308 1459 393 1531 cujus
409 1459 545 1532 progenie
558 1459 676 1516 fuerunt
690 1460 833 1534 gigantes,
849 1461 963 1518 Goliath
985 1467 1013 1518 et
1027 1463 1082 1518 lra-
1139 1455 1184 1512 nis
1198 1460 1226 1512 el
1243 1457 1271 1511 in
1287 1455 1384 1529 gladio
1399 1464 1453 1528 est,
1469 1464 1498 1514 ei
1512 1459 1540 1514 in
1559 1461 1643 1516 fame·
1664 1461 1738 1525 Ouia
1758 1467 1864 1534 possunt
1876 1481 1920 1536 ero·

256 1552 316 1606 tres
329 1549 404 1620 ejus.
1137 1546 1237 1601 hibere
1251 1546 1480 1604 renuntiationes
1495 1547 1525 1603 hi
1540 1549 1616 1622 apud
1640 1566 1715 1621 quos
1737 1554 1801 1606 sunt
1826 1552 1920 1608 lrumen·

293 1637 391 1711 (ibid.)
416 1661 431 1690 u
447 1637 478 1694 ln
502 1655 559 1710 quo
581 1638 725 1711 percussit
748 1639 891 1695 Scbochai
915 1641 1084 1697 llusothites
1138 1641 1177 1690 te·

259 1726 385 1800 Saphai;
403 1747 417 1777 ii
432 1726 461 1782 in
478 1726 589 1800 Regum
605 1726 683 1800 Saph
700 1727 800 1798 (idid).
817 1727 894 1800 Saph
910 1729 1082 1801 interprete·
1173 1724 1265 1795 (Vere.
1291 1724 1347 1796 t5.)
1373 1748 1387 1776 a
1405 1725 1483 1780 Vidit
1503 1727 1645 1783 Dominus
1669 1733 1698 1783 et
1719 1729 1847 1786 misertus
1863 1735 1920 1786 est·

260 1822 318 1886 tur,
337 1815 478 1872 liminare.
496 1815 615 1888 Saphai,
631 1816 761 1872 liminare
774 1833 874 1872 meum
892 1818 923 1874 ln
940 1817 1084 1890 Paralipa-
1100 1859 1123 1926 Β
1140 1813 1228 1868 diunt
1243 1813 1354 1870 Sadoob
1368 1815 1547 1870 sacerdotem
1564 1814 1721 1872 infulatum
1741 1817 1879 1873 Dominum
1890 1819 1923 1872 da·

260 1923 379 1974 menon,
395 1905 430 1962 de
446 1920 549 1976 genere
564 1904 727 1976 Raphuim:
753 1905 782 1961 in
803 1907 926 1978 Regum,
943 1907 979 1962 de
994 1907 1084 1980 stirpe
1140 1905 1288 1974 precatum
1304 1903 1406 1964 luisse.
1422 1908 1450 1958 et
1466 1903 1614 1960 imitatum
1632 1904 1722 1960 luisse
1745 1911 1846 1978 patrem
1862 1923 1923 1962 suun

261 1995 364 2069 Rapha
378 1993 469 2068 (llid.)
484 1993 553 2068 quia
576 1993 628 2049 lilii
652 1993 755 2066 Orphe
770 1999 854 2052 erant
871 1996 907 2051 de
921 2012 1026 2068 genere
1040 1996 1085 2069 gi·
1139 1994 1242 2056 Aaron,
1256 1995 1285 2047 et
1295 1990 1374 2047 itlius
1389 2007 1488 2064 preces
1508 1996 1536 2048 et
1550 1993 1734 2050 devotionem
1749 1995 1885 2051 Dominum
1896 1996 1923 2049 ii·

260 2091 392 2160 ganeum,
1139 2078 1228 2145 disse,
1243 2083 1271 2135 et
1286 2079 1440 2136 misertum
1456 2081 1559 2138 luisse.

297 2173 390 2248 (Vere.
406 2173 445 2245 5.)
462 2173 492 2228 lu
516 2188 573 2244 quo
598 2171 742 2245 percussit
765 2169 933 2228 Adeclatas.
952 2195 965 2221 »
982 2172 1013 2228 ln
1029 2173 1084 2229 He-
1174 2167 1268 2234 (Vere.
1296 2168 1348 2239 18).
1375 2169 1406 2224 ln
1432 2168 1675 2242 Paralipomenon
1699 2172 1806 2240 Ornan,
1829 2174 1925 2228 etinter·

261 2264 338 2321 brac
352 2261 469 2336 legitur,
485 2260 622 2317 Elcanam
639 2259 717 2316 filius
731 2261 803 2330 Jair,
819 2261 960 2318 Leemites
976 2264 1013 2334 (o)
1030 2263 1084 2318 lra-
1140 2261 1280 2327 pretatur·
1296 2257 1389 2312 lumen
1411 2259 1489 2314 nohis
1500 2277 1510 2313 ·'
1538 2257 1567 2313 in
1591 2259 1703 2332 Regum
1719 2277 1784 2318 vero
1802 2261 1926 2332 biennali!

260 2352 408 2421 laminir,
432 2352 561 2422 vigilans,
587 2351 616 2406 in
645 2351 756 2422 Regum
778 2351 917 2407 scribitur
930 2351 991 2407 Hur
1007 2351 1085 2407 filius
1139 2347 1201 2418 liep.
1229 2363 1308 2414 xxiv,
1336 2347 1391 2419 to),
1421 2347 1450 2402 id
1480 2353 1613 2405 caturco.
1650 2349 1770 2417 Ornam,
1795 2351 1927 2407 Jsbusrun

240 2427 354 2509 daero,
370 2441 447 2513 quod
467 2441 676 2512 intorpretatur
689 2439 776 2495 sottus
800 2440 878 2508 (leid.
902 2440 967 2512 l9)3
988 2439 1016 2494 in
1033 2440 1085 2496 Re
1140 2434 1229 2490 luisse
1245 2435 1284 2490 ibi
1300 2437 1434 2506 perussit,
1445 2436 1514 2509 quia
1527 2436 1619 2492 noluit
1638 2439 1726 2494 David
1751 2441 1852 2510 absque
1865 2455 1928 2511 pecu-
1989 2477 1990 2496 i

138 2565 142 2570 -
258 2547 329 2605 gum
345 2531 484 2588 scribitur
498 2527 725 2584 bethlehemites
747 2528 859 2600 (ibid.):
885 2528 913 2584 iu
939 2529 1084 2602 Paralipo·
1140 2524 1188 2578 nia
1202 2523 1312 2596 aliquid
1327 2527 1391 2595 ejus
1406 2527 1508 2582 ollerre
1534 2527 1664 2582 Domino.
1688 2527 1721 2582 ln
1747 2528 1807 2601 lege
1825 2528 1929 2584 enimest

259 2637 377 2691 menon,
400 2619 543 2675 Leemites
571 2618 668 2674 irater.
700 2617 847 2674 lnicrlecit
873 2635 940 2690 ergo
969 2617 1082 2674 Goliath
1140 2612 1330 2684 prohibitum.
1347 2613 1470 2679 Quidam
1487 2615 1593 2670 idcirco
1608 2614 1711 2671 dicunt
1727 2617 1771 2672 bis
1792 2617 1929 2688 sangninem

259 2708 434 2776 Getthmum,
450 2709 569 2764 fratrem
580 2705 666 2762 Golia
683 2705 831 2777 philistaei,
857 2723 943 2779 quem
967 2707 1057 2762 interl
1073 2738 1083 2748 -
1139 2702 1238 2756 tusum
1255 2720 1271 2756 a
1285 2702 1373 2757 David
1388 2719 1438 2772 pro
1453 2704 1596 2776 sanguine
1611 2705 1724 2773 hostili,
1751 2722 1834 2778 quem
1847 2703 1931 2770 alludit,

259 2799 298 2854 cit
312 2797 413 2855 David.
429 2797 558 2853 Fuerunt
572 2795 650 2852 enim
666 2795 700 2852 de
711 2797 801 2869 stirpe
816 2795 918 2868 Orphe
944 2796 1084 2868 quinque,
1140 2795 1169 2846 et
1184 2806 1235 2863 pro
1251 2790 1393 2862 sanguine
1408 2790 1493 2858 Uriae,
1510 2793 1559 2862 qui
1575 2793 1686 2848 effusus
1702 2799 1759 2850 ast.

260 2887 418 2960 dequibus
432 2885 463 2942 in
478 2885 670 2959 sequentibus
685 2884 766 2940 dicit.
1175 2879 1255 2950 (Gap.
1285 2878 1384 2935 Xlllll.
1415 2911 1449 2920 -
1478 2880 1559 2936 Vers.
1591 2882 1635 2944 15.
1665 2882 1753 2954 lb.)›i
1779 2881 1839 2938 Filii
1851 2881 1932 2936 &man

297 2976 392 3048 (Vera.
418 2979 457 3049 7.)
485 2998 495 3025 ι
515 2975 548 3030 llt
572 2974 718 3048 percussit
741 2991 807 3030 eum
834 2975 981 3032 Jonathan
1007 2975 1086 3032 fitius
1142 2966 1193 3020 filii
1210 2967 1308 3039 Moysi,
1323 2966 1427 3024 Sebuel
1444 2967 1567 3040 primm.
1586 2991 1599 3018 »ι
1616 2971 1717 3040 Ipsum
1734 2967 1932 3039 teruntessequi

262 3063 624 3127 Sammaal'ratrisDavid.
643 3063 812 3120 ›ilonathan
830 3065 951 3136 ipseest
973 3066 1085 3122 Nathan
1140 3055 1334 3121 issJUdiGUffli
1358 3057 1504 3112 J⁰sssslb³1¹
1533 3057 1672 3113 solibiiut
1692 3059 1792 3125 (ludic-
1820 3057 1932 3128 Xi¹¹23⁰i

265 3158 416 3234 propheta,
432 3154 483 3228 qui
495 3151 597 3210 babuit
613 3153 687 3210 duos
703 3151 884 3219 lratmsioel
900 3157 928 3208 et
941 3153 1085 3210 Jonndab.
1141 3144 1190 3216 qui
1209 3144 1263 3198 suli
1274 3145 1410 3200 sacerdos
1427 3143 1456 3199 in
1473 3145 1549 3200 tribu
1566 3145 1637 3201 Dan.
1661 3147 1807 3204 lonatban
1822 3147 1933 3216 interpre-

259 3251 369 3311 ldcirco
384 3248 410 3305 ei
426 3245 473 3302 hic
489 3259 594 3299 nomeu
618 3241 709 3314 patris
732 3239 904 3312 imponitur,
924 3242 994 3313 quia
1009 3243 1085 3298 inter
1101 3227 1122 3294 C
1141 3237 1228 3300 tatur,
1246 3234 1357 3288 Domini
1371 3234 1482 3288 dotium.
1499 3234 1760 3302 Sebuel,reucrtena
1773 3234 1808 3290 cd
1821 3235 1932 3289 Decium

258 3341 436 3417 preliatores
451 3331 634 3390 describitur.
652 3327 705 3384 Ubi
721 3345 787 3384 vero
802 3328 837 3384 de
853 3329 1005 3401 prophetia
1020 3331 1084 3402 ejus
1139 3321 1175 3377 de
1190 3338 1247 3393 (1¹1⁰
1262 3321 1417 3377 floribiiutt
1435 3323 1492 3394 ipse
1507 3327 1532 3379 et
1550 3324 1605 3394 titii
1629 3323 1686 3395 ejus
1707 3325 1824 3398 suerunt
1836 3320 1934 3378 sucerdo-

257 3429 406 3496 scribitur,
422 3440 479 3480 non
496 3421 520 3476 ei
547 3419 704 3475 adnotatur
725 3419 816 3488 puter,
837 3433 870 3473 eo
895 3419 971 3490 quod
1003 3425 1085 3492 pater
1138 3410 1390 3476 tesintmbuDou,
1419 3411 1566 3482 usquead
1593 3411 1666 3466 diem
1693 3415 1856 3484 captiuitatis
1874 3415 1933 3464 tetre

255 3523 321 3592 ejus
336 3515 477 3592 propheta
493 3527 550 3567 non
566 3507 662 3564 luerit.
1138 3500 1243 3568 (litat),
1260 3498 1288 3554 id
1305 3504 1359 3566 est,
1385 3516 1477 3571 usque
1501 3501 1537 3555 ad
1554 3499 1631 3555 diam
1653 3501 1773 3572 qirando
1789 3517 1851 3557 arca
1862 3495 1933 3554 Domi·

292 3608 371 3680 (Cap.
387 3603 455 3660 Xlll.
473 3633 505 3642 —
528 3599 606 3655 Vers.
627 3597 668 3664 3.)
692 3595 802 3659 «Quod
827 3595 856 3650 in
873 3601 1024 3667 peccatum
1040 3615 1083 3654 re·
1139 3588 1168 3643 ni
1184 3589 1220 3645 ab
1234 3586 1396 3661 Allcphylis
1411 3592 1497 3660 capta
1509 3593 1562 3644 est.
1579 3589 1695 3658 Sebuet,
1713 3589 1933 3648 revalituram:

254 3700 372 3770 putetur
387 3689 496 3760 lsraeli,
515 3712 528 3740 a
552 3687 639 3743 idest
665 3687 693 3741 iu
707 3688 841 3752 mortem,
858 3701 921 3757 qum
940 3703 990 3759 pro
1014 3703 1080 3759 pec·
1134 3680 1219 3750 Juxta
1234 3678 1288 3734 hoo
1303 3678 1379 3750 quod
1396 3677 1521 3733 habetur
1534 3678 1563 3734 in
1581 3678 1724 3752 propheta
1741 3697 1747 3736 :
1773 3673 1934 3736 conseruerat

255 3790 318 3843 outo
333 3783 421 3841 venit.
642 3777 652 3799 '
1137 3766 1172 3822 ud
1186 3785 1238 3836 me,
1255 3775 1281 3824 ct
1294 3782 1342 3836 rgo
1355 3770 1498 3822 coriueitor
1513 3767 1548 3822 cd
1563 3784 1606 3823 uos
1622 3767 1751 3838 (Zuobnr.
1770 3785 1789 3836 1,
1805 3767 1847 3836 3.)

288 3873 380 3946 (Vere.
397 3870 437 3941 5.)
455 3871 487 3924 in
504 3865 756 3936 Paralipomenon,
778 3863 859 3918 mille
883 3863 976 3920 millia
991 3866 1038 3938 (t),
1054 3871 1082 3922 ot
1173 3857 1265 3926 (Vere.
1300 3855 1352 3928 ¹7).
1384 3879 1397 3904 u
1424 3859 1511 3911 Porro
1537 3855 1588 3910 tilii
1619 3857 1753 3913 Rahabia
1782 3848 1934 3926 multiplicati

253 3967 371 4020 centum
400 3957 511 4015 millia:
542 3955 571 4010 in
602 3955 712 4026 Regum
730 3954 753 4025 (l
778 3954 839 4024 lice.
865 3970 904 4020 xi,
934 3953 973 4024 8),
1002 3953 1081 4010 mille
1137 3951 1207 4003 sunt
1223 3945 1445 4016 supramodum
1462 3945 1515 4015 [at.
1533 3945 1677 4016 domuml.
1695 3945 1731 4000 Et
1746 3945 1794 4000 hic
1811 3941 1933 4014 impletum

253 4053 382 4107 trecenta
397 4046 499 4112 millio,
516 4043 545 4100 iu
562 4042 802 4115 Paralipomenon
823 4043 992 4097 scribuntur
1006 4047 1035 4098 et
1050 4043 1080 4098 hi
1137 4041 1191 4100 est.
1208 4033 1285 4107 quod
1302 4032 1444 4089 D⁰1ltittu³
1459 4032 1577 4089 dixiitd
1594 4033 1734 4106 Moysen:
1753 4034 1857 4090 Dimitte
1870 4027 1934 4094 ragat

254 4139 305 4212 qui
320 4137 536 4200 remanserunt,
551 4137 580 4188 ot
594 4130 644 4203 qui
661 4130 805 4186 interlecti
821 4137 900 4186 sunt.
921 4130 952 4185 lu
969 4131 1079 4203 Regum
1135 4125 1241 4180 deleam
1252 4121 1492 4196 populosissima,
1507 4125 1533 4178 et
1545 4123 1648 4193 socium
1663 4127 1688 4177 te
1706 4125 1737 4178 iu
1765 4131 1875 4194 gentem,
1893 4128 1934 4186 uer

252 4245 320 4286 veru
355 4225 411 4283 vivi
441 4220 644 4280 tantummodo
674 4223 876 4274 numerantur.
904 4218 985 4282 Quod
1014 4236 1080 4276 veru
1134 4215 1223 4286 neojur
1237 4215 1290 4268 isto
1303 4221 1342 4269 est
1356 4211 1452 4280 (Emori.
1470 4228 1555 4278 xxxii,
1575 4211 1626 4282 lO).

253 4316 405 4383 scribitur,
422 4310 609 4384 septuaginta
632 4306 726 4364 millia
749 4306 899 4364 interiecta
913 4307 1015 4375 luisse,
1032 4307 1080 4363 hic
1170 4301 1262 4373 (Vers.
1287 4303 1348 4368 27.)
1373 4323 1386 4351 a
1410 4299 1498 4356 turta
1522 4304 1666 4372 praecepta
1690 4300 1783 4356 David
1809 4295 1934 4354 novissimi

251 4410 368 4462 tautum
384 4404 480 4476 capita
495 4399 645 4458 seniorum
662 4401 865 4453 numerantur.
886 4397 1025 4452 Caeterum
1043 4397 1079 4452 do
1135 4389 1342 4462 supputabitur
1357 4387 1483 4444 liliorum
1500 4387 1565 4444 Levi
1583 4405 1737 4456 numerus,
1762 4383 1885 4461 aviginti
1896 4395 1932 4436 aa·

253 4493 337 4568 plebe
354 4497 396 4549 tot
410 4490 503 4548 millia
518 4489 669 4544 interiecta
692 4490 771 4552 sunt,
795 4488 866 4557 quot
881 4484 1077 4542 millenarium
1134 4479 1179 4535 nis
1194 4485 1223 4534 ei
1239 4495 1328 4551 supro
1339 4477 1500 4541 ¹³¹0⁰?me
1512 4475 1735 4533 tabernaculum
1746 4476 1857 4533 Domini
1866 4483 1933 4527 m⁰t÷

251 4586 382 4640 trecenta
410 4595 566 4636 numerum
590 4575 743 4643 excedunt.
775 4575 815 4630 De
844 4573 921 4629 tribu
947 4574 1021 4645 tevi,
1051 4577 1079 4630 et
1095 4561 1932 4658 Dbaturdelocoadlocum,atrigintathlannisetigeban·

252 4669 416 4744 Benjamiu,
433 4669 501 4741 quia
517 4683 574 4722 non
590 4667 660 4720 sunt
674 4661 891 4728 numeratione
906 4669 975 4718 sunt
988 4663 1077 4719 inter·
1134 4659 1199 4712 tur:
1217 4661 1372 4728 postquam
1397 4671 1464 4710 vero
1488 4653 1629 4726 templum
1656 4654 1773 4711 Domini
1789 4653 1931 4710 artificum

252 4761 334 4818 secti:
363 4759 432 4832 quia
461 4753 611 4828 BenJamin
643 4753 707 4808 ideo
735 4752 835 4820 erasit,
874 4752 944 4824 quie
970 4753 1077 4808 recenti
1133 4743 1449 4816 est,avigintiaunis.
1474 4745 1553 4809 Quod
1581 4761 1648 4798 vcra
1674 4744 1702 4798 in
1729 4741 1931 4830 quibusdamctr

252 4856 383 4923 tempore
399 4848 525 4904 lrnterno
541 4842 637 4917 gladio
655 4859 726 4915 pene
742 4858 834 4914 usque
850 4842 884 4896 ad
902 4842 1076 4898 internecio·
1133 4833 1247 4890 ditibus
1263 4833 1396 4900 hibetur,
1411 4832 1446 4888 ud
1469 4832 1621 4908 ferventem
1635 4833 1772 4900 sinaitam,
1789 4837 1817 4887 0²
1840 4830 1867 4885 in
1885 4838 1931 4896 lffl'

286 5036 391 5090 ¹Hunc
407 5032 503 5090 lucum
529 5033 563 5088 ad
588 5031 674 5087 lldem
691 5046 762 5084 mss.
788 5029 922 5084 codicum
947 5029 1076 5085 restitui·
1132 5026 1251 5080 lorumu
1270 5023 1372 5090 uiginti
1398 5023 1480 5076 cunis
1507 5021 1688 5091 eligebantur.
1715 5026 1860 5103 Postquam
1888 5021 1929 5088 tto

251 5121 327 5161 mue.
346 5107 374 5162 lo
396 5106 482 5162 editis
509 5105 586 5171 apud
613 5105 764 5158 Erasmum
782 5101 821 5155 ita
842 5100 986 5173 legimus:
1014 5102 1077 5168 Oua
1132 5095 1385 5166 ictuplumDomim
1409 5090 1582 5163 artificium
1604 5098 1653 5160 cst,
1678 5109 1694 5146 u
1720 5094 1838 5162 trigiam
1863 5094 1927 5138 unsa·

249 5177 340 5246 major
356 5177 408 5232 isto
423 5185 471 5233 est.
484 5177 635 5232 Nouissime
649 5175 843 5244 supputabitur·
855 5175 977 5244 filiorum
993 5173 1075 5228 tcui:
1132 5169 1199 5231 Qus
1215 5166 1334 5221 omnino
1351 5163 1453 5218 mutila
1468 5179 1500 5218 ao
1524 5168 1662 5238 corrupta
1682 5164 1791 5234 probat
1806 5157 1927 5216 contextui

251 5245 371 5314 quirndtu
386 5249 599 5303 tubernaculum
616 5245 724 5301 Domini
748 5245 906 5299 mutabatur
925 5244 957 5298 dc
972 5244 1027 5298 ioco
1042 5243 1077 5298 ud
1132 5243 1237 5294 saecri
1254 5236 1346 5292 Perat.
1363 5251 1442 5302 xxiii,
1456 5235 1500 5290 27.

285 5391 323 5465 (a)
339 5394 688 5454 blartian.ltctlrteltemites
703 5396 750 5452 hic
765 5389 1076 5466 legeratrpuemndmo·
1131 5392 1215 5456 malie,
1227 5395 1287 5468 etc.
1770 5459 1775 5468 ¹
1816 5458 1821 5467 ι

250 5465 319 5520 ditm
336 5481 394 5520 non
410 5467 438 5519 in
455 5467 694 5540 Paralipomenon
711 5469 804 5535 libris,
814 5468 863 5523 sad
879 5467 988 5538 Rugum
1007 5465 1076 5521 sori·
1166 5466 1201 5533 (ci
1217 5465 1287 5516 iiiam
1301 5460 1427 5543 vtilgatis
1443 5465 1509 5515 ante
1532 5459 1731 5542 hlartianmum
1757 5457 1838 5541 libris
1858 5461 1924 5508 niens.
1989 5481 1990 5502 i

250 5536 338 5592 bitur.
1129 5541 1216 5606 atque
1232 5534 1443 5588 Anibrostanus
1460 5549 1531 5586 mss.
1548 5549 1577 5585 m
1590 5531 1643 5586 hoo
1659 5533 1855 5590 consentiunt,
1869 5513 1924 5601 quod
1989 5557 1990 5584 t

284 5608 325 5681 (b)
341 5607 411 5662 tium
430 5621 494 5661 meo
510 5623 564 5664 ms.
591 5609 736 5665 Victorius
758 5626 884 5739 quogue,
908 5611 937 5664 ln
961 5609 1072 5664 l’rrroli·
1129 5606 1228 5676 uiginti
1243 5604 1289 5660 hio
1306 5620 1355 5688 pro
1371 5605 1494 5688 triginta,
1519 5607 1606 5688 atque
1629 5617 1799 5658 econverso
1818 5597 1924 5655 monto·
1989 5601 1990 5636 t

247 5696 380 5761 remmon
408 5679 555 5757 quingenti
585 5683 758 5756 septuaginta
785 5683 825 5738 mi
840 5682 890 5740 tic.
921 5681 953 5738 Ia
972 5681 1074 5753 Regum
1127 5679 1205 5750 piato
1221 5692 1271 5752 pro
1287 5675 1658 5748 organacauupreterunt.
1989 5707 1990 5712 κ
