4100 6156
141 284 194 354 aas
669 277 879 350 rovenses
900 272 1144 348 serratarum
1165 271 1240 344 ue.
1262 249 1303 344 ιι.
1776 275 1835 347 aaa

138 419 260 478 crastino
275 416 403 493 cogitare
418 417 472 491 (At,
486 415 620 492 cogitari)
633 417 791 492 prohibet:
813 416 863 489 qui
891 431 959 472 cum
973 415 1067 484 Anet
1095 429 1189 485 usque
1218 412 1254 468 ad
1283 427 1434 483 vesperem
1451 427 1458 466 ε
1475 415 1504 466 ct
1531 410 1581 483 qui
1610 425 1670 470 noo
1696 414 1835 472 alilixerit

136 508 262 566 esurisse
277 511 307 565 et
320 507 417 564 sitisse
441 507 564 574 dicatur,
587 511 616 564 et
639 507 699 563 isse
727 506 895 578 frequenter
919 504 955 561 ad
1014 503 1143 559 animam
1158 518 1254 568 suam,
1267 500 1447 557 moriaturet
1460 501 1711 559 extermineturde
1726 505 1834 577 populo

134 597 269 671 prandia,
294 601 412 669 excepto
437 597 585 670 mysterio,
604 595 682 669 quod
711 595 741 650 in
769 600 871 667 typum
900 609 958 650 sua
1013 589 1643 662 suolOuarescpulcraconcupiscential,
1663 591 1713 649 ubi
1735 594 1833 649 carni·

132 685 282 759 passionis
297 685 451 758 expressit,
466 689 495 741 ct
507 684 650 758 probandi
671 683 800 756 corporis
825 681 957 738 veritate.
1013 681 1070 737 bus
1084 679 1202 736 deditus
1218 679 1344 752 populus
1359 681 1525 750 ruit,usqua
1539 678 1624 734 bodie
1634 678 1664 734 in
1676 679 1834 740 solitudine

133 791 188 831 nec
203 773 279 848 gulas
294 772 433 830 scribitur
448 773 582 842 servisse,
613 788 666 830 nec
695 771 801 828 ventri.
831 770 886 838 Qui
915 769 958 826 di·
1012 772 1198 842 perseverent
1221 768 1282 824 tat
1310 783 1427 824 crassus
1456 766 1581 841 populus
1604 773 1834 842 ortygometram

131 863 225 920 vitem
241 865 432 934 purpuratum
449 865 566 934 propter
580 860 682 926 epulas
697 857 835 916 narratio
848 862 958 915 tartaro
1013 856 1150 932 scribitur
1165 856 1200 913 ad
1217 855 1364 912 choleram
1380 871 1473 928 usque
1492 855 1651 913 ructasse?
1665 856 1723 913 Cur
1746 857 1834 915 homo

131 957 318 1008 ethecarum
334 967 494 1024 pauperem
517 950 554 1007 ob
582 949 712 1006 inediam
741 948 813 1005 dicit
840 963 905 1005 esse
927 947 958 1003 in
1013 945 1284 1018 Dci(lllltep.xur‚
1301 945 1328 1016 t)
1352 946 1389 1000 ad
1413 946 1497 1017 cujus
1521 945 1703 1016 prophetiam
1725 962 1833 1004 manus

131 1040 199 1097 sinu
215 1039 351 1096 Abrabae.
365 1039 420 1104 Oui
436 1039 746 1113 quandojejunamus.
764 1037 835 1110 ungi
851 1037 858 1071 ¹
872 1040 960 1110 caput
1013 1037 1130 1091 aruerat
1154 1035 1231 1106 ragis
1252 1033 1419 1098 Jeroboam,
1444 1033 1495 1105 qui
1524 1033 1575 1098 [rit.
1601 1033 1680 1105 quia]
1707 1035 1831 1090 mandu-

130 1133 158 1185 et
172 1127 266 1185 lavari
282 1129 386 1184 taciem
401 1127 541 1201 precipit,
559 1132 663 1184 utnon
679 1124 779 1200 glorie
791 1125 957 1195 bominum,
1014 1123 1089 1180 cavit
1103 1126 1206 1178 contra
1219 1121 1346 1178 edictum
1363 1121 1424 1188 Del,
1439 1121 1517 1177 illico
1536 1137 1694 1193 percussus
1719 1126 1763 1178 est
1778 1123 1792 1179 ‘l
1808 1129 1836 1180 ot

131 1216 517 1288 sedDominojcjunemus.
541 1215 595 1282 Qui
616 1213 961 1287 comeditquidempost
1014 1211 1125 1283 leoqui
1155 1209 1605 1276 asinamcustodivitintactam,
1624 1210 1771 1283 propbeta
1795 1203 1836 1269 le·

131 1304 381 1363 resurrectionem
397 1308 509 1378 partem
523 1303 613 1378 piscis
627 1303 688 1360 assi
711 1307 741 1360 ct
764 1304 875 1370 savum,
900 1318 958 1359 non
1014 1299 1092 1354 vanti
1108 1299 1181 1355 sede
1192 1297 1315 1371 prandio
1326 1314 1383 1352 non
1395 1297 1524 1370 pepercit
1535 1297 1834 1369 lQuijejunusmira·

131 1395 397 1467 propteresoriem
413 1397 441 1450 et
462 1393 591 1467 gutturis
615 1392 792 1450 suavitatem
820 1409 827 1460 ;
851 1393 901 1448 sed
929 1400 959 1447 ut
1014 1384 1836 1458 eulalcccratpransus(lt.pransurus)illicosaturitatia

132 1484 287 1540 raritatem
314 1482 361 1540 sui
384 1481 515 1555 corporis
543 1482 755 1554 comprobaret.
785 1480 860 1537 Nam
887 1497 958 1553 quo·
1015 1493 1115 1550 poenas
1144 1475 1208 1531 luit,
1242 1475 1297 1532 Sed
1326 1479 1354 1532 et
1381 1473 1445 1530 doct
1473 1472 1604 1530 clamitat
1629 1491 1635 1528 :
1662 1475 1837 1546 Sanctificate

132 1573 308 1644 tiescunque
322 1575 473 1628 mortuum
489 1570 643 1628 suscitavit
652 1569 746 1642 jussit
760 1569 786 1626 ei
800 1569 864 1626 dari
876 1583 960 1626 man-
1009 1566 1155 1638 ieiunium
1166 1581 1178 1626 ;
1190 1564 1339 1636 predicate
1351 1565 1523 1620 curationem
1537 1563 1604 1634 (loct
1621 1581 1640 1631 ι,
1659 1565 1689 1620 tt
1706 1588 1714 1630 ς
1731 1579 1763 1632 ιι,
1780 1565 1838 1638 15),

133 1662 254 1730 ducere,
271 1676 309 1716 ne
329 1659 505 1717 resurrectio
530 1659 706 1732 phantasma
736 1661 899 1731 putaretur.
927 1657 961 1713 lit
1014 1657 1047 1710 ut
1061 1657 1275 1709 monstraretur
1282 1652 1430 1724 jejunium
1445 1653 1525 1710 m
1538 1652 1716 1710 sanctificari
1726 1654 1838 1711 caeteris

135 1750 265 1806 Lazarus
289 1753 357 1823 post
386 1749 640 1814 resurrectionem,
669 1748 706 1804 ob
735 1747 810 1804 banc
838 1763 958 1803 causam
1014 1740 1152 1814 operibus
1177 1746 1227 1808 ;et
1256 1741 1472 1797 sanctificatum
1499 1741 1661 1812 jeJ'unium,
1690 1743 1841 1802 cumtieni

135 1838 276 1895 scribitur
290 1853 357 1894 com
370 1837 494 1894 Domino
508 1835 610 1894 iniisse
629 1836 806 1892 convivium.
828 1836 886 1892 Nec
906 1835 961 1891 hoc
1015 1831 1154 1904 proficere
1184 1834 1379 1902 peccatorum.
1409 1831 1560 1896 Quomodo
1589 1835 1688 1888 autam
1716 1833 1839 1904 virgini·

136 1928 276 1992 dicimus,
292 1925 369 1999 quod
385 1941 527 2000 negemus
542 1925 638 1999 pisces
652 1929 681 1982 et
691 1929 794 1981 catera
809 1924 845 1994 (si
858 1923 960 1980 voluu-
1014 1921 1067 1977 tati
1083 1937 1156 1975 vere
1172 1935 1229 1976 non
1244 1919 1550 1992 prejudicatimitetio
1565 1919 1711 1992 virginum
1728 1923 1840 1980 diaboli

137 2013 424 2086 tastueritlincibo
454 2031 517 2070 csse
546 2013 782 2070 sumenda:sed
812 2013 960 2084 quomodo
1015 2009 1056 2065 ito
1071 2023 1123 2065 uec
1137 2009 1213 2064 veris
1226 2008 1356 2079 jejuniis,
1373 2010 1491 2063 Castum
1516 2008 1628 2064 Isidis⁸
1655 2015 1683 2066 ct
1707 2011 1837 2084 Cybeles,

141 2103 258 2176 nuptiis
287 2102 476 2176 virp‘nitatem
502 2102 544 2159 ita
572 2101 721 2159 saturitati
760 2108 789 2158 et
824 2101 961 2158 carnibus
1015 2097 1445 2171 atquorumdamciborumin
1468 2101 1609 2154 aternum
1636 2100 1838 2162 abstinentia:

136 2191 287 2264 jejunium
301 2191 583 2264 spiritumquetdd
599 2190 792 2264 preterimus.
810 2189 839 2246 Si
863 2192 961 2246 autem
1016 2187 1225 2243 maximarum
1250 2187 1327 2258 apud
1356 2184 1422 2240 illos
1444 2186 1592 2257 jejunium
1622 2189 1707 2258 panis
1736 2191 1840 2265 sagina

136 2283 245 2339 Petrus
259 2280 330 2337 hora
344 2285 425 2338 sexta
439 2296 602 2353 pransurus
624 2279 754 2336 ascendit
775 2279 805 2334 in
830 2295 962 2335 coenacu-
1016 2275 1149 2332 carnium
1164 2280 1379 2346 compensetur.
1397 2275 1432 2329 Et
1447 2273 1523 2330 sicut
1536 2275 1620 2347 signa
1635 2293 1699 2348 quae
1715 2279 1840 2337 iaciebat

135 2371 212 2436 lum,
230 2369 352 2426 fortuita
365 2369 478 2426 esuries
501 2386 558 2425 non
574 2369 643 2425 lacit
659 2366 862 2442 prejudicium
882 2367 961 2438 jeju·
1017 2365 1142 2436 Moyses,
1158 2363 1352 2420 imitabantur
1366 2363 1449 2437 signa
1464 2363 1679 2436 AEgyptiorum,
1697 2368 1748 2423 sed
1780 2386 1838 2425 non

135 2461 268 2517 nicrum.
286 2457 346 2514 lioc
373 2457 451 2514 enin
480 2458 566 2514 modo
594 2462 623 2514 et
649 2457 802 2524 Dominus,
833 2455 904 2527 quia
925 2456 960 2512 ad
1017 2451 1142 2508 erantin
1158 2451 1387 2508 veritatcznam
1403 2451 1483 2524 virga
1497 2453 1588 2524 Moysi
1616 2453 1714 2527 virgas
1738 2473 1838 2530 mago-

133 2555 260 2623 puteum
277 2546 470 2604 Samaritanae
483 2546 556 2603 hore
570 2551 651 2603 sexta
680 2545 776 2602 sessus
800 2543 919 2602 resedit.
935 2549 964 2600 et
1019 2541 1403 2612 rumdevorabat:itaper
1427 2540 1526 2596 omnia
1551 2558 1614 2613 quae
1644 2560 1696 2616 per
1719 2545 1841 2603 amula.

133 2638 238 2696 bibere
253 2636 356 2708 voluit,
368 2636 506 2692 omuibus
521 2635 672 2691 incumbet
688 2634 861 2702 necessitas,
872 2632 965 2690 velint
1018 2630 1127 2687 tionem
1142 2631 1153 2665 ⁸
1168 2628 1218 2686 Dei
1235 2629 1301 2686 lacit
1321 2628 1456 2686 diabolus
1481 2645 1539 2686 non
1563 2631 1714 2704 religionis
1733 2639 1841 2693 nostrae

134 2727 244 2794 nolint,
258 2725 315 2782 hoc
334 2730 466 2798 ternpore
494 2724 623 2781 bibendi.
653 2723 752 2780 Potuit
776 2727 875 2780 autem
900 2724 963 2780 ficri
1019 2719 1201 2792 superstitio,
1228 2719 1278 2775 scd
1310 2722 1411 2775 nostra
1444 2719 1579 2792 arguitur
1607 2721 1796 2794 negligentia,
1810 2723 1839 2780 id

135 2815 231 2874 utvel
260 2814 418 2870 sabbatum
444 2817 531 2880 essct,
558 2812 602 2868 vcl
632 2813 695 2869 dics
724 2812 965 2870 Dominicus:et
1019 2807 1593 2880 nolentiumlacercquodbonumesse,
1622 2810 1710 2867 etiam
1740 2812 1840 2869 saeculi

135 2911 203 2980 post
219 2903 315 2972 bidui,
331 2902 482 2974 triduique
491 2902 650 2974 jejunium,
667 2901 739 2958 hora
754 2905 836 2958 sexta
850 2901 963 2958 esurie·
1018 2897 1152 2955 homines
1169 2913 1225 2952 non
1237 2895 1383 2969 ignorant.

135 2997 368 3066 rit;nunquam
383 2992 462 3046 enim
477 2991 651 3047 crediderim
668 2989 881 3064 Apostolum,si
897 2993 965 3048 ants
1055 2988 1096 3044 l8.
1136 2987 1241 3055 Quarta
1267 2987 1414 3058 propositio
1442 2987 1596 3044 loriniani.
1627 3019 1661 3029 -
1694 3013 1704 3040 ι
1734 2990 1842 3054 Quarta

135 3101 229 3141 unam
244 3083 325 3138 diem
339 3083 508 3146 cenaverat,
523 3077 678 3153 epulisque
700 3079 850 3135 distentus
870 3079 965 3136 luerat
1020 3075 1189 3151 propositio,
1207 3092 1270 3147 quo
1286 3078 1314 3130 et
1333 3079 1463 3132 extrema
1477 3080 1530 3144 est,
1547 3078 1622 3134 duos
1633 3094 1697 3135 esse
1711 3080 1840 3136 ordines.

134 3176 188 3242 [At.
206 3171 283 3242 erat]
298 3168 421 3226 alterius
435 3167 492 3224 diei
516 3167 644 3224 esurisse
666 3166 798 3224 meridie.
828 3168 910 3234 Quod
938 3149 1000 3225 sill
1019 3165 1117 3223 ovium
1140 3168 1169 3220 et
1189 3163 1337 3220 hircorum
1355 3181 1362 3218 ε
1379 3162 1505 3220 altarum
1526 3166 1690 3236 justorum,
1716 3167 1841 3227 alterum

134 3261 266 3320 meavit
279 3257 384 3332 pridie,
399 3260 428 3313 et
441 3256 574 3329 sequenti
591 3256 638 3312 die
652 3255 773 3312 esurivit
792 3259 859 3312 ante
874 3273 963 3329 prau-
1018 3251 1290 3326 peccatorum:alios
1306 3255 1383 3308 stare
1397 3269 1414 3308 a
1429 3251 1625 3318 dextris,alios
1636 3271 1653 3310 a
1663 3255 1791 3312 sinistris
1804 3260 1843 3325 ;et

134 3352 236 3416 dium,
253 3363 311 3404 non
327 3344 461 3402 existimo
476 3347 487 3380 ²
502 3344 580 3417 quud
592 3343 729 3417 usquead
740 3344 904 3400 satietatem
916 3362 963 3402 co·
1019 3343 1120 3398 audire
1131 3341 1249 3413 justos:
1268 3341 1369 3406 Venite,
1386 3339 1521 3398 benedicti
1534 3343 1628 3398 Patris
1637 3346 1842 3416 melpomidctc

136 3437 280 3504 mederit,
295 3435 419 3508 quitum
435 3433 492 3489 cito
506 3433 601 3506 potuit
615 3431 736 3489 esurire.
761 3436 850 3489 Porro
866 3433 898 3490 si
913 3449 965 3506 per
1016 3439 1146 3504 paratum
1158 3431 1232 3486 cotis
1245 3445 1363 3500 reprom
1374 3446 1391 3484 o
1404 3432 1596 3488 constitutione
1609 3433 1709 3488 mendi
1724 3435 1839 3506 (dietih.

138 3527 254 3586 lsaiam
266 3523 394 3596 loquitur
410 3527 495 3588 Deus,
511 3523 588 3594 quod
605 3537 663 3578 noo
676 3519 890 3592 talejcjunium
905 3522 963 3580 ele·
1018 3537 1083 3586 xxv,
1098 3520 1154 3592 tl).
1171 3518 1372 3576 leccatoribus
1391 3535 1459 3575 vero
1484 3519 1540 3575 dici
1559 3536 1564 3575 :
1583 3520 1715 3578 discedite
1743 3539 1761 3578 a
1788 3539 1842 3590 me,

138 3615 236 3690 gerit,
252 3613 347 3668 dicens
362 3630 368 3668 :
383 3612 415 3667 lo
434 3610 530 3668 dicbus
548 3611 722 3682 jejuniorum
744 3613 898 3666 vestrorum
919 3613 963 3667 in·
1018 3609 1203 3677 maledicti,in
1218 3610 1310 3676 ipncm
1324 3609 1524 3678 aionuchi
1537 3619 1710 3680 praeparatus
1724 3609 1779 3678 (Al.
1794 3627 1843 3681 pu-

137 3705 298 3764 ceniaatur
310 3701 457 3757 voluntates
475 3703 583 3768 cestrae,
609 3708 634 3754 ct
657 3696 787 3769 subjectos
807 3701 963 3771 perutilis,
1019 3697 1106 3768 rotas)
1117 3700 1154 3752 est
1168 3695 1275 3752 dichcto
1289 3705 1316 3752 ct
1330 3696 1437 3764 anoctis
1450 3696 1509 3762 cius
1528 3696 1607 3758 tlttd.
1621 3698 1686 3769 ta)
1701 3700 1841 3754 arborem

135 3799 163 3854 et
176 3791 329 3864 injudicio
343 3795 370 3846 ct
384 3791 415 3845 ic
429 3787 646 3859 titcsjejcnetis,
660 3789 688 3843 ct
707 3787 815 3844 caeditis
838 3790 938 3859 papeia
955 3805 962 3844 ι
1019 3786 1126 3842 bonum
1140 3803 1197 3841 nou
1213 3801 1299 3857 posse
1315 3781 1408 3839 malos
1422 3783 1535 3840 tructus
1547 3785 1650 3854 tacere,
1666 3801 1718 3842 nec
1734 3786 1841 3842 melam

135 3902 192 3942 con
210 3881 270 3939 tute
279 3879 421 3952 jejunium
435 3877 514 3948 alepi,
529 3875 597 3932 dicit
609 3875 741 3932 Dominus
763 3875 827 3948 (lsa.
853 3893 930 3944 nvnr,
946 3877 965 3933 5
1020 3877 1123 3932 bonos.
1138 3873 1219 3929 Unde
1234 3877 1262 3928 et
1277 3871 1407 3928 Salvator
1422 3872 1553 3946 loquitur
1578 3874 1613 3929 ad
1635 3875 1650 3931 J
1655 3875 1752 3930 udoos
1768 3891 1774 3930 ι
1794 3876 1842 3942 Vos

135 3973 218 4047 rep).
234 3967 329 4035 Quale
342 3965 472 4039 elegerit,
487 3965 571 4021 docet
587 3965 710 4035 :Froapc
721 3966 855 4020 esurienti
862 3981 962 4038 porcam
1018 3964 1051 4020 dc
1061 3970 1141 4035 petre
1150 3960 1258 4016 diaholo
1280 3961 1354 4026 estis,
1368 3966 1394 4016 ct
1408 3963 1641 4033 concupiscentias
1656 3965 1742 4036 petris
1760 3965 1843 4020 vestri

134 4070 228 4128 tuum,
245 4067 272 4116 et
283 4071 418 4130 pauperes
432 4056 493 4110 sinc
505 4057 572 4110 tecto
586 4053 670 4109 indae
693 4055 723 4108 in
744 4052 856 4109 demum
873 4063 963 4111 eoam.
1019 4056 1110 4125 tucos
1121 4051 1203 4107 virttis
1218 4049 1306 4120 (loon,
1323 4066 1385 4117 vui,
1398 4050 1457 4122 tl).
1472 4050 1577 4106 Decem
1592 4051 1720 4124 virgines
1736 4068 1842 4124 propo-

134 4153 167 4210 δι’
181 4148 291 4208 cidaris
305 4143 422 4212 nudam,
437 4144 505 4198 vesti
520 4159 526 4198 :
543 4150 569 4199 ct
583 4142 742 4202 domesticos
752 4143 865 4199 seminis
880 4146 967 4201 tutae
1021 4141 1074 4210 nit,
1086 4140 1191 4197 stultas
1202 4143 1291 4210 atque
1305 4137 1463 4210 sapientes,
1479 4143 1508 4196 et
1522 4139 1728 4212 quinque,quee
1743 4139 1841 4196 oleum

135 4238 275 4311 despicias
293 4231 374 4300 (idid.
397 4232 435 4303 7),
458 4231 521 4286 Non
546 4229 636 4304 igitur
652 4230 800 4303 jejunium
827 4233 965 4304 reproba·
1020 4248 1078 4288 non
1094 4229 1270 4294 habuerunt,
1286 4229 1464 4283 remansisse
1474 4228 1654 4284 extrinsecus
1666 4245 1673 4284 :
1687 4227 1761 4284 alias
1772 4243 1840 4284 vero

133 4330 194 4394 vit,
210 4325 261 4382 sed
275 4320 363 4397 quale
379 4318 475 4385 vellet,
486 4319 614 4376 ostendit
628 4337 639 4375 :
654 4319 841 4392 nequeenim
856 4322 966 4379 ventris
1021 4321 1161 4394 quinque,
1178 4334 1242 4390 quo
1257 4315 1312 4372 sibi
1328 4314 1428 4372 lumen
1445 4317 1588 4372 bonorum
1599 4331 1721 4389 operum
1734 4333 1843 4389 prapa-

134 4415 255 4476 ssuries
270 4415 388 4484 accepte
403 4413 448 4466 est
461 4408 530 4477 Deo,
547 4424 636 4480 quam
664 4407 730 4465 lites
759 4411 788 4464 et
812 4408 921 4482 rapine
938 4414 967 4467 et
1021 4413 1164 4476 reverant,
1181 4405 1343 4464 thalamum
1359 4405 1485 4460 intrasse
1499 4421 1566 4461 cum
1582 4405 1843 4477 sponso.rtscendit

134 4503 281 4564 libidines
305 4500 474 4557 destruunt.
503 4495 532 4552 si
556 4514 614 4554 uon
636 4495 699 4553 vult
716 4496 865 4570 jejunium
889 4497 967 4556 Deus
986 4498 1059 4582 Ded
1071 4497 1226 4567 diluvium,
1241 4497 1270 4551 et
1285 4493 1324 4550 ait
1341 4493 1414 4561 :Qui
1430 4497 1513 4551 erant
1525 4511 1593 4550 cum
1608 4494 1668 4550 Noc
1689 4495 1765 4566 justi
1780 4511 1843 4550 scr·

135 4597 193 4668 (rt.
209 4590 378 4661 Dominus),
394 4587 540 4661 quomodo
562 4587 592 4643 in
621 4586 748 4643 Levitico
776 4585 907 4659 precipit
934 4591 967 4644 ut
1022 4586 1080 4643 vati
1095 4588 1165 4642 suut
1180 4601 1187 4640 ι
1205 4584 1625 4656 quiveropeccatoresomncs
1641 4582 1671 4639 in
1687 4599 1843 4640 commune

133 4674 508 4755 septimomensc,decima
520 4673 741 4742 mensis‚omnis
756 4673 968 4747 populusjeju·
1021 4673 1179 4748 perierunt.
1192 4672 1276 4746 Apud
1291 4672 1448 4728 Sodomam
1472 4676 1501 4728 et
1523 4670 1725 4738 Gomorrbam,
1758 4685 1843 4726 exoc-

173 4825 183 4857 ¹
201 4823 234 4878 ln
249 4819 364 4892 aliquot
373 4833 458 4886 msa,
476 4817 810 4888 Uopcrcccpatcostrcm
825 4819 966 4888 etfaciam
1020 4813 1068 4871 hic
1094 4827 1213 4884 quoque
1242 4811 1322 4884 legit,
1344 4827 1531 4884 erroremque
1543 4827 1607 4867 csse
1618 4813 1842 4883 putatreterum

134 4895 232 4952 locari
244 4890 387 4964 praecepit.
1019 4883 1217 4950 librariorum,
1234 4883 1312 4954 quod
1329 4882 1439 4937 Castum
1469 4882 1651 4953 scripserint,
1680 4885 1708 4936 et
1735 4895 1843 4936 cossam

172 4960 388 5030 ’Veronensis
402 4959 541 5016 Existimo
555 4957 624 5030 quod
638 4974 693 5016 noa
716 4974 802 5031 caque
824 4957 859 5014 ed
882 4961 964 5016 sotic-
1019 4952 1211 5012 vermiculum
1227 4969 1291 5009 esse
1301 4952 1596 5024 ignorarint,Minime
1606 4967 1673 5007 vcro
1684 4950 1747 5023 ipse
1758 4949 1843 5006 intel·

132 5039 292 5101 tatem-ct
326 5030 393 5088 aulo
409 5035 486 5104 post,
502 5031 532 5086 ln
562 5029 656 5086 dichm
683 5030 758 5085 cutm
780 5029 963 5100 jejunierum.
1019 5027 1097 5083 laxit.
1118 5057 1152 5066 -
1181 5025 1292 5081 Cossum
1319 5023 1402 5080 laidis
1429 5029 1454 5078 et
1481 5022 1600 5093 Cyheles.
1629 5025 1697 5078 Mes.
1727 5021 1842 5078 codices

172 5049 402 5163 ⁸Tertullianus
427 5118 433 5156 ι
466 5123 480 5150 ιι
507 5105 625 5156 Manent
648 5099 744 5156 adhuc
772 5106 966 5157 monumenta
1018 5098 1046 5155 le
1067 5102 1121 5154 unt
1134 5104 1238 5152 castam
1252 5093 1332 5152 laidis
1343 5099 1370 5150 et
1394 5093 1594 5174 Cyhetcs3sed
1623 5109 1704 5148 error
1729 5098 1781 5160 est,
1811 5093 1842 5149 ni

134 5175 397 5249 concupiscentia,
421 5171 471 5228 ubi
494 5187 524 5228 se
547 5171 628 5227 ultus
652 5175 697 5227 cst
720 5170 846 5243 populus
869 5171 965 5228 carnis
1019 5115 1247 5226 iallorveterum
1277 5165 1476 5232 librariorum,
1509 5179 1558 5235 qut
1587 5164 1756 5220 nesciebant
1798 5180 1843 5221 cos

133 5247 343 5312 avidissimus,
359 5258 454 5315 usque
461 5244 498 5298 ad
513 5189 661 5300 elatarum
684 5245 882 5315 ortygometra
896 5258 966 5297 cru·
1017 5257 1079 5296 scm
1094 5256 1158 5296 esse
1172 5236 1395 5303 vermiculum,a
1407 5235 1659 5308 quoabstiucbant
1673 5234 1841 5293 sacerdotes

133 5319 273 5386 ditando,
290 5339 306 5368 »
321 5321 388 5380 etc„
404 5318 459 5370 eto.
1019 5312 1104 5368 leidis
1119 5315 1148 5366 et
1162 5307 1290 5382 Cybeles,
1308 5312 1341 5363 ut
1355 5312 1440 5364 antea
1454 5308 1640 5363 observatum
1657 5323 1674 5362 a
1689 5306 1840 5367 nobisest.

172 5389 366 5448 ‘sichabent
381 5401 456 5442 mss.
469 5400 583 5452 omnes,
600 5382 701 5455 sicque
726 5383 846 5440 omnino
860 5383 959 5456 legen·
1017 5383 1162 5438 Maurus.

132 5464 209 5519 dum
234 5476 302 5517 esse
326 5473 417 5530 supra
441 5455 605 5521 docuimus,
630 5454 735 5527 quidve
765 5459 843 5511 esset
867 5456 963 5512 Castus
1052 5453 1249 5519 ιΜειι.,ι“ίιιει
1276 5450 1373 5505 emnia
1400 5463 1463 5531 qaae
1491 5449 1520 5503 in
1549 5449 1755 5505 amchrtionem
1782 5453 1838 5508 etc.

134 5532 351 5608 explicavimus
366 5543 433 5602 pag.
448 5527 502 5584 330
516 5531 544 5584 et
559 5541 633 5598 seq,
650 5529 709 5580 not.
733 5525 808 5610 (ccl,
823 5526 886 5582 333.
902 5533 959 5583 aot.
1016 5522 1224 5590 Tertullianus,
1244 5520 1338 5575 ·ttutc
1353 5519 1452 5576 divina
1466 5520 1628 5591 constabat,
1658 5537 1747 5594 quam
1775 5521 1840 5609 ditt-¹

134 5607 165 5682 5)
183 5603 373 5668 bartimeus
389 5615 425 5661 ex
444 5601 645 5678 preccucepta
667 5595 802 5676 epicroca
824 5612 961 5658 cesseram
1014 5593 1101 5656 belua
1117 5591 1283 5654 divinarum
1299 5589 1594 5658 emulatorimitatur
1607 5613 1633 5670 r,
1649 5595 1704 5656 etc.
