4054 6168
236 271 316 352 tone

855 281 888 345 S.
911 277 1069 346 eusebii
1092 277 1324 346 attinentur.

1433 215 1440 246 l

1856 275 1933 362 iuti

237 421 316 478 etex
330 416 392 478 suis
406 414 556 476 vocabulis
580 412 807 489 appellabuntur
823 431 831 483 ;
855 415 898 472 sic
923 415 1060 487 Ephraim
1074 415 1104 481 Α
1118 431 1210 484 meus,
1227 419 1259 473 tu
1283 415 1424 473 fortitudo
1449 431 1515 473 mee
1541 419 1570 474 st
1597 413 1779 490 principium
1807 412 1930 473 illiorum

238 512 267 566 et
281 509 418 566 blanasse
431 507 496 562 duaa
514 506 592 562 m
621 504 717 562 tribus
735 509 831 571 erunt,
851 505 983 578 duosque
1008 521 1058 577 pc-

237 597 323 673 pulos
339 594 543 670 procreabunt,
557 598 586 650 ct
600 594 642 650 sic
657 594 872 651 haereditabunt
897 593 1058 668 repromis-

236 686 328 744 sionis
344 690 464 748 lerram,
482 683 560 739 sicut
586 687 614 738 et
636 680 689 737 filii
712 683 781 739 mei.
806 682 922 756 Reliqui
947 686 1057 751 autem,

236 775 286 843 air,
304 773 366 840 filii,
383 787 457 844 quos
473 777 538 844 post
553 775 677 828 mortem
689 788 784 828 meam
798 773 935 844 genueris
959 776 1058 828 osten-

236 864 307 920 dens
323 861 449 918 necdum
464 859 514 916 ille
537 864 668 933 tempore
697 867 874 934 procreatos,
899 861 942 916 tui
961 865 1056 918 erunt.

269 951 364 1021 (Vere.
380 950 420 1021 6.)
437 971 451 1000 a
475 949 506 1005 ln
535 951 654 1006 nomine
679 950 802 1005 fratrum
827 967 948 1006 suorum
973 966 1056 1006 voca-

234 1040 346 1096 buntur
361 1039 390 1093 in
405 1037 604 1095 haereditatem
620 1055 715 1096 suam.
732 1063 742 1088 ι
760 1039 833 1107 Νοιι,
850 1040 955 1111 inquit¹
981 1039 1056 1095 neci·

234 1128 315 1202 pient
329 1126 487 1199 separatim
504 1132 621 1198 terram,
639 1144 691 1184 nee
707 1127 853 1183 funiculos
864 1127 996 1200 proprios
1004 1127 1056 1182 ba-

237 1217 358 1284 bebunt,
377 1213 528 1288 utraliquae
539 1217 644 1272 tribus.
661 1216 755 1272 sedin
770 1216 906 1273 tribubus
917 1216 1054 1290 Ephraim

232 1310 262 1363 et
275 1307 422 1375 Manasse,
439 1304 524 1377 quasi
540 1305 715 1377 appendices
724 1304 824 1378 pepuli
835 1306 1053 1362 commiseebun

233 1399 362 1556 tu(rilers.
379 1483 424 1539 22.
442 1503 455 1533 u
471 1483 507 1538 ldt
522 1497 574 1555 ego
596 1481 661 1538 dedi
687 1483 740 1554 [At.
762 1483 810 1554 do]
836 1481 889 1538 tibi
916 1481 1054 1538 Sicimam

231 1573 410 1646 precipuum
426 1585 515 1643 super
539 1572 644 1628 iratres
669 1575 735 1627 tuos
747 1571 766 1638 ¹,
783 1587 872 1644 quam
897 1571 995 1643 accepi
1020 1571 1056 1626 de

1116 521 1260 571 meorum,
1276 505 1369 562 durus
1382 505 1418 562 ad
1434 504 1585 563 serendum
1600 508 1629 562 et
1643 505 1737 562 durus
1753 505 1930 579 procacitate,

1116 599 1145 652 ct
1166 594 1284 666 injuria,
1311 595 1388 651 sicut
1413 611 1488 668 aqua
1516 612 1573 651 non
1604 594 1741 652 ebullire.
1774 595 1930 651 Ascendisti

1116 683 1193 741 enim
1218 699 1306 757 super
1329 683 1470 740 lectulum
1506 684 1599 756 patris
1635 685 1679 740 tui
1710 683 1794 739 Tunc
1828 683 1931 740 violasti

1118 778 1254 844 stratum,
1270 789 1338 830 cum
1351 771 1508 830 ascendisti
1522 774 1543 828 ⁴.
1562 795 1576 822 ιι
1597 772 1628 828 Ιιι
1653 771 1772 828 Hebraeo
1798 771 1930 845 seriptum

1117 867 1162 918 cst
1176 881 1182 918 :
1200 883 1214 912 u
1230 862 1332 918 Ruben
1346 861 1561 933 primogenitus
1572 877 1666 927 meus,
1682 866 1713 916 tu
1725 860 1932 918 fortitudomea

1117 957 1146 1008 et
1160 951 1322 1024 capitulum
1337 951 1366 1006 in
1384 950 1483 1006 liberis
1494 951 1576 1006 meis.
1592 950 1685 1022 Maior
1699 950 1735 1005 ad
1751 949 1930 1022 portandum,

1117 1045 1146 1096 ot
1161 1041 1254 1112 major
1269 1040 1382 1096 robore.
1397 1039 1515 1095 Effusas
1531 1045 1576 1095 cst
1597 1039 1675 1095 sicut
1697 1055 1784 1110 aqua,
1807 1055 1844 1094 ne
1865 1039 1932 1110 adji-

1116 1129 1186 1186 cias.
1200 1128 1363 1185 Assendisti
1378 1129 1458 1185 enim
1473 1127 1569 1184 cubile
1588 1130 1679 1200 patris
1702 1127 1758 1196 tui,
1782 1131 1812 1182 et
1838 1133 1931 1184 conte

1116 1219 1236 1275 minasti
1253 1220 1377 1274 stratum
1392 1217 1422 1273 in
1435 1233 1571 1282 ascensu,
1592 1238 1606 1264 ιι
1634 1217 1686 1272 liet
1707 1219 1806 1272 autem
1834 1232 1931 1272 sensus

1116 1307 1163 1363 bic
1180 1325 1186 1362 ι
1204 1308 1249 1364 Tu
1263 1324 1295 1363 es
1307 1306 1519 1380 primogenitus
1535 1321 1629 1372 meus,
1650 1305 1746 1376 maior
1762 1303 1795 1360 in
1826 1304 1930 1372 liberis,

1116 1401 1144 1451 at
1158 1395 1284 1452 debebas
1295 1397 1305 1430 ⁸
1316 1395 1403 1467 juxta
1417 1394 1549 1452 ordinem
1566 1393 1728 1462 nativitatis
1742 1401 1809 1462 rua,
1821 1393 1932 1451 baeredi-

1115 1488 1216 1552 tatem,
1232 1500 1296 1557 que
1313 1483 1516 1557 primogenitis
1527 1485 1595 1555 jure
1610 1482 1782 1552 debebatur,
1798 1486 1828 1539 et
1843 1500 1931 1540 secer·

1115 1574 1227 1629 dotium
1243 1573 1374 1646 accipere
1389 1577 1418 1628 et
1439 1587 1563 1645 regnum
1582 1589 1589 1628 :
1605 1571 1660 1628 bec
1683 1571 1792 1644 quippe
1814 1572 1846 1628 in
1870 1590 1931 1646 por·

232 1659 370 1718 manibus
384 1658 620 1715 Amorrhaeorum
636 1661 666 1716 in
683 1658 780 1732 gladio
796 1677 860 1716 meo
875 1665 903 1716 et
918 1661 1052 1734 sagitta.»
1113 1662 1202 1719 tando
1224 1679 1310 1719 onere
1333 1666 1363 1718 et
1387 1659 1543 1734 prevalido
1578 1659 1682 1716 robore
1707 1660 1929 1718 demonstratur.

230 1748 339 1804 Sicimu
351 1747 437 1818 juxta
450 1750 579 1802 eranam
602 1753 630 1804 et
654 1749 788 1804 Latinam
813 1749 1055 1805 consuetudinem
1113 1755 1223 1808 Veeum
1238 1753 1309 1823 quin
1325 1749 1462 1824 peccasti,
1478 1752 1507 1806 et
1522 1749 1606 1821 quasi
1621 1765 1708 1821 aqua,
1731 1765 1796 1821 qus
1820 1750 1931 1806 vasculo

231 1835 378 1893 declinata
405 1842 459 1890 cst.
474 1834 612 1908 Alioquin
640 1837 779 1894 Hebraioe
816 1854 921 1893 srcnem
937 1838 1054 1907 dieitur,
1070 1809 1094 1874 B
1109 1858 1167 1897 non
1182 1845 1307 1907 tenetur,
1322 1837 1482 1911 voluptatis
1502 1837 1613 1910 impetu
1635 1837 1747 1894 ellusus
1771 1853 1812 1904 es,
1827 1838 1931 1893 idcirce

231 1931 263 1980 nt
284 1924 413 1980 ioannes
438 1940 556 1995 quoque
584 1925 764 1998 evengelista
782 1929 908 1982 testatur
933 1928 1052 1999 (1v,5):
1109 1929 1244 2003 precipio
1258 1929 1311 1985 tibi
1327 1927 1450 1986 utultra
1479 1943 1536 1982 nen
1561 1942 1674 1998 pecces,
1700 1925 1803 1998 sisque
1827 1926 1858 1981 in
1873 1927 1929 1982 lra-

231 2012 299 2069 licct
312 2012 425 2077 vitiose,
451 2016 484 2067 ut
505 2012 606 2068 sichar
628 2015 753 2086 legatur,
784 2031 865 2071 error
889 2014 1008 2071 inolevit
1022 2017 1052 2084 ²3
1108 2023 1188 2075 trum
1204 2034 1338 2082 numero,
1354 2015 1592 2090 poenempeccati
1609 2015 1693 2072 luens
1707 2015 1729 2070 ⁶.
1745 2016 1826 2087 quod
1841 2016 1928 2088 prime

231 2104 260 2158 et
275 2105 412 2157 cstnuuc
437 2102 565 2173 Neapolis
593 2103 664 2159 urbs
693 2103 956 2160 Samaritanorum.
982 2103 1055 2170 Ouia
1109 2107 1200 2182 geniti
1215 2107 1317 2164 ordine
1332 2104 1497 2179 perdidisti,

230 2188 320 2264 igitur
336 2206 441 2245 srcnnm
456 2191 549 2262 (nnis)
565 2189 667 2262 lingua
690 2191 811 2247 Hebraea
831 2192 1008 2248 transfertur
1023 2192 1053 2248 in
1145 2196 1239 2268 (Vere,
1254 2196 1273 2250 5
1288 2199 1316 2251 et
1330 2194 1369 2266 6.)
1386 2216 1400 2244 «
1417 2193 1536 2250 Simeon
1550 2197 1579 2248 et
1594 2191 1661 2248 Levi
1675 2191 1781 2249 iratres
1796 2209 1925 2249 cousum-

231 2276 525 2350 bumcruer,pulcbre
550 2277 650 2334 allusit
678 2279 715 2334 ad
744 2295 861 2346 nomen,
886 2280 1005 2337 dicens:
1022 2283 1055 2336 Et
1109 2283 1462 2355 maveruntiniquitatem
1479 2280 1694 2338 adinventionis
1709 2297 1790 2338 suae:
1808 2281 1839 2336 in
1862 2299 1925 2338 con·

229 2384 278 2440 epo
292 2367 361 2424 deoc
377 2366 429 2422 tibi
441 2367 592 2422 humerum
606 2384 704 2424 unum.
721 2371 777 2424 Pro
800 2370 941 2441 precipuo
964 2369 1053 2437 enim,
1109 2371 1210 2430 silium
1226 2388 1328 2428 eorum
1344 2387 1401 2428 non
1416 2369 1513 2427 veniat
1527 2369 1627 2426 anima
1648 2385 1711 2426 mea
1731 2385 1737 2424 :
1754 2373 1785 2425 et
1808 2370 1839 2425 in
1866 2388 1925 2426 con·

230 2455 260 2512 id
290 2462 336 2513 eat
368 2467 493 2532 ιξαιρέτῳ,
526 2473 613 2513 unum
647 2456 785 2512 scribitur
817 2457 848 2514 in
881 2459 999 2514 Hebrmo
1031 2458 1052 2513 ⁸.
1107 2462 1276 2535 gregatione
1301 2476 1402 2517 eorum
1425 2476 1482 2516 non
1506 2457 1662 2515 emulatur
1679 2459 1766 2529 jecur
1790 2476 1890 2516 meam
1908 2461 1925 2513 ³.

229 2546 311 2611 Quod
328 2550 426 2604 autem
443 2546 516 2603 dicit
536 2562 648 2603 sesam
669 2544 699 2601 in
714 2562 781 2602 arcu
798 2551 827 2602 et
847 2545 944 2618 gladio
960 2563 1055 2619 posse·
1109 2551 1179 2623 qnia
1193 2550 1223 2606 in
1249 2550 1345 2606 lurore
1369 2565 1422 2604 suo
1446 2547 1656 2605 interfecerunt
1678 2545 1827 2614 homines,
1852 2553 1881 2604 et
1901 2549 1925 2602 in

230 2632 310 2691 disse
335 2652 341 2690 :
365 2651 467 2691 arcum
492 2635 540 2691 bic
565 2638 593 2690 et
617 2633 759 2705 gladium,
780 2635 931 2705 justitiam
960 2639 1052 2704 vocet,
1108 2639 1252 2697 desiderio
1263 2656 1316 2696 suo
1327 2639 1713 2695 subnervaverunttaurum.
1728 2659 1744 2686 »
1757 2637 1926 2694 Necessitate
2000 2665 2001 2684 ι

228 2737 281 2794 per
306 2738 395 2794 quam
412 2723 527 2790 meruit,
540 2723 712 2796 peregrinus
727 2723 887 2790 etadvcna,
903 2724 1053 2780 interiecto
1108 2727 1314 2801 compellimur
1328 2729 1412 2798 juxta
1435 2725 1621 2799 propositum
1646 2725 1743 2798 operis
1767 2724 1886 2800 longius
1899 2743 1926 2782 aa

231 2810 347 2868 sichem
374 2816 403 2868 et
430 2813 528 2880 llmor,
549 2813 586 2870 de
617 2811 747 2884 periculo
785 2812 912 2868 liberari.
945 2813 1054 2869 Timuit
1109 2821 1250 2890 repetere,
1288 2833 1352 2888 que
1375 2815 1412 2872 ab
1436 2814 1716 2872 liebruicaveritate
1751 2813 1924 2871 discordant.
2000 2847 2001 2852 κ

228 2899 319 2967 anim,
335 2903 367 2956 ut
382 2917 473 2973 supra
487 2900 626 2974 legimus,
650 2917 685 2956 ne
709 2899 807 2957 vicina
832 2900 940 2973 oppida
965 2905 1054 2972 aequa
1109 2906 1225 2978 Legitur
1240 2903 1370 2962 arimini
1387 2922 1394 2960 ι
1412 2925 1427 2954 «
1441 2903 1557 2960 Simeon
1577 2907 1606 2960 et
1630 2903 1841 2974 savinense,
1866 2919 1926 2958 vm

228 2987 359 3058 castella,
375 2990 412 3047 ob
428 2990 608 3046 eversionem
624 2990 772 3045 ioederatra
789 2989 882 3059 urbis,
898 2991 1053 3046 adversum
1108 2994 1275 3066 iniquitatis
1301 3009 1384 3049 arma
1404 3008 1517 3050 aerum.
1542 2995 1574 3048 ln
1608 3008 1750 3048 arcanum
1770 3009 1925 3050 eorumne

228 3093 259 3134 se
283 3081 496 3152 consurgerent
522 3077 600 3144 (Gan.
623 3077 719 3148 xxxrn)
743 3093 749 3132 :
775 3083 804 3134 et
829 3078 970 3134 Dominus
994 3095 1051 3134 non
1106 3082 1194 3139 intret
1214 3082 1313 3139 anima
1346 3098 1420 3147 mea,
1455 3086 1485 3138 et
1516 3081 1547 3138 iu
1580 3085 1723 3137 conventu
1752 3097 1868 3148 eorum,
1894 3095 1924 3136 ne

227 3164 309 3222 dedit
323 3166 366 3222 sis
381 3171 414 3221 ut
429 3170 568 3222 nocerent
581 3165 636 3230 illi,
649 3164 699 3221 Vel
725 3169 801 3221 certe
826 3166 873 3221 hic
886 3164 1050 3239 intelligen-
1066 3169 1089 3237 c
1108 3171 1255 3230 desolatur
1269 3171 1362 3244 gloria
1377 3187 1453 3238 mea,
1469 3171 1491 3238 ⁸,
1506 3169 1577 3242 quia
1591 3169 1621 3226 in
1641 3170 1740 3226 lurore
1762 3187 1818 3226 suc
1843 3169 1923 3226 inter

229 3253 300 3310 dum
318 3271 324 3311 :
342 3253 422 3311 Dabo
438 3254 493 3310 tibi
508 3253 753 3326 Sicimemquam
769 3253 866 3309 emiin
881 3254 1051 3311 tortitudine
1106 3262 1236 3318 lecerunt
1259 3260 1366 3328 virum,
1396 3263 1425 3315 et
1453 3259 1483 3315 in
1512 3257 1635 3315 libidine
1662 3275 1716 3314 sua
1746 3259 1924 3316 suffoderunt

228 3343 387 3411 mea,boc
416 3343 518 3400 estin
547 3343 799 3416 pecunin,quem
830 3341 924 3399 multo
952 3343 1051 3400 labere
1106 3365 1224 3405 murum
1267 3348 1341 3420 (Gerr.
1384 3349 1491 3420 xxxv1).
1536 3370 1549 3398 κ
1592 3347 1747 3420 Significat
1792 3348 1923 3405 autem¹

227 3431 381 3506 multoque
396 3433 503 3489 sudore
519 3431 670 3505 acquisivi.
688 3432 768 3498 Quod
785 3437 883 3488 autem
900 3433 950 3502 ait,
970 3449 1052 3505 super
1105 3437 1231 3494 nonani
1256 3435 1370 3493 consilii
1403 3435 1494 3492 l'uisse
1528 3436 1606 3508 quod
1639 3434 1756 3493 Sichsm
1790 3437 1869 3494 875
1901 3439 1923 3490 ct

223 3523 326 3593 [ratres
350 3525 419 3591 tuos,
449 3521 578 3577 ostendit
601 3521 713 3593 absque
735 3526 813 3577 sorte
846 3521 963 3578 dedisse
985 3536 1050 3577 eam
1104 3526 1193 3582 Emer
1217 3526 1372 3582 faederatos
1402 3525 1480 3581 viros
1521 3522 1730 3591 interfecerint,
1772 3529 1922 3596 contraque

224 3609 315 3667 tribui
327 3609 449 3684 loseph.
467 3610 618 3680 Siquidem
633 3610 733 3666 eodem
759 3609 821 3666 loco
847 3610 981 3682 sepultus
1006 3617 1051 3670 est
1102 3616 1152 3688 jus
1168 3615 1249 3687 pacis
1263 3619 1293 3670 ct
1307 3612 1504 3671 amicitiarum
1519 3612 1692 3686 sanguinem
1707 3609 1923 3670 fuderintinne

225 3698 432 3771 mlesepb,
446 3703 474 3754 et
485 3698 669 3756 mausoleum
682 3700 747 3771 ejus
763 3697 803 3754 ibi
827 3699 972 3772 hodieque
985 3718 1048 3758 car·
1105 3710 1229 3771 centem,
1246 3707 1275 3760 et
1300 3703 1384 3776 qnasi
1407 3703 1535 3775 quodam
1560 3702 1667 3768 lbrere,
1691 3701 1734 3758 sic
1758 3701 1922 3758 crudelitate

225 3787 317 3846 nitur.
1105 3793 1192 3866 rapti,
1206 3808 1307 3848 muros
1321 3791 1444 3862 bospite
1459 3790 1542 3847 urbis
1557 3789 1723 3846 everterint.
1738 3789 1823 3846 Unde
1836 3789 1922 3860 sequi-

260 3876 341 3949 (Gep.
360 3876 454 3944 XLIX,
471 3907 504 3917 —
519 3880 601 3933 Vere.
615 3877 655 3949 3.)
673 3897 683 3928 ι
708 3877 810 3933 liuban
836 3877 1049 3951 primogenitus
1104 3886 1153 3937 tur
1167 3885 1196 3938 et
1209 3879 1303 3936 dicit:

259 4001 267 4033 ¹
296 3998 392 4056 Nostri
424 4017 496 4067 mss,
526 4005 614 4074 atque
641 4001 690 4058 alii
720 4001 931 4075 quamplurimi
962 4021 1049 4077 penes
1104 4013 1130 4062 et
1144 4004 1265 4061 sedatos.
1282 4005 1337 4059 Sed
1352 4002 1726 4075 interpunctionisquoque
1748 4001 1818 4060 vitio
1845 4005 1924 4058 antea

120 4075 123 4080 '
224 4071 439 4140 Martianaeum,
457 4071 545 4144 Super
557 4077 659 4145 tratres
674 4083 743 4142 teos,
759 4075 823 4146 plne
844 4090 927 4144 quom
950 4079 1048 4147 tratri·
1103 4076 1254 4133 laborabat
1266 4076 1313 4131 hie
1328 4073 1420 4130 locus.

225 4141 533 4215 besteis,qucm,atc.
1138 4148 1150 4182 ⁰
1175 4146 1258 4212 Editi,
1287 4161 1394 4216 pascam
1421 4162 1456 4202 ca
1477 4147 1675 4217 peremtum
1704 4144 1826 4216 quidam
1855 4161 1923 4202 mas.

259 4214 360 4280 ’Quin
377 4214 474 4298 potius
489 4215 598 4273 iactum
613 4216 643 4271 id
667 4233 684 4273 a
706 4215 815 4272 iudeis
839 4215 937 4296 dedita
961 4233 1049 4290 opera
1104 4221 1210 4286 lucens,
1227 4234 1279 4290 pro
1292 4219 1379 4273 tuens.

224 4285 254 4343 in
270 4287 523 4344 Samaritanorum
549 4286 770 4356 contumeliam,
796 4286 872 4341 doctr
892 4286 945 4342 viri
968 4290 1048 4346 urbi·
1139 4289 1223 4344 ⁷Noe
1236 4291 1380 4344 aemutctur
1389 4290 1469 4361 jecur
1491 4304 1595 4344 meum.
1614 4288 1724 4344 Eodem
1750 4303 1841 4344 sensu
1861 4285 1927 4359 legi·

223 4363 341 4414 trantur
357 4378 364 4424 ς
382 4374 475 4430 neque
488 4360 560 4415 adeo
571 4375 698 4415 errorem
711 4357 740 4412 in
749 4356 938 4430 Evangelistae
949 4360 1049 4418 codice
1104 4376 1170 4416 mus
1182 4361 1212 4414 in
1224 4360 1341 4416 duobus
1352 4377 1408 4415 ms.
1422 4377 1428 4414 :
1440 4359 1926 4416 NeoemubtnrccrmeumMnarus

224 4428 388 4486 inolevisse.
406 4431 455 4486 scd
467 4431 531 4501 jam
547 4437 632 4487 antea
648 4429 810 4485 obtinuisse
826 4428 923 4500 vulgo.
952 4436 984 4487 ut
1007 4433 1049 4489 ita
1139 4433 1304 4488 torreretur
1318 4431 1409 4501 plorr'e
1432 4447 1503 4486 mee.
1530 4431 1577 4487 Sic
1601 4429 1629 4487 le
1650 4435 1705 4486 unt
1730 4429 1832 4503 plures
1857 4446 1928 4486 mss.

223 4516 331 4556 nomen
347 4500 554 4571 inflecteretur,
571 4507 600 4558 et
615 4517 667 4583 pro
683 4511 761 4567 nnc,
778 4500 879 4582 Seram,
897 4498 955 4583 alia
969 4503 1047 4574 ejus·
1064 4535 1088 4601 D
1104 4502 1228 4558 codices.
1245 4502 1326 4559 Unus
1344 4500 1525 4583 corbeiensis
1551 4500 1611 4558 hec
1630 4447 1734 4568 iabct,
1758 4503 1853 4571 cleric
1870 4517 1929 4556 erro

224 4571 291 4626 dem
318 4572 420 4644 ergani
443 4572 540 4628 littera
562 4573 689 4644 malrgue
713 4569 1049 4637 substituta,“drccrctur
1102 4589 1137 4630 ne
1150 4574 1281 4630 solvetur.
1298 4573 1374 4629 Editi
1390 4577 1476 4630 antee
1490 4571 1754 4636 enumerabatur.
1767 4574 1930 4629 Inliebraeo

227 4653 302 4732 spur,
324 4642 431 4712 Sirlter,
460 4646 538 4716 qued
566 4650 611 4700 est
638 4642 820 4709 mendacium,
860 4644 981 4713 falsitas.
1013 4647 1049 4704 Ut
1106 4648 1150 4700 est
1166 4656 1229 4706 ann
1245 4643 1343 4699 rerem
1359 4660 1394 4700 cx
1408 4643 1930 4768 rntjcblredquoduniresignifioat.

174 4777 180 4784 .
224 4732 553 4858 nempe'esprobrarcnt
568 4731 760 4812 samaritanis
775 4729 1049 4818 idolorumeultum,
1105 4714 1197 4798 igilur
1213 4715 1283 4770 LXX
1296 4716 1466 4787 in[elliretes
1476 4725 1538 4777 nnn
1553 4715 1597 4771 iiii
1607 4732 1650 4771 ²⁰²⁸
1661 4713 1800 4788 legebant
1813 4721 1932 4788 l’ffll’ier

223 4819 359 4932 idleeiiinii
376 4820 415 4862 ra
438 4804 519 4871 urbe,
546 4821 605 4859 sua
623 4807 721 4876 gentis
745 4801 910 4874 metropoli,
936 4811 1049 4860 constr-

257 4946 315 5002 8Ιιι
326 4943 478 5002 vetustiori
496 4945 612 5019 Reginae
642 4962 697 5000 ms.
715 4943 813 5016 idque,
832 4945 1047 5012 uisendam·
1139 4934 1441 5009 -Vssissrssflvuliiails
1465 4951 1501 4992 πθ
1523 4936 1709 4993 dissoluatur..
1735 4937 1819 5002 QUOd
1846 4951 1931 5018 porto

1105 4857 1182 4926 illos,
1197 4874 1254 4914 ιιοιι
1268 4858 1428 4924 aemuletur,
1445 4857 1505 4914 sive
1519 4873 1573 4912 nen
1587 4856 1744 4914 ammiel.
1755 4861 1904 4915 Μιιιιτιιιιι.

1106 4785 1328 4843 slmilitudiuem
1345 4787 1427 4843 liesclr
1442 4789 1470 4842 et
1483 4785 1581 4842 Doletlr
1604 4798 1662 4852 Ἢ
1679 4803 1685 4840 :
1703 4785 1782 4842 undo
1793 4793 1841 4843 est
1856 4785 1931 4859 apud
2000 4839 2001 4848 ,

223 5015 295 5084 rius,
307 5017 428 5073 additur
452 5020 543 5086 ΑΗΗ),
568 5017 596 5072 id
619 5027 659 5073 esc
681 5031 777 5082 unum,
800 5021 854 5070 etc,
880 5016 930 5071 Est
954 5015 1047 5072 enim.
1099 5010 1179 5080 jecur
1193 5025 1244 5080 pro
1259 5009 1348 5080 pierio
1364 5007 1437 5062 Lxx
1451 5007 1676 5075 transtulerunt,
1693 5023 1728 5063 ex
1745 5007 1860 5081 duplinr
1874 5011 1929 5062 He·
2000 5047 2001 5070 ,

221 5102 289 5142 varo
304 5087 333 5142 in
354 5089 495 5146 Hebraico
522 5101 594 5156 m,
621 5087 699 5162 quod
725 5089 828 5142 ederas
854 5086 961 5155 ΑΗΑΙ),
988 5087 1048 5144 siva
1103 5080 1207 5134 braina
1222 5079 1300 5135 vocis
1316 5077 1531 5150 significatione
1542 5078 1621 5162 yenit
1634 5089 1700 5161 ξω
1714 5077 1796 5134 enim
1810 5085 1842 5136 et
1851 5081 1932 5152 jarer

225 5157 354 5214 ACHAD.
1102 5154 1131 5206 ct
1153 5151 1272 5219 pieriam
1300 5154 1385 5206 senat
1409 5153 1550 5206 :tametsr
1571 5148 1661 5223 glosa
1685 5165 1805 5222 semper
1834 5156 1928 5206 cumi

258 5227 356 5282 ‘ilinc
370 5231 522 5287 exordium
551 5229 678 5291 libellus,
708 5229 755 5284 cui
784 5227 900 5291 titulus.
930 5228 1046 5284 benedi·
1103 5223 1249 5278 scribetur
1263 5230 1341 5282 ιιι).
1358 5221 1414 5277 Sed
1430 5237 1523 5294 neque
1538 5221 1610 5278 salis
1621 5219 1928 5278 arrideintdewlelwss
2000 5271 2001 5284 ,

222 5296 325 5350 cticuer
340 5299 449 5366 delitiis
462 5303 556 5368 laceb,
578 5302 700 5358 tetidem
717 5303 775 5356 l'crc
803 5299 900 5355 verbis
919 5315 953 5354 ex
977 5300 1047 5355 sub·
1102 5297 1130 5348 ct
1144 5293 1267 5350 sortasse
1283 5291 1407 5365 negandi
1433 5291 1625 5366 expungenda
1647 5297 1693 5348 est
1716 5291 1872 5364 particule,
1897 5291 1927 5343 ul
2000 5299 2001 5336 1

223 5368 358 5438 sequenti
374 5368 601 5442 Hieronymianu
616 5371 805 5454 expositione,
834 5376 897 5425 tum
921 5368 1047 5427 aliorum
1101 5365 1221 5421 Hebraeo
1244 5363 1416 5430 consentiat,
1440 5363 1469 5419 in
1495 5380 1552 5436 quc
1583 5363 1729 5420 contrarie
1769 5379 1859 5421 sensu
1882 5363 1926 5415 est
2000 5399 2001 5430 ,

223 5453 341 5520 quaqua
359 5437 489 5520 Petrum,
505 5443 661 5524 Augustini
676 5447 705 5525 et
720 5441 861 5523 Gregorii,
877 5440 991 5524 laciniis
1002 5443 1048 5498 de·
1102 5446 1165 5496 'tun
1205 5420 1254 5516 ab,
1269 5451 1325 5490 eon
1342 5436 1458 5490 uniatur
1472 5435 1587 5509 Vulgat.
1609 5450 1666 5517 aen
1687 5436 1734 5502 sit,
1753 5435 1851 5503 ;unde
1871 5431 1923 5488 sub

221 5515 358 5638 ratiti
384 5513 1046 5641 eleeleuteriuslaea
1101 5507 1570 5644 irrepsereqgrpu
1586 5506 1762 5644 repugar-
1784 5585 1827 5642 a,
1901 5581 1920 5632 ,α

226 5671 333 5723 neum,
348 5596 457 5724 quibgus
471 5658 499 5706 et
513 5601 686 5708 retiatioris
700 5602 844 5710 editionis
859 5604 1047 5713 conseminia
1101 5654 1221 5724 Sicicm,
1237 5601 1373 5724 etcgnuae
1438 5627 1457 5656 '³
1499 5588 1671 5659 onim]
1718 5601 1782 5646 m
1828 5595 1903 5655 'W
