4078 6162
94 261 155 346 aar
480 328 485 336 .
716 275 747 344 s.
769 275 925 346 uusnau
947 277 1181 349 niaaourui.
1734 285 1814 376 itt:

63 457 69 467 ,
97 417 217 482 pravare
231 403 327 465 conati
343 413 422 479 sunt,
439 427 498 470 uno
513 409 611 471 libello
628 410 754 471 breviter
768 414 882 490 digesta
897 416 967 474 adas
982 413 1013 473 in
1028 417 1161 476 notitiam
1177 435 1288 490 eorum,
1304 421 1413 498 quibus
1428 423 1480 482 sut
1495 437 1554 482 non
1576 422 1660 483 vacat
1678 425 1799 500 propter

95 490 154 548 elia
168 495 294 568 negotia,
305 503 357 555 aut
371 516 429 556 non
444 500 539 558 valent
554 507 672 575 propter
687 502 812 560 alienam
827 504 959 577 linguam
973 509 1034 564 tam
1051 507 1144 566 multa
1157 508 1251 583 legere
1267 515 1356 585 atque
1371 528 1556 586 cognoscere.
1575 534 1585 562 ι
1625 557 1628 562 -

132 637 158 692 3.
173 636 271 706 Porro,
287 639 410 699 allorum
426 643 593 703 testimonia
608 663 778 718 percensere
802 646 826 702 si
844 647 950 713 velim,
973 647 1087 722 longior
1111 648 1178 707 sim.
1204 651 1372 710 Gennadius
1395 654 1531 711 eumdem
1547 653 1677 712 laborem
1692 654 1728 712 ad
1743 673 1799 714 sua

95 728 226 797 tempora
242 735 415 800 persecutus
435 735 608 807 cognomine
622 735 696 792 libro
713 752 774 806 cap.
792 738 819 802 1,
843 736 879 794 (1ο
905 737 1014 795 laccho
1041 739 1181 797 Nisibeno
1207 757 1308 814 agens,
1324 765 1339 793 «
1352 743 1445 812 Hunc,
1462 743 1569 816 inquit,
1583 742 1679 800 virum
1694 745 1799 802 beatus

95 811 289 888 Hieronymus
304 819 334 874 in
348 819 422 877 libro
438 826 575 895 Χρονικῶν
591 823 671 880 velut
686 841 861 897 magnarum
876 827 1019 884 virtutum
1035 827 1185 900 hominem
1202 829 1355 896 nominat;
1371 848 1424 888 cur
1440 831 1469 888 iu
1493 833 1622 902 Cstclcpc
1637 831 1800 890 Scribarum

96 917 154 956 non
174 906 313 976 posuerit,
328 908 411 965 facile
426 911 623 978 excusabitur,
640 935 653 962 ν
669 917 735 978 etc,
750 931 813 986 que
827 913 905 971 inira
919 932 973 972 suc
988 914 1050 973 loco
1066 919 1276 991 expendemus.
1293 919 1445 977 Facundus
1464 919 1687 977 Hermianensie
1701 919 1753 978 lib.
1770 939 1799 978 vr

95 989 278 1050 Defensionis
291 997 379 1052 trium
395 999 595 1071 capitulorum
611 1018 674 1074 cap.
690 1005 725 1059 2:
754 1002 975 1077 :Hieronymus
998 1009 1107 1074 noster,
1132 1007 1177 1062 vir
1201 1008 1362 1065 admodum
1386 1009 1500 1077 doctus,
1525 1009 1576 1083 qui
1600 1009 1688 1067 stiam
1711 1013 1799 1067 tantae

95 1077 191 1136 inerat
203 1080 347 1152 lectionis,
365 1091 397 1142 ut
412 1104 524 1158 omnes,
541 1094 592 1146 aut
606 1107 678 1163 pene
693 1108 805 1161 omnes,
823 1091 884 1150 sive
907 1093 937 1150 in
961 1094 1070 1164 Graec,
1095 1095 1156 1152 sive
1182 1096 1212 1152 in
1240 1096 1342 1154 Latino
1357 1096 1472 1171 eloquio
1487 1097 1653 1156 divinarum
1667 1097 1799 1171 Scriptu-

95 1183 195 1224 rarum
211 1175 381 1230 tractatores
397 1174 514 1248 legeret,
530 1179 648 1252 scripsit
663 1178 773 1237 librum
788 1181 873 1254 cuius
888 1185 933 1239 est
946 1183 1050 1240 titulus
1064 1185 1102 1241 lle
1118 1185 1190 1241 Viris
1203 1186 1370 1255 illustribus,
1382 1186 1413 1242 in
1423 1203 1481 1258 quo
1491 1204 1550 1244 non
1560 1185 1657 1244 solum
1672 1186 1799 1244 Catholi-

96 1259 216 1324 cos,sed
233 1260 320 1318 etiarn
336 1263 486 1322 hereticos
511 1267 692 1334 memoravit,
718 1269 769 1342 qui
792 1271 828 1326 de
851 1270 1010 1344 Scripturis
1034 1273 1144 1330 sanctis
1168 1272 1198 1329 in
1224 1277 1348 1346 utraque
1368 1273 1470 1348 lingue
1484 1273 1596 1348 aliquid
1613 1274 1815 1349 conscripse·v

95 1353 183 1404 runt:
198 1365 255 1406 non
269 1353 361 1408 tacuit
376 1353 426 1426 qui
438 1353 583 1413 haeresum
598 1357 707 1414 luerint
722 1359 897 1430 conditores,
913 1360 998 1433 quive
1024 1365 1196 1432 assertores,
1220 1361 1265 1418 vel
1290 1361 1340 1436 qui
1364 1361 1454 1420 etism
1470 1362 1678 1435 aquibusdam
1693 1366 1726 1420 ut
1739 1363 1798 1420 hee

95 1437 175 1495 retici
204 1446 422 1503 accusarentur.
452 1444 518 1500 aliis
546 1451 647 1502 eontra
674 1447 909 1505 defendentibus.
940 1471 953 1500 ν
984 1449 1113 1524 Denique
1141 1449 1334 1508 Cassiodorus
1362 1453 1491 1508 divinar.
1520 1453 1611 1509 laetit.
1646 1467 1710 1526 cap.
1740 1452 1797 1510 ll:

95 1549 110 1577 «
128 1527 201 1601 Lege
216 1528 325 1587 librum
340 1532 377 1588 De
394 1533 464 1589 Viris
478 1535 676 1593 trimeribus.
692 1537 871 1610 Hieronymi,
888 1538 938 1595 ubi
953 1539 1084 1597 diversos
1098 1539 1214 1597 labores
1235 1543 1324 1614 atque
1348 1541 1491 1614 opuscula
1514 1555 1618 1598 eorum
1632 1540 1757 1600 breviter
1770 1546 1799 1600 et

97 1616 251 1674 honoravit
264 1625 293 1676 st
306 1620 412 1694 tetigit.
431 1645 441 1672 ν
458 1623 570 1688 Quibus
594 1626 669 1682 adde
693 1627 722 1682 S.
739 1627 884 1684 Isidorum
907 1627 1121 1702 hispalensem,
1146 1631 1292 1702 Originum
1315 1629 1367 1686 lib.
1384 1647 1421 1699 vr,
1438 1629 1532 1704 cspile
1545 1631 1563 1686 6
1575 1647 1583 1700 ;
1597 1630 1798 1688 Marcellinum

8 1694 19 1718 ⁴
97 1705 237 1764 (tomitem
252 1707 282 1765 in
296 1708 448 1780 Chronico,
471 1711 616 1771 lumnam
640 1715 884 1776 sarisberiensem
908 1717 993 1792 epist.
1019 1719 1081 1788 172,
1104 1717 1236 1794 aliosque
1262 1719 1371 1778 secutis
1391 1719 1575 1794 temporibus
1596 1735 1688 1794 prope
1709 1719 1797 1779 innu-

98 1809 206 1852 meros.

133 1941 159 1996 1.
175 1939 293 2030 Factum
309 1959 344 2000 ex
357 1944 412 2002 bac
427 1945 492 2019 ipsa
505 1946 602 2020 operis
616 1947 794 2022 celebritate,
809 1955 842 2007 ut
857 1951 974 2009 meliore
989 1952 1078 2011 etism
1093 1953 1210 2010 fortuna
1224 1969 1314 2027 quam
1330 1951 1436 2026 reliqui
1461 1967 1564 2010 omues
1578 1945 1810 2024 hieronymiani¹

95 2024 164 2084 libri
179 2032 310 2087 uteretur
324 2032 388 2101 iste,
405 2033 551 2106 siquidem
565 2036 653 2094 variis
667 2039 849 2111 temporibus
863 2041 962 2113 plures
980 2040 1122 2100 litteratos
1144 2042 1222 2099 viros
1245 2041 1367 2109 invenit,
1393 2056 1520 2114 quorum
1544 2056 1633 2114 opera
1656 2037 1793 2112 mugisse

95 2115 190 2189 magis
204 2120 371 2191 recognitus
386 2127 475 2195 atque
490 2124 666 2196 illustratus,
683 2128 769 2184 modo
792 2129 925 2197 seorsim,
951 2130 1037 2186 modo
1063 2146 1130 2188 cum
1156 2128 1222 2187 aliis
1245 2129 1384 2203 operibus
1407 2129 1438 2186 in
1462 2127 1558 2186 lucem
1574 2128 1794 2201 produceretur.

94 2203 272 2278 lusignicres
287 2225 321 2266 ax
335 2211 371 2268 iis
386 2218 456 2269 sunt
471 2214 621 2282 Erasmus,
636 2216 792 2284 Victorius,
818 2218 953 2288 Gravius,
982 2218 1127 2276 Sult'ridue
1154 2218 1242 2284 Petri,
1265 2219 1395 2275 loannes
1409 2234 1427 2274 a
1442 2215 1562 2284 Fuchte,
1577 2217 1724 2273 Aubertus
1738 2213 1797 2272 ldi-

94 2309 180 2363 reus,
196 2297 533 2372 Ernestus'l’entzellius,
550 2305 687 2362 Salomon
704 2306 875 2379 Cyprianus,
891 2307 1087 2376 Martiansue,
1103 2311 1191 2380 atque
1206 2307 1339 2364 omnium
1365 2305 1524 2363 novissime
1543 2304 1680 2362 ulbertus
1695 2303 1796 2360 Fabri-

93 2381 167 2451 cius,
184 2386 235 2458 qui
251 2389 323 2445 estis
339 2395 480 2449 accurate
496 2411 555 2449 sue
571 2395 733 2452 recensioni
748 2394 872 2454 aliorum
888 2413 1005 2470 quoque
1018 2395 1165 2454 editorum
1193 2395 1305 2453 scholia
1328 2399 1416 2469 atque
1435 2394 1639 2451 annotationes
1654 2394 1796 2451 adtexuit.

93 2479 201 2536 Verum
226 2479 308 2536 nulla
328 2485 373 2536 eet
396 2498 483 2553 opera
507 2481 651 2557 insignior
671 2484 732 2553 illa,
755 2502 844 2558 quam
868 2485 1048 2558 sophronius
1072 2485 1194 2558 quidum
1223 2485 1376 2557 impendit,
1401 2483 1452 2558 qui
1476 2487 1570 2541 totum
1593 2482 1672 2540 huno
1686 2481 1796 2538 librum

94 2567 191 2626 Graece
206 2569 332 2625 retudit:
349 2570 385 2626 dc
400 2587 457 2644 quo
472 2571 591 2628 homine
606 2576 633 2630 et
647 2573 778 2630 versione
793 2575 857 2648 ipsu
878 2591 944 2631 cum
961 2574 1055 2632 multa
1071 2574 1099 2630 in
1116 2577 1272 2647 utramque
1293 2578 1407 2647 partem
1432 2572 1579 2629 disserunt
1592 2571 1711 2640 eruditi,
1727 2588 1800 2628 non-

93 2655 166 2713 nihil
182 2657 267 2716 nobis
282 2658 439 2715 dicendum
455 2664 509 2717 est.
525 2661 676 2729 Erasmus,
692 2662 739 2718 cui
754 2662 887 2720 omnium
903 2663 998 2737 primo
1012 2667 1174 2728 vetustum,
1185 2667 1218 2720 ut
1228 2663 1291 2736 ipse
1302 2667 1364 2729 sut,
1376 2661 1662 2734 atqueemnndutum
1674 2659 1799 2734 Sophro·

94 2745 188 2802 niente
202 2745 346 2804 versionis
360 2747 509 2821 exemplar
522 2737 652 2806 nancisci
668 2750 799 2823 contigit,
816 2751 925 2824 quique
939 2767 1006 2808 eum
1023 2751 1116 2809 secuti
1131 2757 1201 2808 sunt
1214 2751 1341 2808 editores
1355 2749 1498 2822 plerique,
1526 2765 1584 2805 non
1604 2747 1696 2805 elium
1712 2747 1749 2805 ab
1764 2765 1798 2806 eo

93 2834 258 2906 Sophronio
272 2851 335 2894 esse
350 2852 525 2908 persuasum
541 2836 660 2921 habent,
676 2854 763 2911 quem
780 2839 973 2913 Hieronymus
997 2845 1097 2896 noster
1119 2857 1145 2895 c.
1169 2839 1221 2896 131
1244 2838 1397 2911 hujusmet
1419 2837 1546 2911 catalogi
1569 2837 1680 2906 laudat,
1695 2840 1799 2910 utpote

94 2939 216 2980 suorum
232 2922 345 2996 aliquot
359 2924 569 2997 opusculorum
585 2927 621 2984 de
636 2927 738 2984 Latino
753 2927 783 2983 in
797 2927 929 2985 Graecum
944 2926 1070 3002 eleganti
1086 2944 1221 2985 sermone
1233 2927 1433 3000 interpretem.
1450 2925 1559 2982 Horum
1576 2924 1721 2982 sententia
1732 2923 1798 2996 ipsa

94 3012 224 3084 primum
238 3012 306 3070 libri
321 3015 512 3087 inscriptione
528 3015 643 3083 nititur,
659 3015 764 3073 deiude
777 3021 977 3091 preconcepta
989 3034 1024 3074 ex
1038 3016 1205 3090 Hieronymi
1226 3015 1395 3072 testimonio
1418 3015 1570 3071 doctorum
1593 3012 1730 3086 opinione
1743 3012 1799 3070 ho·

94 3101 207 3158 minum
222 3103 422 3159 confirmatur.
440 3107 545 3162 Contra
558 3104 607 3160 alii
624 3122 675 3178 pro
691 3121 802 3178 nupero
817 3107 956 3178 scriptore
971 3104 1089 3170 habent,
1106 3103 1157 3177 qui
1172 3103 1328 3177 sophronii
1349 3103 1423 3176 ejus,
1440 3101 1606 3175 Hieronymi
1631 3100 1797 3169 lumiliaris.

94 3203 248 3260 personam
264 3191 433 3260 mentiatur,
450 3209 503 3250 nec
523 3192 615 3250 detuit
637 3193 757 3265 quidam
783 3198 886 3250 caetera
909 3193 1014 3250 doctus
1038 3195 1125 3264 atque
1149 3191 1283 3248 eruditus
1307 3190 1455 3263 (vossium
1471 3189 1559 3262 dico,)
1575 3187 1625 3262 qui
1640 3189 1797 3247 Erasmum

92 3275 191 3349 ipsum
207 3277 282 3334 hanc
298 3280 488 3350 supposuisse
505 3282 672 3352 suspicatus
688 3281 737 3348 sit,
752 3285 829 3339 certe
843 3282 880 3338 ab
894 3281 960 3354 ejus
975 3281 1026 3337 aevi
1051 3279 1183 3338 Graeculo
1207 3279 1352 3336 nebulone
1375 3277 1474 3351 aliquo
1496 3278 1657 3350 proiectum
1673 3281 1798 3334 conten·

91 3365 176 3422 derit.
193 3367 233 3422 Hx
247 3382 280 3423 eo
296 3369 394 3423 nutem
409 3373 662 3440 argumentantur,
678 3370 756 3442 quod
773 3365 874 3428 multis
888 3369 918 3425 in
935 3369 1008 3427 locis
1024 3385 1077 3426 uec
1101 3368 1197 3425 Graeca
1220 3367 1269 3436 sit,
1291 3383 1345 3442 nec
1368 3365 1539 3439 Hieronymi
1554 3369 1683 3422 mentem
1698 3365 1796 3440 expri-

90 3457 161 3522 mat,
177 3455 229 3512 sed
242 3471 277 3512 en
291 3461 428 3529 corrupto
442 3457 544 3514 Latino
567 3458 726 3531 exemplari
750 3475 887 3532 expresse
909 3459 1050 3516 videatur.
1077 3458 1185 3516 Deinde
1208 3457 1285 3530 quod
1311 3456 1342 3512 in
1367 3455 1450 3513 nullo
1472 3471 1604 3528 unquam
1617 3453 1708 3511 veteri
1721 3453 1796 3512 libro

88 3544 289 3616 manuscripto
304 3543 385 3601 illam
399 3546 526 3617 reperire
540 3546 623 3604 sitin
650 3547 846 3618 bibliothecis,
868 3565 942 3621 quas
968 3547 1138 3618 hujusmodi
1157 3545 1321 3603 litterarum
1345 3543 1470 3602 studiosi
1492 3543 1633 3600 hactenus
1657 3558 1794 3599 excusse-

30 3631 37 3648 ‘
87 3631 157 3690 rint.
176 3634 254 3689 luter
268 3634 340 3690 adeo
355 3634 475 3691 dissitas
490 3634 643 3706 opiniones
671 3637 779 3704 medis,
806 3653 895 3710 quum
922 3637 1126 3709 prudentiores
1147 3635 1201 3691 viri
1229 3635 1344 3702 Rosius,
1372 3633 1506 3701 Huetius,
1529 3631 1638 3704 aliique
1653 3631 1792 3704 probunt,

86 3718 172 3794 longe
186 3726 231 3778 eet
244 3722 334 3778 etium
348 3722 561 3780 verosimilior:
578 3723 653 3792 dico,
669 3725 866 3798 Sophronium
882 3725 1000 3798 quidem
1018 3723 1101 3780 illum
1117 3723 1284 3796 Hieronymi
1307 3721 1447 3790 amicum,
1473 3721 1521 3778 cui
1535 3719 1622 3794 vulgo
1636 3719 1789 3790 tribuitur,

86 3810 256 3882 neutiquam
273 3811 337 3883 ejus
352 3813 501 3867 auctorem
519 3826 601 3880 esse3
618 3817 652 3868 ut
664 3817 763 3869 autem
779 3812 815 3870 ab
828 3816 949 3870 Erasmo
971 3817 1022 3869 aut
1046 3813 1083 3868 ab
1107 3813 1172 3884 ejus
1195 3811 1246 3867 aevi
1275 3810 1435 3884 impostore
1461 3809 1560 3883 aliquo
1589 3807 1714 3865 condeta
1736 3806 1786 3876 sit,

84 3897 206 3954 minime
221 3899 298 3954 credi
315 3915 409 3971 posse.
423 3899 557 3956 Primum
571 3901 676 3958 suadet
689 3901 784 3975 stylus
799 3901 871 3973 ipse,
888 3901 939 3974 qui
954 3903 1120 3974 sequiorem
1133 3901 1315 3957 Grecitatem
1329 3897 1460 3956 redolere
1475 3915 1533 3955 uon
1548 3896 1785 3954 immeritovisus

83 3989 145 4042 est:
160 4002 273 4043 errores
286 4003 402 4060 quoque
418 3992 446 4044 et
460 3987 539 4044 false
553 3988 701 4058 lectiones,
717 4007 791 4062 quae,
816 3989 883 4048 licet
902 4007 960 4046 non
981 3990 1153 4059 innumero,
1163 3994 1197 4046 ut
1216 3989 1339 4046 Vossius
1360 3992 1525 4061 exaggerat,
1541 3987 1606 4060 ejus
1620 3989 1715 4044 tamen
1732 3999 1784 4058 ge-

83 4073 161 4130 neris
176 4079 256 4145 sunt,
272 4080 304 4131 ut
318 4077 525 4134 sarecentiore
550 4077 652 4135 Latino
676 4079 834 4151 exemplari
858 4079 1030 4137 adornatam
1054 4078 1279 4137 translationem
1302 4077 1509 4149 persuadeant,
1536 4076 1655 4149 quando
1674 4073 1787 4132 sensim

81 4161 201 4223 inducta
212 4162 356 4228 barbarie,
371 4163 536 4220 scribarum
551 4167 714 4233 oscitantia,
730 4171 782 4223 aut
796 4165 965 4224 criticorum
980 4165 1131 4224 temeritas
1146 4165 1238 4223 bonos
1266 4163 1357 4222 libros
1383 4167 1561 4237 pervaserat.
1578 4162 1703 4222 blasima
1717 4177 1788 4220 vero

80 4250 320 4323 interpolationes
335 4251 370 4308 de
385 4250 537 4324 apostolis,
552 4257 603 4309 aut
617 4253 682 4311 aliis
698 4253 827 4328 antiquis
842 4255 989 4322 Patribus,
1006 4255 1056 4328 qui
1073 4252 1282 4311 nihilomnino
1297 4253 1493 4326 scripserunt,
1515 4267 1609 4325 neque
1633 4251 1670 4308 ab
1685 4250 1790 4308 Hiero·

80 4355 167 4412 nymo
181 4339 258 4396 inter
271 4339 484 4397 ecclesiasticos
499 4341 656 4414 scriptores
671 4342 753 4399 relati
768 4342 893 4410 fuerant,
908 4343 1060 4416 ingenium
1076 4342 1179 4414 utique
1194 4341 1315 4414 sapiunt
1330 4340 1459 4398 hominis
1474 4357 1492 4396 a
1506 4338 1664 4414 Sophrcuii
1679 4337 1739 4395 fide
1756 4355 1791 4396 sc

78 4428 230 4486 nobilitate
245 4426 471 4484 alienissimum.
488 4428 619 4486 Alterum
635 4429 719 4486 facile
733 4430 870 4487 evincunt
885 4431 1061 4504 scriptorum
1086 4430 1265 4501 testimonia,
1280 4429 1330 4502 qui
1350 4429 1460 4486 nedum
1475 4446 1534 4486 uno
1551 4426 1718 4495 cutellum,
1734 4425 1789 4484 sed

78 4515 180 4572 multis
197 4519 264 4571 ante
279 4517 433 4573 Hrasmum
450 4517 564 4574 seculis
578 4519 710 4575 lloruere.
728 4519 834 4576 Suidas
849 4518 951 4576 multis
967 4519 996 4575 in
1012 4519 1084 4576 locis
1100 4518 1265 4576 versionem
1282 4516 1358 4575 hano
1374 4517 1486 4583 laudat,
1501 4532 1535 4572 ac
1549 4515 1674 4573 totidem
1688 4515 1791 4573 verbis

76 4603 217 4661 describit
230 4602 260 4659 in
275 4603 394 4668 Basilio,
410 4605 544 4671 Cesario,
557 4606 705 4680 Gregorio,
722 4607 856 4675 Damaso,
873 4608 1046 4682 epiphanio,
1059 4607 1184 4664 blusebio
1199 4605 1499 4679 Pamphili,lustino,
1509 4605 1526 4662 J
1530 4609 1596 4661 usto
1608 4601 1787 4672 Tiberieusi,

74 4692 212 4767 losepho,
229 4693 384 4758 hletbcdio,
401 4693 533 4765 Origene,
551 4693 717 4768 Polycarpo,
734 4695 865 4753 Philone.
882 4699 928 4762 At,
953 4695 1080 4768 inquies,
1103 4695 1220 4751 incerte
1245 4698 1348 4750 auctor
1371 4694 1466 4750 araus
1481 4697 1528 4751 est
1543 4691 1607 4766 ipse
1621 4691 1742 4760 Suidss,
1758 4695 1789 4749 et

77 4783 128 4854 qui
142 4800 183 4839 xrr
198 4781 304 4840 seculo
317 4781 425 4838 vixisse
439 4782 582 4850 videatur,
599 4783 835 4856 quandoquidem
851 4801 886 4840 ex
901 4782 1040 4841 Hicbaele
1056 4782 1159 4851 Psello,
1177 4783 1227 4855 qui
1242 4782 1297 4839 sub
1312 4781 1413 4839 Alexio
1429 4785 1577 4838 Comnerm
1592 4780 1703 4848 floruit,
1720 4779 1788 4838 locs

77 4872 211 4941 quedam
228 4869 328 4928 abillo
345 4871 541 4927 adducuntur.
559 4873 602 4928 lta
617 4888 697 4942 sane,
713 4873 764 4929 sed
778 4889 813 4929 er
827 4873 940 4945 aliquot
952 4871 1085 4938 vocibus,
1102 4887 1176 4943 quas
1193 4869 1336 4943 posterior
1351 4886 1456 4926 manus
1481 4869 1633 4940 adjecerit,
1658 4870 1694 4926 de
1718 4870 1787 4941 ejus

75 4963 157 5016 etate
173 4978 231 5017 non
245 4977 310 5017 esee
320 4960 515 5032 judicandum
531 4977 616 5017 nemo
631 4961 788 5029 inficietur,
803 4966 893 5033 utque
905 4959 1024 5017 dilfieile
1052 4960 1131 5016 dictu
1160 4960 1211 5026 sit,
1240 4975 1298 5032 quo
1319 4959 1438 5014 tandem
1454 4973 1532 5014 anno
1547 4960 1652 5014 auctor
1665 4956 1784 5028 vixerit,

74 5048 262 5106 vetustiorem
278 5055 374 5106 tamen
390 5064 555 5120 essequam
570 5049 656 5122 vulgo
672 5049 810 5116 creditur,
826 5049 920 5106 doctis
936 5048 1006 5104 viris
1021 5049 1177 5121 probatum
1192 5051 1247 5103 est.
1262 5046 1320 5102 Neo
1344 5050 1440 5102 tamen
1469 5061 1562 5101 unum
1578 5044 1633 5101 hoc
1648 5044 1785 5102 testimo·

74 5132 154 5188 nium
171 5152 273 5209 urgeo.
290 5138 339 5193 list
354 5138 434 5194 aliud
450 5137 729 5196 luculentissimum.
745 5137 876 5206 Photius,
891 5137 940 5209 qui
956 5141 1034 5194 certe
1048 5141 1115 5194 ante
1129 5152 1240 5191 annum
1255 5135 1308 5191 850
1322 5132 1532 5214 bibliothecam
1557 5150 1643 5191 suam
1668 5133 1782 5202 emisit,

72 5219 147 5275 hane
163 5221 256 5292 ipsam
273 5224 400 5281 Graecam
415 5225 686 5298 interpretationem
701 5226 781 5301 legit,
795 5230 822 5283 et
838 5225 967 5297 plurium
982 5243 1017 5282 ex
1032 5241 1066 5282 ea
1081 5240 1219 5282 versuum
1236 5222 1373 5279 laciniam
1395 5222 1548 5278 derivavit.
1565 5220 1602 5278 Ut
1617 5221 1659 5278 rei
1673 5221 1783 5279 veritas

72 5312 196 5374 constet,
215 5311 363 5368 ronlerad
382 5315 546 5388 lzlieronymi
572 5320 660 5390 caput
687 5317 733 5386 61,
762 5315 797 5372 ds
825 5314 978 5388 Hippolyto
1007 5313 1205 5386 sophronium
1227 5312 1324 5370 Graue
1353 5314 1514 5368 vertentem
1538 5327 1605 5367 eum
1622 5308 1783 5368 hisPhotii

72 5395 136 5453 sod.
166 5397 215 5454 ⁴21
243 5417 249 5452 ε
275 5399 390 5473 Αάγτττι
421 5398 449 5455 δὲ
478 5403 522 5456 καὶ
552 5403 631 5467 οὗτος
661 5402 842 5478 (Ἱππόλυτος)
870 5400 1049 5480 προσομιλεῖν
1078 5406 1117 5475 τῷ
1145 5399 1205 5474 λαῷ
1232 5401 1301 5455 κατὰ
1330 5399 1447 5473 μίμησιν
1476 5399 1644 5474 Ὠριγὲνοος,
1674 5397 1705 5454 οὗ
1733 5389 1784 5455 καὶ

72 5486 191 5556 συνήθης
218 5485 263 5540 καὶ
301 5485 414 5560 ἐραστὴς
449 5494 502 5544 τῶν
543 5489 633 5567 λόγων
674 5495 807 5571 ὑπῆρχεν,
850 5493 888 5556 ὡς
926 5493 971 5548 καὶ
1008 5491 1209 5568 προτρέψασθαι
1242 5488 1325 5552 αὐτὸν
1358 5489 1406 5557 τὴν
1445 5487 1519 5544 θείαν
1553 5487 1782 5561 ὑπομνημττίστο

70 5575 201 5654 lhuydi,
232 5575 432 5654 ἓγκαταπήσας
461 5577 533 5651 αὐτῷ
560 5582 605 5638 καὶ
637 5583 809 5664 ὑπογραφέας
846 5583 913 5640 ἔπτὰ
949 5581 1141 5662 ταχυγράρσυς
1169 5578 1215 5636 καὶ
1244 5577 1351 5655 ἑτέρους
1379 5575 1526 5642 τοσούτους
1550 5577 1704 5657 γράφοντας
1737 5578 1780 5644 εἰς
