4128 6164
188 177 248 246 los
382 177 702 256 lurussssrs'rlo
716 191 821 258 LIBRI
835 191 976 260 ulurlss
992 194 1045 261 ull
1061 195 1219 263 sistri]
1233 195 1396 266 SANG'I'O.
1412 195 1698 270 -ΑὈΜΟΝῘἸἾΟ,ι
1832 199 1890 270 lot

184 317 257 374 tatis
268 321 428 390 putemus:
445 325 473 380 et
486 321 667 395 glorificetur
677 328 815 401 Deus,qui
828 329 925 400 posuit
935 330 1011 387 sicut
1025 337 1050 401 Α
1065 335 1146 388 stent
1159 330 1320 390 terribilem
1336 335 1540 394 remissionem
1554 341 1752 410 peccatorum,
1775 342 1804 396 et
1817 353 1887 414 gra-

182 421 254 462 cres
266 405 404 465 familias.
414 409 540 468 Videant
550 413 631 482 raeti,
643 418 672 471 et
696 413 851 479 latentur:
867 423 895 473 et
915 419 1011 475 omnis
1065 421 1137 476 tiam
1153 421 1315 493 spiritualis
1330 425 1472 496 mysterii,
1500 427 1620 484 audiant
1650 443 1700 500 per
1727 445 1788 498 vos,
1809 429 1887 502 quod

181 493 325 568 iniqnitas
340 497 455 554 obturet
469 515 520 556 eor
533 517 632 558 suurn.
644 502 682 559 Ut
696 520 797 560 omnes
812 521 877 574 nos,
889 511 1009 565 senatus
1065 509 1134 565 llere
1147 509 1273 566 debeant
1286 515 1316 567 et
1336 511 1436 584 lugere
1451 514 1573 584 antique
1587 521 1714 588 peccata,
1731 521 1761 574 et
1772 535 1888 590 prepa-

179 582 312 640 liliorum
328 584 428 656 lsrael,
448 590 617 648 etcumeis
646 594 767 650 secundi
795 595 947 653 veniamus
972 598 1006 653 ad
1063 615 1127 654 rare
1141 615 1173 655 se
1188 601 1410 657 sanctificationi
1426 599 1593 659 animarum
1616 607 1645 660 et
1671 609 1888 678 corporum,ut

180 671 305 743 Paeeha,
321 679 351 730 et
362 673 594 736 nullusenobis
609 678 740 753 reliquus
753 683 928 750 invenietur,
958 686 1008 758 qui
1062 687 1175 758 possint
1203 687 1348 745 sustinere
1377 691 1551 763 sanguinem
1579 697 1609 748 et
1637 709 1743 766 corpus
1770 695 1885 753 Domini

180 779 244 819 non
259 761 377 836 impleat
391 765 536 822 terminos
559 769 651 826 Patris
666 770 782 827 nostri:
812 777 841 828 et
855 771 1006 846 dispenso·
1061 775 1218 832 Salvatoris
1235 793 1241 832 ι
1258 777 1294 832 de
1308 793 1366 850 quo
1390 780 1478 835 etiam
1507 781 1652 853 cogitasse
1681 783 1800 840 terroris
1831 788 1886 841 est.
1980 825 1987 832 -

179 855 264 908 tores
288 852 533 910 monasteriorum
561 857 591 911 et
617 857 772 915 domorum
803 860 958 932 propositi,
979 865 1007 917 et
1060 863 1280 922 Ceteraautem
1296 881 1360 938 que
1375 867 1470 924 fecere
1493 869 1634 936 debeatis,
1650 871 1761 944 optime
1784 873 1888 940 nostis,

179 941 282 997 omnis
295 940 365 998 ordo
381 942 715 1018 fratrum,universaqus
726 947 857 1034 membru
867 949 897 1004 in
913 965 1005 1006 unum
1059 968 1113 1008 nee
1128 969 1246 1010 necesse
1259 958 1304 1011 est
1318 969 1369 1027 per
1381 955 1535 1028 epistolam
1551 973 1754 1016 commonere:
1771 963 1804 1016 ut
1816 977 1887 1033 pre·

176 1043 289 1102 corpus
303 1035 416 1100 coeant,
431 1034 465 1087 ut
478 1033 621 1090 suscitent
635 1034 778 1109 templum
793 1036 861 1094 Deo.
878 1039 1005 1112 Congre-
1059 1041 1271 1113 peretisvosin
1287 1047 1417 1116 ternpore
1432 1045 1601 1114 constituto,
1618 1048 1695 1120 quod
1725 1048 1811 1105 Peter
1832 1065 1888 1106 no-

175 1131 287 1189 gamur
300 1120 398 1173 autem
414 1117 444 1174 ln
460 1134 532 1190 pace
545 1123 633 1192 atque
657 1123 810 1180 concordia
837 1141 843 1180 :
872 1129 904 1181 ut
931 1126 1004 1184 lines
1058 1134 1119 1186 ster
1133 1130 1286 1203 disposuit.
1302 1131 1360 1188 Nos
1375 1137 1404 1188 et
1418 1149 1520 1190 omnes
1536 1135 1650 1204 fratres,
1668 1136 1717 1209 qui
1732 1137 1886 1194 nobiseum

174 1208 351 1262 sanctornm
366 1210 397 1263 et
410 1207 505 1264 Patris
519 1209 612 1269 nostri
623 1209 740 1286 regulas
755 1210 1003 1286 impleamnssm
1058 1222 1137 1286 sunt,
1153 1235 1205 1276 vos
1220 1219 1368 1292 impendio
1384 1221 1594 1293 salutamus,et
1606 1223 1772 1281 nniversam
1783 1227 1886 1282 hater-

171 1297 202 1350 et
219 1295 403 1352 catecumeni
424 1295 475 1368 qui
494 1297 608 1354 suntin
634 1301 831 1368 monasteriis,
847 1308 876 1359 et
901 1319 1001 1378 exspe-
1058 1305 1179 1364 nitatem
1195 1325 1259 1380 que
1273 1307 1303 1365 in
1317 1309 1423 1366 vestris
1437 1314 1483 1366 est
1497 1310 1695 1368 monasteriis.

537 1758 600 1860 S·
630 1755 970 1862 EUSEBH
1005 1761 1521 1867 nannenten
1605 1683 1611 1692 ·

746 2011 1031 2077 S'l'lllDONllffSlS
1055 2015 1303 2080 sasserlum

402 2209 823 2360 llllllllllllt
871 2215 1014 2365 lllll
1062 2217 1247 2366 fllllllll
1294 2219 1656 2369 lllllllllll

434 2615 444 2626 .
519 2502 647 2628 DE
693 2501 1098 2634 SPlRl'l'U
1154 2504 1540 2636 sondro

907 2883 1140 2947 llDllfONl'l'lO.

195 3063 343 3136 Didymus
366 3057 592 3125 Alexandrinus,
609 3058 660 3129 qui
675 3055 851 3114 miraculum
866 3059 912 3115 sui
927 3059 1145 3132 prebuit,quod
1161 3063 1264 3133 captus
1278 3078 1294 3118 a
1309 3077 1398 3134 parve
1411 3065 1494 3118 etate
1508 3061 1611 3132 oeulis,
1622 3063 1812 3138 ipsorumque
1822 3063 1880 3122 ele·

158 3157 333 3211 mentorum
349 3146 566 3222 ignarus,omni
580 3150 678 3203 tamen
693 3145 882 3203 scientiarum
897 3147 1111 3222 genere,iieqne
1125 3149 1213 3205 etiem
1230 3165 1293 3221 quoe
1310 3149 1436 3206 maxime
1450 3149 1514 3206 visu
1530 3151 1882 3226 indigent,fueritexpoli·

128 3243 133 3252 '
158 3247 220 3309 tus,
232 3240 312 3296 inter
325 3239 430 3294 caetera
443 3251 500 3308 que
515 3234 625 3308 ingenii
642 3233 687 3291 sui
703 3234 822 3308 reliquit
837 3240 1040 3304 monumenta,
1056 3237 1135 3294 huuc
1164 3237 1197 3295 de
1223 3238 1329 3310 Spiritu
1345 3243 1439 3295 sancto
1460 3238 1568 3296 librum
1583 3240 1728 3314 frequenti
1756 3241 1880 3298 fratrum
1950 3251 1962 3292 ι

161 3326 369 3386 exhortatione
383 3323 555 3396 compulsus
570 3328 615 3380 est
628 3323 767 3395 scribere,
789 3328 822 3381 ut
837 3324 1045 3381 nonnullorum
1062 3331 1226 3383 commenta
1241 3327 1385 3384 refelleret
1400 3329 1478 3384 circo
1492 3329 1635 3401 Spiritum
1656 3332 1802 3397 sanctum,
1818 3346 1882 3403 qnae

161 3433 262 3492 neque
276 3416 308 3471 in
326 3412 487 3486 seripturis
502 3411 587 3481 lecta,
603 3428 698 3485 neque
712 3428 729 3468 a
745 3427 892 3484 quoquam
907 3414 1172 3471 ecclesiastieorum
1187 3421 1318 3472 velerum
1335 3417 1456 3473 fuerant
1470 3418 1886 3492 usurpata.llieronymus,qui

162 3505 284 3579 Didymi
298 3502 494 3562 eruditionem
510 3501 695 3574 cumprimis
709 3505 756 3558 est
770 3501 1040 3576 admiratus,eoque
1055 3505 1196 3577 magistro
1209 3521 1282 3562 usus
1297 3505 1624 3579 Alexandriae,primum
1637 3507 1757 3580 quidem
1775 3506 1881 3584 impel-

160 3595 249 3653 lente
264 3593 385 3650 Damaao
399 3595 532 3648 Romano
547 3591 698 3659 ronriflce,
715 3607 782 3648 curn
797 3591 894 3648 Rome
908 3597 1015 3666 ageret,
1033 3593 1143 3652 Latinis
1158 3594 1242 3650 illum
1257 3595 1355 3651 verbis
1371 3600 1495 3668 coeperat
1509 3595 1663 3668 explicare,
1679 3595 1785 3652 deinde
1801 3600 1881 3655 lero.

162 3684 312 3757 solymam
326 3679 507 3756 postliminio
522 3695 666 3748 reversus,
681 3679 846 3736 Paulinrsni
865 3681 963 3738 fratris
978 3681 1107 3752 hortatu,
1121 3701 1154 3740 ex
1171 3683 1284 3757 integro
1299 3684 1386 3740 vertit
1400 3688 1487 3756 alque
1502 3684 1603 3742 edidit.

197 3770 364 3846 Singularis
379 3785 466 3843 porro
476 3774 522 3828 est
536 3767 620 3837 liber,
636 3769 884 3842 quemadmodum
898 3775 927 3828 et
939 3771 1133 3846 Hieronymus
1162 3773 1224 3846 ipse
1251 3773 1457 3846 quotiescum
1487 3771 1597 3842 laudat,
1625 3778 1658 3829 ut
1684 3771 1715 3828 in
1742 3772 1880 3846 catalogo

160 3879 228 3936 sap.
245 3861 308 3928 109,
323 3863 352 3916 et
363 3857 438 3916 libro
454 3872 476 3914 ιι
489 3856 519 3914 iu
535 3859 674 3914 Rufinum
691 3875 698 3913 :
714 3862 743 3914 et
757 3875 828 3916 mss.
845 3859 960 3917 codices
975 3865 1119 3934 quotquot
1133 3861 1499 3934 inspeximus,testimonio
1516 3867 1596 3918 sunt.
1611 3860 1797 3934 Augustinus
1808 3877 1881 3934 quo-

159 3969 218 4024 que
232 3949 285 4005 lib.
300 3963 321 4006 ιι
335 3948 522 4017 Qooestionum
536 3949 566 4003 io
580 3947 715 4018 Exortum,
732 3963 795 4020 cup.
811 3949 857 4017 25,
873 3948 1057 4023 Nicephorus
1072 3950 1091 4006 l.
1110 3969 1135 4006 ιι
1151 3968 1214 4023 cap.
1232 3952 1275 4020 17,
1292 3955 1320 4007 et
1337 3951 1524 4018 Retramnus,
1547 3950 1597 4024 qui
1623 3950 1881 4026 Hieronymianam

160 4040 239 4096 hanc
259 4039 358 4111 ipsam
373 4036 538 4094 versionem
552 4035 636 4110 legit,
650 4039 746 4094 corrlro
761 4040 873 4094 Grecos
888 4037 938 4093 lib.
956 4056 976 4094 ιι
990 4055 1055 4112 cap.
1071 4040 1098 4107 5,
1116 4041 1236 4095 unicum
1252 4039 1360 4095 librum
1390 4044 1516 4107 vocant;
1534 4055 1587 4096 nec
1608 4039 1665 4096 nisi
1694 4039 1882 4097 incommode
1964 4040 1965 4055 ¹

160 4137 290 4202 περιεργίᾳ
304 4126 415 4182 factum
425 4126 768 4198 est,utcontraauctoris
781 4131 869 4199 atque
884 4125 1052 4200 interpretis
1067 4132 1197 4184 mentem
1214 4127 1250 4184 ad
1268 4127 1341 4183 banc
1357 4143 1450 4199 usque
1466 4127 1543 4184 diem
1574 4127 1610 4182 ab
1640 4127 1802 4185 editoribus
1825 4127 1882 4184 cri·

159 4218 291 4292 picisque
305 4216 336 4273 in
357 4219 417 4272 tres
430 4215 523 4272 libros
536 4214 622 4288 vulgo
634 4213 722 4271 fuerit
737 4215 919 4288 dispertitus.
937 4217 1003 4288 lpse
1018 4217 1105 4273 etism
1120 4215 1264 4272 librorum
1279 4215 1428 4271 distinctio
1440 4215 1560 4270 fortuita
1578 4218 1624 4270 est
1639 4219 1726 4287 etque
1741 4213 1854 4272 inutilis
1871 4231 1878 4280 3

161 4323 233 4364 nam
248 4303 375 4378 exempli
390 4303 495 4377 gratia,
511 4303 615 4360 tertium
629 4301 733 4359 libere
747 4302 846 4360 medie
860 4304 1021 4376 prophetici
1050 4303 1105 4361 loci
1122 4304 1302 4378 expositione
1324 4303 1443 4360 initium
1462 4304 1566 4374 jussus
1579 4306 1624 4360 est
1647 4318 1774 4371 sumere,
1800 4302 1877 4375 quod

159 4395 269 4452 vidum
281 4392 374 4450 estab
396 4390 811 4465 erruditiecripforisingenio
828 4391 1053 4449 alienissimum.
1074 4393 1129 4450 Sed
1142 4393 1243 4449 intres
1256 4393 1376 4464 quidem
1399 4396 1509 4464 perles,
1534 4395 1587 4447 aut
1607 4391 1704 4464 capita
1726 4391 1880 4448 commode

162 4483 259 4556 possit
273 4479 413 4538 distribui
426 4498 433 4550 ;
450 4496 519 4536 nem
534 4479 629 4552 primo
645 4464 787 4552 Spiritum
802 4485 938 4537 sanctum
954 4481 1074 4538 diverse
1090 4483 1127 4538 eb
1142 4481 1255 4556 augelis
1271 4485 1381 4538 nature
1398 4497 1462 4537 esse
1477 4479 1579 4536 multis
1594 4479 1774 4554 argumentis
1789 4496 1822 4536 ac
1836 4483 1878 4536 te·

161 4571 316 4632 rumonus
331 4569 505 4638 constituit,
522 4569 627 4626 deinde
640 4571 704 4643 ejus
719 4585 837 4643 quoque
853 4571 982 4628 nominis
996 4571 1210 4628 invocationem
1226 4571 1256 4628 in
1272 4571 1419 4644 baptismo
1435 4571 1631 4628 necessariam
1646 4569 1759 4642 prohat,
1775 4573 1808 4627 ut
1822 4570 1877 4625 im·

161 4661 295 4738 perfecte
308 4657 448 4732 baptizet,
464 4674 558 4732 neque
572 4659 643 4717 adeo
657 4678 675 4716 e
688 4665 806 4733 peccato
820 4659 933 4728 liberet,
950 4661 999 4734 qui
1016 4659 1165 4717 reticuerit
1181 4659 1286 4718 :lertio
1301 4659 1510 4716 indivisibilem
1526 4674 1591 4716 csse
1608 4655 1704 4726 illum,
1720 4661 1808 4730 etque
1823 4657 1879 4714 im-

159 4747 351 4824 passibilem,
364 4747 443 4804 Petri
458 4763 491 4804 ac
506 4747 578 4804 Filio
593 4755 733 4820 ὁμοούσιον,
749 4753 836 4820 atque
852 4747 916 4805 aliis
931 4747 1034 4805 diriore
1049 4749 1222 4805 substantie
1238 4747 1387 4804 attributis
1402 4748 1557 4821 preeditum
1572 4746 1666 4803 docet.

199 4838 321 4896 Graeous
336 4835 453 4910 Didymi
469 4839 566 4894 textus
579 4835 737 4902 intercidit,
746 4853 879 4920 ‘eumque
895 4836 1018 4894 fortasse
1037 4853 1052 4893 e
1067 4836 1218 4892 doctorum
1235 4837 1372 4900 menibus
1386 4836 1515 4894 excussit
1528 4835 1593 4908 ipse
1608 4831 1773 4906 Hieronymi
1788 4831 1878 4888 iuter-

160 4925 293 4999 prefatio
306 4942 313 4994 ;
330 4924 367 4981 de
381 4925 466 4998 cnjus
481 4929 578 4982 tamen
593 4924 735 5004 fidelitate
750 4942 807 4981 nou
823 4925 895 4982 setis
911 4925 1043 4982 consulte
1056 4925 1193 4982 videntur
1207 4925 1341 4982 nonnulli
1358 4925 1518 4989 detrahere,
1533 4923 1604 4978 dum
1633 4919 1735 4989 multa,
1752 4935 1815 4992 qua
1842 4921 1878 4978 ab

159 5015 363 5072 Alexandrino
377 5017 496 5072 anetore
509 5014 589 5072 haud
604 5016 811 5087 processerint,
823 5020 933 5078 assuto,
950 5014 1100 5087 multaque
1115 5014 1182 5083 elia,
1198 5019 1228 5071 et
1243 5014 1386 5087 precipue
1401 5011 1568 5086 Origeniuni
1584 5009 1741 5083 dogmatis,
1753 5009 1800 5066 oui
1816 5022 1879 5076 erat

158 5103 304 5160 addictus
319 5104 428 5159 menda
442 5107 575 5176 purgata,
593 5103 630 5159 ab
644 5105 801 5176 interprete
816 5103 1090 5160 comminiscuntur.
1106 5104 1245 5177 Exiguam
1261 5103 1492 5160 asperationem
1522 5116 1587 5156 esse
1601 5098 1685 5155 velim
1709 5099 1783 5170 ejus,
1799 5097 1877 5170 quod

157 5197 266 5249 umen
294 5191 476 5265 precipuum
505 5194 558 5260 est,
576 5193 743 5266 argumenti
773 5201 961 5265 exepoocetoo,
977 5191 1361 5264 eteoopoooetoovocibusa
1388 5190 1507 5261 quibus,
1524 5187 1689 5245 Adamantii
1719 5191 1877 5244 sectatores

160 5279 296 5338 multum
309 5279 490 5336 contendunt
504 5279 703 5337 abhorruisse.
719 5279 792 5336 Nam
809 5297 903 5354 neque
917 5281 959 5336 ita
973 5280 1098 5354 singulis
1114 5280 1297 5353 Origrnisnae
1309 5278 1460 5335 sententie
1476 5278 1621 5351 capitibus
1636 5277 1777 5351 Didymus
1792 5274 1878 5332 fuerit

157 5367 327 5428 obstrictus
337 5374 369 5423 ut
383 5366 456 5424 nihil
468 5367 554 5425 licere
570 5368 626 5424 sibi
642 5368 799 5441 putaverit,
817 5384 910 5440 neryue
925 5369 950 5424 si
969 5369 1042 5424 nihil
1059 5374 1197 5442 pretereo
1212 5385 1304 5424 ausus
1319 5373 1373 5436 est,
1405 5369 1522 5440 quando
1550 5368 1615 5439 ejus
1629 5369 1759 5423 Graecum
1784 5380 1875 5421 exem.

160 5457 231 5532 plar
264 5455 459 5527 desideratur,
471 5458 588 5531 probari
604 5455 664 5515 ullo
680 5457 883 5531 modopcssit.
898 5459 1083 5530 ceteraque
1099 5458 1204 5514 ineam
1220 5473 1280 5515 rem
1308 5457 1496 5514 adducuntur
1508 5456 1594 5531 longe
1608 5459 1678 5513 sunt
1704 5453 1879 5511 infirmiora·

326 5581 462 5650 Parnon.
484 5583 597 5651 xxlll.
886 5587 888 5594 “
1698 5581 1718 5640 ⁴
