4064 6158
154 221 216 288 lile
780 209 812 282 S.
824 271 825 274 η
836 215 992 284 hussen
1014 204 1236 280 flleeoultrel
1801 203 1861 269 itt

153 355 223 416 'lale
238 353 310 411 illud
322 348 411 410 etiem
426 356 479 421 est,
495 353 573 424 quod
584 349 731 410 Victorius
745 352 886 419 confutat,
901 365 1006 424 nempe
1020 351 1050 406 S.
1066 349 1275 422 Hieronymum
1291 351 1412 420 putasse
1427 339 1624 403 necessariam
1640 357 1705 398 cese
1718 339 1750 396 in
1764 351 1860 397 secer·
1905 339 1907 342 '

150 443 272 500 dotibus
288 444 396 498 rectem
411 441 511 509 vitem,
529 439 617 498 utvel
633 439 795 508 absolvant,
815 439 860 496 vel
888 438 1098 496 eucharistiam
1121 437 1286 494 conticiant.
1311 437 1419 494 Contra
1445 433 1524 492 enim
1550 447 1634 489 num.
1659 428 1820 503 presertim
1843 428 1862 484 5

148 529 317 588 luculenter
330 528 490 599 constituit,
507 533 539 585 ut
552 529 576 586 si
593 528 662 586 alibi
677 527 857 586 contrarium
869 528 1001 585 videmur
1015 543 1156 596 asserere,
1172 526 1236 583 ideo
1252 525 1350 595 iaciat,
1376 541 1413 582 ne
1438 525 1508 581 dum
1538 521 1576 579 de
1600 518 1664 578 sola
1687 518 1743 576 eibi
1763 533 1862 575 saeer-

152 619 236 677 dctee
251 621 394 693 potestate
408 617 628 688 oblandiuntur,
644 623 751 676 rectam
764 617 877 674 vivendi
889 617 1027 674 deserant
1040 631 1187 684 normam,
1206 621 1234 672 et
1248 614 1326 688 quod
1351 616 1494 688 potestate
1510 612 1703 677 construunt,
1725 603 1862 680 exemplo

151 706 319 852 dessterffi
335 812 392 868 quo
408 811 483 867 opus
497 793 575 851 istud
589 794 770 852 elucubrarit
783 811 841 851 non
858 795 931 852 setis
959 792 1094 851 convenit
1117 792 1193 848 inter
1216 790 1357 846 eruditos.
1383 787 1459 845 lllad
1485 802 1591 860 nempe
1613 784 1728 858 aliquos
1753 785 1860 850 movet,

151 882 229 955 quod
243 883 273 938 in
290 883 430 940 Chronico
446 881 611 940 luciferum
627 881 721 940 multe
734 899 800 940 cum
812 882 899 940 leude
913 886 1064 950 memoret,
1081 896 1176 953 neque
1191 879 1229 936 sit
1248 895 1315 935 vero
1339 875 1437 935 simile
1462 877 1527 949 ey'us
1551 873 1695 932 celebrari
1718 875 1856 930 conamu-

149 971 223 1028 tiam
238 971 383 1042 aolidem,
400 972 484 1043 cnjus
499 971 686 1043 sententiam,
701 971 761 1028 imo
775 987 902 1028 errorem
918 970 994 1028 adito
1010 969 1084 1027 libro
1098 969 1264 1042 impugnat,
1285 967 1342 1024 nisi
1369 967 1394 1023 si
1409 965 1483 1023 liber
1498 965 1566 1035 iate,
1581 965 1612 1020 in
1641 979 1699 1036 quo
1715 960 1792 1018 mals
1807 976 1860 1017 au·

151 1059 205 1126 dit,
221 1059 271 1116 illo
286 1060 315 1116 in
329 1076 387 1132 quo
403 1061 486 1128 hene,
503 1059 648 1132 posterior
662 1059 710 1116 eit.
726 1060 920 1125 Quamobrem
936 1076 1004 1116 cum
1019 1075 1096 1116 anno
1120 1059 1171 1115 380
1200 1055 1363 1114 Chronicon
1392 1053 1484 1112 inisse
1506 1051 1706 1126 conscriptum
1732 1051 1858 1118 constet,

152 1147 395 1221 Dialogumlrunc
409 1152 555 1221 postaam
570 1148 710 1222 temporis
726 1150 904 1206 notationem
919 1147 1029 1205 diiierri
1044 1146 1155 1205 volunt.
1171 1146 1224 1204 Sed
1255 1144 1408 1206 sibilasse
1436 1142 1608 1214 hujusmodi
1645 1142 1855 1214 argumentum

151 1236 260 1305 videus,
276 1237 301 1292 ei
317 1235 367 1293 ills
382 1237 446 1309 ipsa
461 1240 537 1294 recte
565 1235 735 1309 expenderis
749 1237 929 1308 testimonia,
944 1242 973 1294 et
988 1236 1080 1293 multa
1096 1253 1160 1293 esee
1170 1235 1256 1303 scias,
1273 1250 1337 1306 qne
1353 1233 1382 1290 in
1399 1232 1532 1289 Luciiero
1549 1231 1743 1302 llieronymus
1759 1226 1857 1301 suspi-

150 1324 264 1386 ciebat:
281 1341 334 1381 nec
350 1324 466 1398 proprie
480 1326 578 1399 ipsum
594 1326 775 1399 episcopum,
792 1327 842 1383 sed
858 1328 923 1399 ejus
937 1325 1075 1393 asseclas,
1091 1325 1142 1398 qui
1158 1324 1222 1397 ejus
1238 1323 1356 1380 nomina
1376 1323 1412 1378 ed
1431 1321 1539 1378 erroris
1563 1317 1760 1392 patrocinium
1784 1316 1858 1372 abu·

155 1412 303 1481 tabentur,
318 1413 495 1488 impugnari.
513 1415 586 1473 Nem
611 1423 639 1472 et
653 1415 708 1472 hoo
722 1415 786 1489 ipso
802 1415 832 1472 tn
846 1414 921 1472 libro
936 1414 1010 1472 hene
1025 1415 1107 1471 audit
1121 1414 1246 1484 Lucifer,
1264 1415 1297 1468 ut
1311 1410 1370 1468 illis
1384 1411 1491 1479 verbis,
1508 1409 1593 1482 Cogor
1613 1408 1645 1465 de
1673 1406 1747 1465 beato
1774 1405 1857 1461 tuci·

149 1501 207 1572 iero
220 1517 296 1558 mars
324 1504 484 1575 quidquam,
500 1520 583 1576 quam
609 1513 635 1560 et
650 1506 729 1562 illiue
743 1506 884 1571 meritum,
904 1508 932 1560 et
956 1520 1017 1560 meo
1032 1503 1189 1560 temeritas
1212 1503 1308 1576 poscat,
1338 1501 1507 1556 enutimore.
1538 1497 1676 1554 exseris
1704 1499 1803 1552 autem
1829 1496 1860 1551 et

150 1589 224 1658 loca,
241 1606 299 1663 quo
314 1592 344 1648 in
359 1591 495 1666 Gatelogo
505 1594 540 1650 ab
554 1593 619 1666 ipso
631 1593 804 1667 Hieronymo
816 1597 952 1650 censetur
965 1591 1013 1649 hic
1028 1590 1111 1658 liber,
1127 1595 1156 1647 et
1170 1589 1311 1646 Chronico
1325 1587 1457 1660 proxime
1472 1585 1635 1660 precedere
1658 1600 1726 1641 cum
1750 1581 1855 1655 liquet,

150 1677 210 1734 sive
224 1695 336 1737 annum
350 1681 404 1737 380
417 1686 606 1749 antevertere,
621 1687 650 1740 et
664 1681 770 1740 relicte
786 1681 954 1739 solitudinis
970 1680 1121 1754 epocham,
1138 1679 1198 1736 sive
1220 1695 1288 1734 ann.
1311 1677 1375 1745 379,
1396 1679 1429 1733 ut
1452 1675 1481 1730 ia
1500 1672 1714 1747 chronologicis
1741 1671 1857 1744 Episto-

149 1771 247 1824 taram
260 1769 443 1842 manentis
457 1773 588 1826 notatum
604 1773 659 1836 eet,
675 1785 823 1843 superare.
840 1768 936 1826 Facile
950 1768 1040 1842 igitur
1054 1768 1118 1842 ipso
1131 1784 1207 1824 enno
1222 1767 1285 1835 379,
1310 1782 1368 1840 quo
1395 1782 1410 1822 e
1434 1762 1581 1822 Chalcidis
1604 1778 1702 1820 eremo
1727 1760 1855 1834 sagione,

148 1854 308 1914 Antiochia
324 1857 466 1928 substitit,
482 1857 590 1916 librum
607 1859 745 1926 exaravit,
761 1875 829 1914 nam
846 1857 1045 1914 etdntioohiae
1067 1855 1269 1914 Luciierianus
1298 1852 1584 1927 atqueOrthodoxus
1612 1849 1743 1907 altercati
1772 1849 1853 1917 sunt,

148 1945 177 2000 et
191 1944 272 2018 proxi
284 1960 322 2001 ne
338 1946 373 2002 ab
389 1945 440 2002 illa
455 1945 644 2005 altercatione
654 1947 781 2004 scribere
796 1963 827 2004 ee
840 1946 1035 2020 Hieronymus
1050 1945 1211 2019 profitetur.

513 2223 574 2323 S.
604 2221 941 2325 EUSEBH
976 2219 1491 2326 utmorem

748 2419 1005 2477 STRIDONENSIS
1029 2417 1254 2475 Peneellreel

257 2547 703 2692 biliosus
750 2558 1075 2692 CONTRA
1122 2554 1744 2695 LUClFiiRiANOS.

187 2881 258 2936 m
278 2885 305 2936 l.
319 2880 455 2936 Proxime
479 2881 585 2936 eccidit
612 2882 633 2948 ¹,
660 2885 693 2938 ut
716 2883 769 2952 (At.
790 2882 880 2954 quod)
906 2881 970 2954 qai·
986 2881 1066 2950 Alte
1091 2881 1205 2938 cunctis
1231 2882 1438 2948 residentibus,
1455 2882 1614 2938 liemamae
1633 2881 1850 2938 Luceremasss

151 2969 218 3024 dam
235 2968 359 3024 Luciferi
372 2971 507 3036 sectator,
523 2985 590 3025 cum
606 2969 663 3026 alio
692 2969 825 3026 Ecclesiae
851 2968 971 3026 alumno
1031 2970 1123 3026 dixit:
1140 2970 1199 3027 lloc
1216 2972 1344 3043 primum
1359 2971 1434 3028 mihi
1463 2970 1633 3043 responderi
1660 2968 1852 3036 volo‚utrum

149 3057 248 3114 odiosa
258 3056 433 3130 loquacitate
447 3058 637 3126 contendens,
656 3057 790 3116 caninam
804 3057 971 3116 iacuudiam
1027 3059 1126 3116 Ariani
1141 3058 1297 3116 Christiani
1313 3059 1383 3129 sint,
1399 3077 1436 3116 en
1448 3077 1507 3116 non
1520 3059 1535 3115 i
1549 3058 1744 3116 Onrsouoxus
1756 3057 1777 3112 ⁵.
1790 3057 1852 3129 Ego

149 3147 310 3203 exercuerit
321 3147 399 3220 (mes.
413 3145 564 3220 exercuit).
589 3148 745 3206 asserebat
768 3147 878 3221 quippe
906 3147 970 3202 uni·
1026 3146 1103 3220 plus,
1121 3147 1226 3220 inquit,
1249 3149 1407 3222 interrogo,
1432 3153 1570 3206 utrumne
1593 3161 1696 3204 omnes
1720 3144 1849 3202 heretici

148 3251 266 3292 versum
280 3235 425 3292 mundum
440 3252 504 3292 esee
520 3235 639 3302 diaboli,
655 3240 684 3292 et
699 3241 731 3292 ut
741 3236 805 3307 Jam
828 3235 971 3292 familiare
1026 3236 1183 3293 Christiani
1199 3237 1260 3293 sint
1272 3236 1287 3292 ‘l
1301 3239 1332 3293 t.
1348 3238 1430 3306 (linit,
1456 3238 1548 3303 Quem
1573 3235 1742 3293 hereticum
1766 3233 1852 3291 dine·

149 3327 194 3380 est
208 3323 251 3380 eie
264 3323 372 3393 dicere,
387 3324 496 3380 iactum
513 3325 548 3380 de
570 3323 699 3382 Ecclesia
722 3323 855 3399 lupanar.
871 3326 908 3380 At
922 3323 971 3382 ille
1027 3323 1082 3395 ris,
1111 3323 1310 3382 Christianum
1340 3325 1465 3399 negasti.
1483 3325 1514 3382 0.
1530 3323 1612 3392 dixit,
1641 3324 1752 3381 Omnes
1780 3337 1852 3397 ergo

39 3403 42 3412 ⁴
147 3413 330 3481 econtrario,
348 3412 560 3470 rationabiliter
575 3413 705 3485 quidem,
731 3415 780 3470 sed
804 3415 971 3486 importuno
1024 3413 1151 3471 haretici
1165 3414 1321 3471 christiani
1339 3431 1396 3472 non
1412 3420 1483 3473 eunt
1497 3415 1511 3471 ‘l
1526 3416 1557 3472 t.
1574 3413 1784 3487 iamsuperius
1795 3429 1851 3470 au-

149 3500 254 3558 stlooo
278 3505 307 3558 at
330 3506 470 3575 tempore,
499 3502 681 3572 defendebat,
710 3519 767 3558 non
796 3502 859 3560 aine
882 3519 971 3559 cauea
1025 3501 1105 3558 disti.
1123 3502 1153 3559 c.
1177 3505 1203 3559 si
1233 3503 1341 3560 Christi
1368 3521 1426 3561 non
1455 3508 1535 3577 sunt,
1564 3501 1673 3561 diaboli
1702 3505 1784 3560 sunt.
1815 3503 1847 3558 t.

149 3589 298 3646 Christum
315 3594 464 3647 mortuum
482 3590 582 3656 tuisse,
598 3605 651 3646 nec
666 3591 702 3648 ob
721 3591 878 3646 Sardorum
903 3596 969 3647 tan·
1024 3589 1115 3646 Nemo
1130 3591 1254 3648 dubitat.
1269 3594 1298 3650 o.
1312 3593 1339 3648 Si
1355 3595 1453 3650 eutem
1470 3590 1577 3650 diaboli
1597 3595 1677 3659 sunt,
1699 3591 1777 3649 m
1801 3591 1849 3647 ni-

147 3683 211 3735 lum
233 3680 504 3736 mastrucumillci
535 3678 639 3736 Filium
668 3679 864 3738 descendisse.
895 3679 969 3746 Quid
1024 3678 1064 3734 bil
1082 3680 1167 3736 relert
1179 3680 1304 3738 haretici
1321 3681 1391 3750 sint,
1408 3698 1445 3738 an
1460 3680 1593 3754 gentiles.
1610 3671 1639 3736 t'.
1655 3680 1718 3736 Non
1734 3677 1846 3737 retello.

149 3766 234 3840 plura
248 3767 262 3824 i
275 3769 344 3825 dum
361 3768 541 3825 audientiam
554 3772 583 3824 et
597 3768 740 3825 circulum
756 3767 870 3825 lumina
884 3770 969 3841 ‘jam
1024 3767 1054 3824 0.
1071 3768 1163 3840 Igitur
1176 3769 1266 3825 fixum
1282 3770 1359 3826 inter
1381 3787 1434 3828 nos
1462 3767 1616 3838 hahemus,
1645 3770 1682 3826 de
1709 3766 1846 3826 heretico

148 3857 177 3912 in
193 3855 298 3930 plateis
315 3873 436 3914 accense
452 3857 606 3924 solverent,
621 3862 650 3913 ct
665 3857 843 3913 inconditum
868 3857 969 3932 dispu·
1023 3857 1066 3912 sic
1081 3854 1273 3930 loquendum,
1290 3858 1367 3915 sicut
1382 3859 1418 3916 ds
1430 3858 1543 3932 gentili.
1559 3860 1589 3916 l..
1603 3858 1692 3916 Plane
1706 3857 1843 3916 daumii.

147 3945 287 4003 tationem
304 3963 360 4004 nox
371 3945 607 4020 interrumperet,
631 3951 774 4020 consputa
799 3963 871 4020 pene
897 3947 969 4004 invi·
1024 3945 1123 4010 Quare
1139 3951 1261 4004 nuncut
1275 3946 1356 4015 libet,
1377 3946 1516 4020 quoniam
1543 3947 1619 4004 inter
1644 3964 1698 4004 nos
1720 3949 1848 4018 constat,

148 4049 210 4091 cem
223 4035 304 4104 iecie,
321 4039 515 4092 recesserunt.
528 4034 693 4092 Hootemen
705 4035 751 4091 hia
763 4036 813 4108 qui
825 4037 970 4094 alluerant
1024 4033 1174 4092 hereticos
1189 4035 1314 4109 gentiles
1326 4052 1400 4094 esse.
1417 4037 1448 4092 t.
1465 4037 1546 4104 Quod
1568 4035 1757 4111 interrogatio
1781 4051 1851 4092 mea

147 4123 354 4191 statuentibus,
372 4128 404 4180 ut
420 4123 451 4180 in
466 4129 606 4182 secretam
619 4123 765 4198 porticum
777 4124 872 4198 primo
885 4141 970 4182 mene
1023 4137 1126 4196 cogere
1139 4122 1255 4182 volebat
1268 4140 1440 4198 expressum
1458 4129 1512 4195 est,
1526 4125 1679 4183 hereticos
1704 4123 1848 4181 Christia-

146 4213 367 4270 conveniretur:
385 4211 970 4286 quocumjuataplacitumomnescon·
1023 4227 1239 4270 nosnonesse.
1269 4217 1353 4270 Nunc
1381 4217 1470 4271 restat
1498 4213 1659 4272 conclusio.
1689 4214 1719 4270 Si
1747 4211 1852 4269 Ariani

146 4299 305 4370 venissent,
317 4301 413 4358 visum
429 4307 474 4359 est
489 4301 642 4375 utriusque
658 4318 823 4359 sermonem
848 4320 866 4359 a
888 4307 970 4360 nota·
1025 4298 1153 4357 heretici
1169 4306 1251 4370 sant,
1262 4305 1291 4359 et
1305 4301 1554 4360 hereticiomnes
1567 4303 1692 4379 gentiles
1715 4305 1794 4372 sunt,
1821 4305 1854 4359 et

148 4388 200 4444 riis
215 4388 318 4461 excipi.
1025 4389 1125 4446 Ariani
1138 4389 1263 4463 gentiles
1277 4395 1355 4447 sunt.
1368 4391 1398 4448 Si
1414 4396 1514 4450 autem
1530 4391 1631 4449 Ariani
1644 4390 1769 4468 gentiles
1779 4395 1854 4448 eunt

185 4480 209 4530 t.
226 4477 265 4531 De
279 4475 404 4533 haeretico
420 4477 584 4550 loquendam
598 4480 629 4532 ut
641 4477 676 4533 dc
689 4477 798 4548 pertiti.
814 4509 848 4518 -
876 4482 971 4552 Atque
1025 4482 1053 4535 et
1067 4482 1182 4535 constat
1200 4477 1314 4536 nullam
1341 4479 1510 4538 societatem
1535 4479 1669 4538 Ecclesia
1692 4497 1757 4538 esse
1781 4495 1853 4536 cum

184 4635 192 4669 ¹
209 4634 280 4692 lidd.
302 4633 436 4716 Martiun.
457 4639 486 4691 et
508 4634 631 4692 Vellere.
661 4634 788 4692 habent:
804 4639 906 4711 Incipit
924 4641 970 4695 At·
1078 4637 1192 4696 Solvere
1206 4639 1361 4697 liastruois
1376 4657 1519 4714 pmceres,
1534 4641 1641 4698 vestire
1655 4641 1793 4714 l'ogatos.

148 4709 263 4792 terentio
284 4706 457 4777 toerieriani
484 4714 509 4762 et
532 4707 689 4774 orthodoxi,
719 4709 779 4764 aS.
808 4709 972 4783 Hieronymo
1060 4710 1200 4782 Apposlte
1223 4725 1290 4768 vero
1319 4712 1349 4768 in
1376 4713 1480 4786 primis
1508 4711 1707 4778 Quintilianus
1734 4710 1785 4795 lib.
1816 4727 1851 4779 u,

147 4777 971 4935 titt·inmittite‘emittentium
1025 4781 1702 4935 elai...tumuerinttuithtlt
1721 4781 1853 4910 littei

149 4921 236 4992 bytom
301 4921 638 5004 cersuelucesartonoe:
665 4921 769 5004 deinde
797 4923 875 4980 hunc
904 4941 972 4981 con·
1026 4923 1238 4996 snopehotitus,
1254 4927 1430 4999 ethoatrayo
1454 4925 1612 4983 Sardorum.
1640 4959 1675 4968 -
1702 4929 1848 4982 3153.οο-

147 4995 279 5048 textum:
298 5013 312 5044 «ι
330 4993 460 5052 Proxime
480 4997 604 5050 accessit
631 4993 828 5052 inciterianus
853 4994 972 5052 heresis
1026 4994 1106 5051 dices
1122 4993 1224 5070 legunt
1238 4997 1414 5067 ltostrupam.
1432 4997 1499 5054 Erat
1515 5003 1665 5056 mastruca
1687 4997 1852 5054 vestimen-

148 5066 284 5143 eectetm,
301 5079 368 5120 cum
384 5064 482 5139 aliquo
501 5063 636 5121 Ecclesia
663 5064 781 5122 alumno
805 5065 907 5124 odiosa
929 5066 971 5123 lo·
1026 5069 1091 5122 tum
1103 5083 1140 5150 ex
1154 5067 1290 5139 pellibus,
1305 5069 1365 5125 eive
1380 5067 1473 5126 lerina
1486 5070 1576 5127 vestie
1591 5069 1667 5126 male
1681 5069 1772 5135 olens,
1789 5083 1854 5140 qua

149 5135 566 5290 ᾳῃῗοὲὶίἳιξιοίἓὲὲἓξιῖῃεὲέᾌὲξιῗ
584 5136 726 5264 biiiiriirie
755 5210 863 5292 occidit,
902 5207 973 5282 pacat
1027 5137 1619 5292 SR§miiiuniet[iiiiiiii)iiiiaiiiiii?oecdrerrtium
1641 5212 1777 5268 circulum
1803 5213 1856 5266 iu·

147 5273 391 5348 puedamtuctsera
405 5282 523 5333 sedator
535 5293 599 5335 cam
618 5281 674 5336 otro
691 5279 819 5337 Ecclesiae
844 5277 971 5349 ciccano,
1026 5297 1113 5346 mana,
1131 5284 1187 5338 etc.

147 5349 202 5402 etc.
217 5345 363 5404 Menneu.
454 5418 460 5431 .
1062 5351 1177 5408 'Vetus
1199 5351 1288 5410 editio
1308 5351 1518 5430 ilieronymum
1543 5355 1642 5430 ipsum
1669 5353 1725 5412 sub
1743 5351 1856 5410 Ortho-

182 5417 194 5452 ⁸
220 5417 358 5476 Notatum
396 5419 496 5476 Lexicc
518 5420 620 5494 cephis
655 5437 772 5479 nomen.
802 5419 973 5480 Theodorus
1027 5423 1093 5480 doni
1109 5438 1235 5495 persona
1248 5422 1418 5497 loquentem
1442 5427 1565 5486 inducit.
1585 5425 1757 5486 oritanae
1781 5425 1856 5484 Hic-

147 5487 282 5552 taenea
296 5492 375 5554 vata
393 5491 481 5552 Sardo
498 5435 555 5568 isti.
585 5491 744 5570 uestrae).
773 5493 971 5562 Prudentius:
1027 5497 1313 5578 connumeratio.
