4064 6158
225 251 283 343 ise
847 285 880 346 s.
902 280 1057 347 hasnon
1080 281 1300 347 alanorum
1840 275 1890 348 ees

225 411 423 470 habebuntur.
439 411 549 470 Paulus
563 417 592 470 et
606 414 657 486 qui
679 431 747 471 eum
771 415 935 486 vinxerant,
962 415 1046 473 simei
1062 420 1088 485 Α
1104 433 1150 486 aa,
1168 421 1197 474 et
1209 416 1306 474 omnis
1316 419 1462 473 astrorum
1473 415 1621 486 chorus,et
1634 414 1771 489 pluviosi
1779 417 1893 474 muudus

225 501 375 576 navigant,
408 501 497 558 simul
527 501 674 560 sustinent
716 509 930 578 tempestatem,
960 503 1047 561 simul
1102 505 1355 578 aequaliternobis
1379 509 1510 571 currunt,
1535 507 1563 560 et
1585 503 1685 560 iisdem
1707 505 1895 576 omnesjaxte

225 591 605 664 neviiluctibuedissipete
629 593 658 648 in
687 594 764 651 864
792 595 877 650 littus
907 595 1046 661 evadunt,
1102 594 1290 666 Euangelium
1306 593 1451 649 imbribus
1464 593 1631 664 irrigemur,
1643 592 1709 649 boni
1722 595 1749 648 et
1761 591 1898 664 melip'usti

225 680 336 753 Negare
361 696 419 736 non
448 683 541 752 potes,
572 680 643 753 quin
670 681 746 738 inter
769 683 900 738 vinctum
928 687 956 739 et
985 683 1047 738 vin·
1103 687 1131 738 et
1146 684 1260 754 injusti.
1276 683 1305 738 Si
1321 681 1475 756 praesentia
1498 681 1629 753 exempla
1652 685 1718 736 suat
1740 680 1899 748 futurorum,

226 768 335 825 cientes
351 767 534 825 diversesint
544 770 696 825 maritalit
711 773 857 842 quomodo
868 788 960 826 unum
975 778 1049 843 Apo·
1103 788 1172 844 ergo
1187 772 1266 828 etsol
1273 772 1396 843 justitia
1405 771 1555 843 equaliter
1564 770 1654 842 iustis
1670 769 1901 842 etpeccatoribas,

227 855 294 914 stoli
309 856 497 930 militumque
511 857 737 930 naufragium?
753 860 850 916 Refert
864 865 964 932 postea
974 861 1047 916 Pau·
1103 861 1202 934 impiis
1216 867 1245 917 et
1259 861 1380 930 sanctie,
1396 860 1571 917 Christianis
1584 864 1614 916 et
1626 860 1732 916 iudeis
1746 865 1827 932 atque
1840 875 1901 933 gea·

226 945 274 1002 lus
288 945 439 1019 apostolus
454 945 671 1014 revelationem,
687 952 715 1003 et
729 962 779 1004 eos
794 949 845 1020 qui
861 949 890 1003 in
906 948 971 1004 nevi
984 947 1048 1004 iue-
1103 949 1204 1006 lilibus
1226 951 1345 1018 orietur,
1370 965 1437 1004 cum
1464 947 1615 1022 Scriptura
1639 948 1715 1004 dieat
1730 965 1736 1003 :
1753 948 1902 1004 Timentibus

227 1033 478 1092 reotdicitsibie
502 1034 626 1091 Domino
654 1051 719 1092 esse
748 1037 880 1093 donatos.
910 1037 1048 1110 Nunquid
1102 1049 1195 1096 eutem
1208 1042 1355 1095 homiuum
1370 1040 1477 1093 orietur
1489 1039 1529 1093 soi
1538 1037 1656 1109 justitie
1682 1037 1842 1109 (Malachae,
1869 1036 1901 1106 2).

228 1124 493 1193 is,cuidonentur,
519 1127 547 1179 et
575 1125 624 1196 qui
653 1125 812 1192 donentur,
838 1127 926 1182 unius
952 1126 1048 1184 meriti
1104 1125 1903 1198 Sitimentihusorietur,ergocomtemptoribusetpseu-

228 1211 326 1270 sunt‘t
342 1213 444 1268 Decem
460 1212 553 1268 saneti
576 1214 768 1285 peccatricem
796 1220 922 1287 possunt
948 1233 1049 1272 eruere
1104 1217 1292 1291 doprophetis
1306 1216 1428 1273 occidet.
1446 1215 1519 1271 Ores
1533 1217 1544 1249 ³
1560 1232 1623 1287 quae
1649 1219 1727 1271 stent
1754 1232 1771 1270 a
1798 1213 1903 1282 dextris,

229 1300 447 1358 civitatem.Lot
457 1316 524 1356 cum
536 1299 653 1357 filiabus
667 1307 783 1376 ereptus
795 1309 839 1361 est
853 1306 889 1361 de
899 1305 1047 1362 incendio:
1104 1305 1139 1362 ed
1155 1321 1244 1378 regna
1258 1305 1396 1361 caelorum
1411 1304 1647 1372 introducuntur,
1659 1302 1729 1360 hirci
1741 1303 1905 1359 intentarem

228 1388 343 1447 liberati
358 1393 457 1446 essent
471 1393 500 1446 et
514 1390 624 1464 generi,
653 1392 678 1447 si
707 1391 784 1449 exire
813 1391 986 1450 voluissent.
1017 1397 1050 1452 Et
1104 1394 1311 1450 detruduntur.
1328 1392 1541 1449 Parabaleiste
1558 1391 1907 1449 nonoviumiaterseme

228 1483 305 1536 certe
315 1478 409 1534 multe
419 1477 784 1537 differentieestinterhot
797 1485 826 1537 et
836 1498 958 1554 generos
973 1485 1047 1557 ejus.
1104 1483 1170 1551 rite,
1186 1487 1214 1540 et
1227 1499 1242 1538 e
1257 1483 1402 1538 contrario
1425 1482 1566 1538 describit
1592 1481 1739 1538 hircorum
1754 1481 1820 1550 3sed
1841 1480 1908 1536 inter

228 1569 380 1626 biberetur
394 1568 484 1641 Segor
500 1585 559 1624 une
583 1569 653 1624 urbs
681 1570 717 1626 de
741 1570 902 1643 Pentapoli,
930 1576 959 1628 et
985 1590 1049 1646 que
1104 1575 1206 1630 oreset
1220 1571 1318 1628 hircos
1333 1575 1449 1626 tantum
1465 1571 1638 1627 distantiam
1655 1567 1906 1641 multiloquacem

227 1657 360 1731 ejusdem
375 1657 893 1730 meritieret,etqueuaisententiae
916 1662 1048 1732 subjece-
1104 1660 1288 1718 inomnihus
1313 1658 1384 1716 locis
1415 1660 1558 1716 docentur
1580 1659 1691 1728 omnia,
1715 1659 1764 1716 sed
1786 1674 1910 1736 uaeque-

228 1749 288 1814 bat,
304 1746 350 1803 oui
362 1747 489 1803 Sodoma
503 1749 532 1802 et
546 1746 718 1814 Gomorrha,
734 1748 857 1818 edema,
877 1754 905 1805 et
920 1751 1049 1821 Seboim,
1106 1767 1161 1822 que
1173 1748 1339 1806 similitudo
1354 1749 1390 1804 ed
1403 1748 1432 1804 id
1449 1748 1573 1804 retertur
1587 1749 1674 1820 cujus
1694 1746 1849 1803 similitudo
1861 1749 1908 1802 eet.

228 1834 322 1892 sancti
339 1833 474 1907 precibus
489 1834 898 1894 custodibandccediversum
912 1839 1050 1896 meritum
1104 1839 1187 1894 Siout
1198 1841 1227 1894 et
1241 1839 1341 1893 decem
1357 1836 1485 1910 virgines
1500 1837 1553 1909 (Al.
1569 1835 1729 1910 virginum)
1753 1851 1808 1891 noa
1830 1833 1909 1891 totius

228 1925 259 1980 in
276 1923 597 1995 LotetSegor,temen
621 1925 657 1979 de
686 1924 822 1982 incendio
851 1927 960 1999 pariter
987 1945 1051 1984 eun·
1105 1928 1221 2000 generis
1236 1926 1426 1993 humaoi‚sed
1437 1924 1672 1982 sollicitorumet
1684 1925 1828 1998 pigrorum
1839 1938 1909 1980 exem

228 2015 313 2069 dunt.
330 2009 566 2084 Letrunculiqui
595 2015 715 2070 absente
743 2015 834 2071 David
863 2021 1051 2074 vastaverant
1105 2016 1154 2090 ple
1168 2019 1404 2087 eunt:quorum
1421 2013 1505 2070 alteri
1521 2031 1639 2087 semper
1667 2013 1780 2070 Domini
1807 2015 1911 2086 presto·

228 2100 348 2174 Siceleg,
362 2106 391 2156 et
405 2117 509 2158 uxores
524 2117 625 2158 eorum
641 2108 669 2159 et
683 2102 791 2160 liberos
806 2104 836 2160 in
855 2107 984 2178 predam
1000 2108 1051 2163 du·
1104 2105 1204 2161 lentur
1218 2105 1375 2160 adventura
1392 2103 1475 2159 elteri
1490 2119 1592 2160 somno
1604 2107 1631 2161 et
1641 2104 1789 2160 inertiase
1810 2103 1911 2170 deame,

228 2195 340 2260 xerunt,
356 2189 404 2246 die
419 2191 506 2248 tertie
520 2191 672 2248 ceduntur
686 2192 716 2249 in
732 2209 845 2266 compo,
867 2205 892 2250 et
909 2197 1051 2268 quadrin-
1106 2195 1238 2250 luterum
1250 2192 1397 2264 judicium
1414 2209 1471 2248 oon
1487 2193 1724 2265 patent.Undeet
1735 2193 1763 2250 iu
1774 2192 1826 2247 fine
1838 2207 1911 2263 pere·

228 2280 308 2355 genti
322 2280 457 2337 homines
473 2281 603 2338 ascensis
618 2281 738 2338 camelis
770 2283 896 2356 lugiunt.
915 2285 966 2341 llic
996 2284 1050 2341 eli-

229 2387 318 2443 quem
335 2371 476 2427 intereos
491 2369 541 2441 qui
556 2370 621 2426 cesi
636 2375 715 2438 sunt,
729 2375 757 2428 et
772 2371 821 2445 qui
837 2371 937 2446 fugere
953 2379 1052 2447 potue·

229 2463 309 2532 runt,
324 2475 390 2516 esse
404 2457 584 2517 distantiam.
603 2460 740 2533 Legimus
755 2461 785 2517 in
816 2462 969 2536 Evangelio
990 2467 1051 2520 tur·

229 2565 290 2604 rem
305 2547 383 2604 Siloa
398 2547 540 2604 cecidisse
555 2564 643 2619 super
665 2549 765 2605 decem
781 2554 810 2605 et
832 2557 895 2605 octo
920 2552 1007 2620 viros,
1025 2556 1054 2609 et

229 2637 352 2692 obrutos
366 2635 516 2692 occidisse.
532 2637 623 2704 Certe,
636 2637 721 2708 juxte
736 2639 910 2694 sententiam
924 2640 1052 2697 Salvato-

192 2788 198 2798 .
229 2723 827 2797 ris,aonsoliluorentpeccetoras;sed
858 2727 888 2782 io
918 2727 1052 2785 formidi-

230 2829 298 2872 nem
313 2813 493 2888 reliquorum
507 2813 602 2887 puniti
617 2818 696 2883 sunt,
714 2818 745 2870 ut
770 2815 922 2888 pestilente
952 2817 1053 2891 liegel·

1105 2281 1178 2338 bote
1192 2282 1510 2353 dicimatipitanpeia
1521 2283 1632 2338 nescitis
1641 2281 1717 2337 diem
1730 2297 1813 2355 neque
1825 2281 1913 2336 boram

1106 2369 1211 2444 (battle.
1228 2387 1293 2435 xxv,
1314 2371 1364 2439 lt).
1381 2369 1454 2425 siin
1469 2369 1579 2426 diluvio
1594 2369 1763 2427 ‘liberatus
1784 2373 1824 2426 est
1846 2369 1910 2436 Noe,

1106 2465 1134 2516 ct
1148 2461 1245 2516 omnis
1256 2459 1337 2516 orbis
1351 2459 1462 2515 interiit
1478 2477 1485 2514 :
1501 2475 1604 2516 omnes
1618 2475 1689 2516 cero
1704 2463 1794 2528 erant,
1810 2461 1837 2514 et
1855 2472 1914 2529 pro·

1106 2545 1913 2622 ptcroeperiarunt.rlutnonejusdemmeritidieesfilios

1106 2637 1176 2704 Noe,
1192 2643 1222 2693 et
1236 2637 1296 2692 Noe
1311 2641 1531 2709 propterquam
1555 2635 1607 2691 lilii
1630 2635 1744 2694 liberati
1771 2640 1837 2693 suht
1852 2653 1858 2703 ;
1872 2637 1914 2689 aut

1107 2724 1296 2781 meledictum
1314 2725 1404 2781 Chern
1428 2726 1457 2779 in
1486 2725 1588 2782 eodem
1617 2741 1710 2799 pones
1738 2725 1799 2782 loco
1824 2724 1915 2795 inquo

1106 2821 1134 2870 et
1149 2819 1272 2886 petrem,
1288 2815 1358 2886 quio
1373 2815 1408 2870 de
1419 2813 1529 2870 diluvio
1544 2813 1633 2869 simul
1650 2813 1793 2870 liberatus
1812 2816 1861 2870 est.
1889 2813 1915 2866 la

229 2903 299 2974 leto,
317 2901 426 2960 stultus
441 2901 601 2976 sapientior
616 2903 706 2959 fieret.
723 2903 752 2959 Si
768 2905 901 2961 omniurn
920 2911 1052 2979 peccato·

231 3009 297 3050 rum
312 3009 405 3049 unum
421 2997 465 3049 est
479 2991 669 3066 supplicium,
685 2993 795 3065 injuste
810 2993 886 3050 elius
899 2995 1052 3064 occiditur,
1106 2989 1149 3047 les
1163 2991 1231 3047 tacti
1247 2996 1318 3046 sunt
1333 3010 1340 3060 ;
1357 2997 1385 3047 et
1401 3008 1457 3046 noa
1474 2991 1528 3046 luit
1541 2991 1590 3063 qui
1607 2991 1719 3049 laceret
1733 2993 1848 3059 honum,
1864 3005 1914 3046 noo

231 3085 260 3137 et
275 3095 326 3154 per
342 3087 465 3138 mortem
481 3081 601 3137 alterius
616 3081 691 3138 alius
707 3087 918 3138 commonetur.
1108 3079 1163 3135 luit
1177 3095 1270 3151 usque
1286 3080 1321 3135 ed
1349 3095 1452 3134 unum.
1472 3079 1638 3137 Audehisne
1661 3081 1757 3154 igitur
1776 3081 1864 3138 dicere
1881 3078 1916 3135 sic

268 3170 313 3224 25.
344 3170 448 3226 curisti
475 3185 572 3241 eorpus
600 3171 747 3241 aequaliter
775 3173 934 3243 accipimus,
960 3154 1090 3230 pecemG
1110 3184 1232 3241 negasse
1246 3168 1362 3224 Petrum
1375 3173 1403 3224 et
1419 3171 1538 3224 caeteros
1553 3169 1706 3242 apostolos
1721 3171 1770 3244 qui
1782 3170 1915 3244 legerunt,

236 3259 356 3328 viraines
370 3257 436 3330 quid
449 3259 611 3330 siqnificont
625 3261 638 3310 t
650 3259 758 3314 Pilatus
785 3261 878 3316 noteris
904 3262 969 3317 tulii
996 3279 1057 3318 sen-
1111 3257 1258 3330 quomodo
1273 3255 1413 3329 Caiphem
1430 3261 1458 3313 et
1473 3257 1678 3324 pharisaeae
1691 3259 1860 3316 clementem
1874 3271 1917 3330 po·

236 3348 359 3404 tentiam.
376 3345 502 3402 Sextiies
532 3347 625 3402 saculi
648 3347 739 3420 hujus.
766 3379 800 3390 -
828 3351 957 3421 Oppoais
984 3351 1056 3406 rnihi
1111 3346 1224 3418 pulum,
1255 3347 1387 3417 Craamfipe
1412 3349 1541 3418 crucifipe
1567 3349 1649 3404 talem
1687 3349 1777 3421 (toan.
1804 3345 1918 3418 ambli

230 3437 342 3494 Gomor
355 3453 481 3507 menna,
498 3451 646 3507 unamque
657 3442 870 3504 mensuram‚et
883 3440 1056 3496 vestitamet
1110 3437 1143 3492 [lt
1155 3441 1187 3492 ut
1201 3436 1237 3492 de
1253 3435 1394 3508 apostolis
1409 3440 1531 3502 taceam,
1545 3436 1720 3507 ejusdemne
1735 3437 1788 3494 tihi
1811 3434 1917 3494 sceleris

235 3525 367 3600 capillos,
383 3529 412 3582 et
427 3525 558 3590 berham,
574 3529 603 3580 et
613 3524 856 3598 calceamente,ex
867 3545 949 3600 equo
965 3529 1055 3586 luisse
1109 3525 1254 3581 videbitur
1269 3542 1335 3581 reus
1350 3527 1443 3592 Anna.
1461 3531 1489 3582 el
1502 3525 1636 3598 Caiphae,
1648 3531 1677 3582 et
1692 3529 1786 3585 tudes
1801 3525 1919 3599 proditor

235 3614 436 3674 israelitarum
466 3631 472 3682 3
504 3613 587 3686 quasi
612 3619 715 3669 ponet
738 3631 791 3671 nos
820 3615 925 3672 Chrirti
949 3634 1054 3689 corpus
1109 3613 1453 3687 eujnsetPiiatus⁵‚qui
1471 3613 1919 3687 nolenscompulsusestcontra

234 3705 385 3780 equaliter
413 3703 602 3776 accipiemus.
619 3703 683 3760 Una
704 3705 794 3760 estin
823 3706 970 3779 mysteriis
986 3723 1053 3762 san·
1109 3703 1265 3760 Dominum
1280 3703 1354 3760 terre
1369 3703 1665 3760 sententiemtuuu
1682 3705 1797 3770 Quanto
1812 3701 1920 3776 majmb

234 3794 381 3866 otillcetio,
393 3793 505 3850 domiai
520 3797 549 3849 et
563 3791 758 3864 seminabitis
773 3797 801 3850 et
816 3795 963 3868 ignobilis,
977 3797 1053 3869 regis
1109 3793 1204 3848 meriti
1220 3793 1276 3848 luit
1289 3791 1391 3858 ludes,
1415 3795 1497 3848 teoto
1519 3792 1640 3864 majoris
1662 3793 1798 3851 criminis
1818 3796 1861 3850 est
1875 3809 1881 3848 :
1896 3791 1921 3847 et

233 3889 262 3942 et
289 3882 393 3941 militis
410 3902 416 3940 :
434 3897 602 3955 quanquam
631 3899 683 3955 pro
710 3883 916 3956 accipientium
941 3887 1053 3942 meritis
1109 3886 1218 3953 quanto
1234 3881 1354 3952 majoris
1371 3879 1514 3948 criminis,
1527 3885 1607 3938 tento
1631 3883 1757 3955 majoris
1780 3887 1809 3940 et
1829 3895 1919 3955 pona.

235 3977 383 4034 diversum
399 3971 450 4030 liet
464 3973 542 4045 quod
568 3989 661 4028 unum
675 3977 729 4028 est.
760 3974 813 4042 Qui
839 3976 914 4030 enim
942 3975 1054 4048 tantique
1107 3972 1239 4039 Potentes,
1255 3973 1330 4026 enim
1343 3975 1467 4042 potenter
1480 3974 1614 4026 tormenta
1628 3974 1776 4043 potientur
1790 3973 1864 4045 [Sap.
1883 3983 1918 4038 vt,

231 4065 440 4124 ruauducouerit
464 4071 490 4120 et
525 4063 633 4128 biberit,
652 4079 715 4119 reas
730 4065 783 4119 erit
809 4065 907 4121 uiolati
933 4067 1054 4138 corporis
1106 4059 1145 4132 7).
1161 4060 1255 4116 Arbor
1270 4058 1347 4115 mela
1363 4059 1475 4116 tructus
1488 4060 1580 4117 bonos
1593 4077 1651 4117 non
1672 4061 1757 4130 lacit,
1781 4078 1834 4119 nec
1853 4061 1922 4116 boae

232 4161 259 4215 et
271 4155 418 4228 scapularis
430 4153 567 4225 certent!
580 4154 644 4210 eor.
665 4169 704 4222 xr,
733 4153 789 4225 27).
820 4153 957 4226 Nonquia
985 4155 1054 4226 quie
1107 4147 1211 4204 malos·
1229 4147 1258 4204 Si
1274 4148 1328 4204 hoc
1348 4147 1388 4203 ita
1415 4154 1470 4215 ast,
1500 4150 1644 4222 responde
1672 4150 1759 4223 mihi,
1785 4147 1920 4224 quomodo

232 4253 260 4306 et
274 4248 367 4305 ludes
381 4246 417 4302 de
431 4245 533 4302 eodem
549 4241 639 4298 celiae
654 4241 737 4310 bibit,
765 4243 800 4298 de
823 4258 880 4314 qao
905 4246 934 4298 et
957 4243 1052 4299 ceteri
1107 4234 1215 4291 Paulus
1230 4252 1296 4291 cum
1312 4240 1390 4292 esset
1404 4237 1491 4293 arbor
1515 4236 1604 4305 male,
1630 4255 1812 4313 persequens
1833 4235 1921 4295 eecle-

232 4337 356 4412 epostoli
370 4337 392 4403 ¹,
406 4334 496 4390 unius
519 4349 586 4389 cum
611 4331 732 4403 reliquis
755 4331 810 4386 erit
834 4331 929 4386 mariti
944 4335 957 4384 ,⁹
971 4333 1052 4397 Quod
1107 4324 1180 4380 siem
1195 4323 1310 4389 christi,
1326 4325 1393 4381 lecit
1408 4325 1461 4396 (ll.
1478 4325 1587 4398 lecerit)
1611 4333 1714 4400 postea
1742 4330 1854 4386 fructus
1876 4326 1921 4382 ho-

231 4427 329 4483 sinon
354 4424 397 4480 vis
426 4422 553 4495 recipere
581 4420 813 4488 Sacramentum,
846 4421 922 4475 certe
949 4435 1052 4478 omnes
1107 4413 1922 4492 nasibi-ludes,cumessetarhorbona,signalaciens

231 4510 382 4585 equaliter
395 4510 533 4578 vivimus,
547 4524 639 4563 unum
655 4507 802 4563 trahimus
826 4523 934 4576 aerem,
950 4509 1050 4564 eodem
1067 4522 1090 4586 Ι)
1106 4518 1172 4560 cum
1189 4502 1445 4575 apostolis,postee
1456 4520 1558 4560 versus
1574 4505 1603 4559 in
1616 4505 1808 4578 proditorem,
1829 4501 1922 4563 iecerit

230 4600 354 4658 humore
369 4596 538 4670 irrigamur,
555 4596 659 4651 iisdem
682 4595 756 4651 cibis
780 4594 939 4668 pascimur.
963 4596 1051 4652 Porro
1107 4592 1219 4648 tructus
1230 4591 1323 4648 malos
1339 4595 1351 4645 t
1365 4593 1480 4649 Teodiu
1494 4609 1561 4666 ergo
1578 4609 1630 4650 nec
1644 4595 1732 4651 arhor
1743 4597 1823 4653 hone
1834 4592 1921 4650 melos

230 4691 306 4749 806
323 4688 348 4747 si
363 4687 503 4745 elimenta
517 4701 652 4742 cocorum
662 4688 724 4740 erte
734 4689 887 4743 mutantur
899 4685 929 4741 in
946 4685 1050 4742 melius
1106 4681 1219 4738 tructus
1235 4682 1313 4750 lecit,
1330 4698 1383 4738 nec
1398 4682 1476 4738 mela
1491 4683 1730 4755 bonos,qaandiu
1740 4685 1786 4742 vel
1800 4685 1830 4740 in
1845 4681 1922 4740 boni·

229 4786 258 4837 et
272 4781 305 4836 lit
323 4777 434 4852 aliquid
451 4775 571 4834 suevius
585 4773 756 4842 condituris,
773 4775 979 4846 hujuscemodi
994 4774 1050 4830 cihi
1104 4774 1163 4828 tate
1178 4787 1241 4842 sue,
1267 4770 1310 4828 vel
1340 4771 1370 4826 in
1396 4771 1508 4828 malitie
1536 4777 1711 4845 perseverat.
1737 4779 1828 4831 Porro
1848 4767 1921 4845 quod

229 4887 287 4927 non
298 4873 409 4926 naturae
425 4864 619 4934 satisfaciunt,
634 4864 683 4922 sed
701 4863 946 4940 voluptati.AEque
960 4864 1051 4920 esuri·
1104 4859 1201 4916 omnis
1213 4861 1351 4916 Hehreue
1366 4858 1593 4934 aequaliterseeit
1607 4861 1729 4926 Pascha.
1745 4871 1773 4920 et
1798 4861 1919 4935 septime

229 4973 308 5026 mus,
324 4973 405 5032 aeque
418 4959 552 5030 algemus
569 4972 575 5011 :
592 4953 682 5010 simut
708 4953 910 5010 contrahimur
934 4953 1049 5025 frigore,
1104 4967 1181 5006 enno
1198 4948 1271 5006 liber
1286 4949 1421 5018 efficitur,
1437 4953 1465 5006 et
1479 4950 1507 5005 in
1519 4949 1653 5018 lubileo,
1668 4950 1698 5007 id
1713 4955 1768 5024 est,
1784 4952 1922 5025 quinqua·

229 5046 349 5104 estibus
362 5045 494 5103 etcelore
504 5041 756 5102 dissolvimurSol
767 5058 883 5116 quoque
893 5042 955 5113 ipse
966 5045 995 5097 et
1005 5038 1049 5096 lu·
1104 5040 1227 5114 gesimo,
1240 5041 1376 5096 universe
1391 5039 1538 5111 possessio
1555 5039 1629 5095 redit
1644 5039 1680 5095 ed
1700 5040 1847 5110 dominos,
1871 5038 1921 5094 boc

1107 2903 1244 2977 passione
1263 2901 1916 2971 Christisomaesdeclinaverunt,simulinuti·
1976 2929 1981 2944 ·

264 5321 272 5356 ¹
289 5318 371 5388 Mes,
386 5323 569 5392 rmasrepium
585 5331 632 5388 eet,
649 5322 699 5395 qui
725 5321 829 5380 deinde
849 5339 949 5379 vocem
979 5326 1047 5396 Apo·
1103 5317 1342 5400 resarsurum,
1359 5317 1609 5378 consentientibus
1625 5321 1760 5379 mestere
1776 5317 1921 5376 omnibus.

226 5391 693 5465 stoluureetiusnonegnoseunt.
1138 5387 1296 5469 ‘Olrmsed
1325 5389 1496 5470 unldilueio,
1526 5392 1729 5467 malezpaulo
1753 5395 1831 5466 post,
1864 5403 1922 5446 ver·

262 5463 348 5520 sDuo
364 5479 448 5551 mss„
465 5464 498 5520 de
525 5478 589 5547 prro·
602 5464 728 5545 Christus
750 5473 776 5520 et
803 5468 900 5522 centeri
914 5468 1048 5538 apostoti;
1103 5458 1406 5584 bu3mfig³⁰ly¹⁰t⁰r¹i¹³
1419 5462 1546 5586 sulpplet.
1768 5532 1774 5546 Ι

227 5534 865 5682 tituletistiitttt‘t‘mt,
888 5609 994 5666 viam
1012 5609 1048 5667 a
1102 5534 1570 5676 nstituitttttttm
1599 5551 1624 5590 ⁰·
1659 5536 1699 5594 ¹⁸·
1729 5534 1837 5593 ⁰⁰¹³d⁰
1867 5545 1919 5590 ¹¹¹¹·
