4054 6168
130 315 235 382 titel
659 319 980 389 COMMENTARIUS.
994 320 1034 383 ΙΝ
1056 319 1359 384 uuubuslasuult.
1755 312 1858 384 stiffi

132 473 141 518 2
157 452 241 518 Quod
255 451 282 508 si
295 450 383 508 otiam
398 450 552 510 dormierit
573 469 662 522 unus,
678 454 733 512 hoc
755 460 810 524 est,
836 455 860 511 si
887 457 980 511 morte
993 456 1022 522 Α
1036 469 1133 527 regem
1145 456 1165 524 ὅ,
1182 454 1251 526 quia
1265 453 1352 510 etiam
1363 454 1394 510 iu
1405 469 1493 526 reguo
1504 456 1665 526 ejnsuatus
1676 458 1722 513 est
1733 447 1855 530 pauper.

132 603 135 610 Ι
154 541 247 598 luerit
260 539 433 608 dissolutus,
449 545 588 598 etsecnm
604 543 754 600 Christum
764 543 899 600 habuerit
911 543 980 612 ¹,ca-
1069 542 1136 597 Vidi
1160 543 1312 599 universos
1327 543 1466 612 viventes,
1483 543 1532 615 qui
1555 543 1710 602 ambulant
1724 546 1779 603 snb
1795 545 1858 604 sole

153 628 282 688 lelactus
296 633 326 685 et
339 628 502 686 vivificatus
516 631 528 665 ¹
542 631 630 688 cilius
645 632 841 689 reviviscitllt
855 633 879 688 si
894 633 979 688 ndve-
1035 647 1101 687 cum
1117 631 1300 688 adolescente
1315 632 1454 698 secundo,
1474 632 1525 705 qui
1540 638 1696 707 consurget
1714 650 1766 707 pro
1794 634 1855 691 illo.

153 734 208 776 sus
231 717 383 774 bominem
408 719 557 776 robustior
575 719 605 775 iu
629 722 822 795 expugnando
846 719 981 777 diabolus
1033 723 1097 775 Non
1113 724 1158 775 est
1171 719 1239 776 finis
1254 719 1334 776 omni
1349 720 1467 792 populo,
1483 721 1638 787 universis,
1658 724 1709 795 qui
1738 727 1858 781 luerunt

153 806 292 874 astiterit,
309 806 397 862 stabit
411 806 510 878 homo,
526 808 616 864 stabit
639 817 668 866 et
691 809 825 866 Christus
851 825 904 881 pro
927 809 979 865 bo·
1034 812 1102 864 anta
1116 807 1206 864 illos»
1222 809 1256 864 ut
1271 808 1391 879 quidam
1406 809 1625 866 novissiminon
1640 809 1857 868 letabunturin

155 895 235 952 mine
251 911 316 964 suo,
333 911 385 966 pro
400 895 493 951 sodali
509 912 574 953 suo.
590 897 653 953 Nou
669 898 746 969 quod
762 896 855 954 solius
871 896 979 954 Christi
1034 912 1068 952 eo
1079 913 1086 952 :
1099 897 1149 953 sed
1165 901 1195 953 et
1208 896 1262 953 boc
1290 896 1403 956 vanitas
1427 903 1455 954 ct
1480 899 1669 971 presumptio
1698 899 1831 972 spiritus,
1841 921 1856 952 a

156 984 296 1040 adversus
310 983 461 1040 diabolum
482 984 576 1040 virtus
605 985 723 1042 infirma
746 986 794 1054 sit,
821 987 899 1044 m
928 986 979 1042 sed
1033 985 1322 1058 Symmachusbunc
1344 985 1442 1042 locum
1470 986 1512 1042 ita
1534 986 1705 1044 transtulit:
1725 987 1857 1044 «Melior

154 1073 234 1144 quod
249 1071 377 1128 liberum
392 1071 505 1129 homiui
520 1072 912 1146 relinquaturarbitrium‚et
926 1074 979 1130 ad·
1034 1077 1079 1130 est
1092 1089 1203 1145 pauper
1217 1089 1284 1129 cum
1300 1073 1454 1146 snpientia,
1475 1091 1543 1148 rege
1557 1090 1627 1132 sene
1652 1079 1680 1132 st
1703 1075 1860 1148 insipiente

156 1161 321 1218 nitentibus
346 1161 441 1229 uobis,
466 1161 530 1234 ipse
554 1161 585 1218 in
604 1162 763 1236 praeliando
793 1163 895 1220 tortior
918 1163 978 1219 lint.
1035 1161 1085 1234 qui
1109 1162 1204 1218 nescit
1228 1177 1386 1234 precavere
1407 1162 1651 1220 vicissitudinem.
1675 1162 1756 1220 Alter
1779 1164 1860 1220 enim

190 1250 271 1315 Quod
288 1250 313 1306 si
328 1249 417 1306 ctiam
426 1250 519 1319 Pater,
531 1256 560 1306 ct
574 1251 708 1320 Filius‚et
721 1251 849 1325 Spiritus
859 1255 980 1309 sanctus
1034 1250 1155 1322 exittrll.
1171 1249 1268 1322 exivit)
1297 1251 1334 1306 de
1362 1267 1475 1308 carcere
1495 1252 1532 1308 ad
1556 1252 1760 1325 regnandum:
1785 1251 1860 1308 alter

154 1338 338 1405 advenerint,
361 1354 419 1394 non
445 1339 503 1395 nito
528 1340 677 1412 rumpitur
700 1341 711 1374 ³
733 1340 788 1410 (lt.
814 1343 979 1413 rumpetur)
1033 1355 1112 1406 vero,
1128 1355 1195 1395 eum
1211 1344 1288 1396 esset
1307 1356 1356 1395 rex
1380 1344 1478 1410 natus,
1505 1345 1675 1413 paupertate
1699 1355 1858 1413 oppressus

151 1427 212 1483 ista
237 1426 388 1484 sodalitas.
414 1428 495 1494 Quod
520 1433 619 1484 autem
646 1445 704 1484 uon
734 1427 790 1484 cito
820 1428 977 1501 rumpitur,
1034 1427 1155 1495 est,llidi
1171 1443 1274 1484 omues
1288 1427 1430 1497 deantes,
1445 1429 1496 1500 qui
1511 1429 1688 1502 gradiuntur
1712 1429 1768 1486 sub
1797 1429 1859 1488 sole

153 1521 257 1574 tamen
272 1515 431 1588 aliquando
450 1522 604 1588 rumpetur
621 1558 627 1571 .
643 1517 679 1573 ut
694 1517 723 1573 in
734 1517 900 1574 Judacuim
913 1533 981 1590 apo·
1034 1516 1113 1573 m
1131 1532 1199 1572 cum
1220 1516 1401 1573 adolescente
1425 1518 1563 1587 secundo,
1590 1519 1640 1590 qui
1662 1518 1788 1575 surrexit
1806 1535 1858 1592 pro

155 1605 230 1661 stolo
242 1605 297 1662 luit
311 1603 419 1678 triplex
432 1605 487 1662 ists
503 1604 653 1662 funiculus
669 1623 676 1674 ;
693 1606 728 1663 sd
744 1607 814 1679 quin
828 1609 895 1678 post
908 1606 980 1662 bun·
1034 1621 1067 1661 eo
1083 1607 1103 1659 ⁶.
1121 1605 1256 1661 latinitas
1271 1605 1367 1661 omnis
1380 1605 1517 1679 pupulus,
1535 1607 1584 1679 qui
1599 1607 1655 1663 luit
1668 1611 1735 1664 ante
1746 1611 1859 1665 utrum·

156 1693 258 1750 cellam
272 1693 404 1750 introivit
417 1693 447 1750 in
461 1711 529 1751 aum
549 1695 682 1762 Soanas,
707 1694 855 1751 funiculus
871 1695 979 1751 ietedi·
1034 1709 1109 1766 quc:
1127 1698 1156 1748 et
1166 1693 1273 1766 posteri
1290 1710 1348 1750 uon
1365 1693 1542 1751 letabuntur
1555 1695 1584 1750 in
1604 1711 1649 1752 eo.
1673 1696 1728 1752 Sed
1753 1701 1783 1752 ct
1804 1696 1859 1753 bac

159 1785 265 1854 ruptus
279 1785 333 1839 ast.
350 1786 439 1839 Porro
455 1783 533 1855 quod
547 1783 684 1855 superius
699 1783 740 1839 ait
756 1799 763 1839 :
781 1806 795 1834 a
811 1783 844 1839 llt
859 1783 980 1855 quidam
1034 1798 1107 1838 aura
1121 1785 1150 1837 et
1160 1781 1255 1854 pastio
1271 1781 1359 1838 venti.
1372 1804 1387 1833 ι»
1404 1781 1540 1839 ltebreaus
1555 1799 1650 1852 meus,
1673 1785 1758 1855 cujus
1783 1800 1860 1858 sape

152 1871 178 1926 ai
194 1870 344 1926 dorminut
358 1872 426 1938 duo,
441 1871 530 1927 etiam
546 1871 625 1927 calor
647 1871 704 1928 erit
727 1870 787 1927 illis
814 1889 820 1928 :
848 1875 878 1928 et
901 1888 978 1928 uuus
1034 1870 1108 1927 facio
1128 1869 1317 1940 mentionem,
1335 1887 1402 1927 cum
1425 1871 1620 1928 Ecclesiastau
1644 1887 1758 1928 mecum
1783 1872 1860 1946 lage·

152 1960 303 2032 quomodo
327 1958 551 2016 salemitano
574 1959 675 2016 lllisaen
704 1977 860 2016 sumamus
882 1976 978 2016 exem·
1033 1957 1365 2030 retbescltarscibnml,
1379 1960 1861 2032 qnemunumvelmnximeadmi·

151 2047 249 2121 plum,
264 2048 342 2120 quod
357 2048 420 2120 ipsc
435 2049 612 2106 contraxerit
625 2065 657 2105 sa
671 2065 738 2105 curn
754 2064 855 2121 puero,
872 2053 901 2106 et
914 2049 979 2105 dor·
1033 2051 1146 2116 rantur,
1159 2063 1247 2119 super
1261 2048 1398 2120 prasenti
1413 2047 1476 2105 loco
1492 2048 1650 2106 tradidisse
1664 2053 1789 2106 testatus
1804 2053 1858 2107 sat.

152 2137 264 2206 inierit,
280 2141 310 2193 et
323 2136 486 2194 adcluserit
499 2136 707 2209 corpusculum
722 2139 798 2209 ejus,
813 2141 842 2195 st
855 2136 898 2194 ita
910 2137 979 2193 vivi-
1034 2134 1136 2190 Melior
1150 2138 1194 2190 est
1205 2133 1325 2190 interior
1338 2134 1436 2206 humo,
1456 2135 1506 2206 qui
1535 2141 1601 2208 post
1625 2141 1763 2208 quartum
1782 2137 1860 2194 dsci-

151 2224 284 2282 ficnverit
309 2229 509 2299 resurgentem
542 2227 588 2298 (lV
612 2231 678 2296 Rea.
712 2226 761 2299 iv).
790 2225 852 2282 Nisi
888 2225 980 2299 igitur
1034 2239 1116 2280 mum
1133 2222 1296 2295 pubertatis
1310 2239 1422 2280 annum
1436 2221 1467 2278 in
1483 2223 1567 2280 uobis
1581 2225 1721 2294 exoritur,
1738 2225 1861 2284 extario-

151 2313 288 2370 Christns
302 2314 457 2370 uobiscum
473 2314 636 2382 dormierit,
660 2318 690 2371 at
704 2315 733 2371 in
756 2318 850 2370 morte
864 2314 980 2386 requie·
1034 2328 1064 2368 re
1079 2309 1208 2381 homine,
1225 2311 1276 2382 qui
1291 2311 1327 2367 ds
1342 2311 1445 2368 matris
1460 2310 1524 2368 alvo
1547 2315 1705 2379 natusest,
1733 2312 1783 2384 qui
1812 2330 1860 2371 na·

150 2403 227 2460 verit
242 2401 368 2458 calorem
383 2406 495 2459 eterna
510 2403 574 2459 vite
598 2404 730 2476 accipere
753 2419 812 2459 non
835 2402 979 2475 valemus,
1035 2400 1092 2456 scit
1106 2398 1364 2468 recedersavitio,
1391 2403 1420 2456 et
1443 2400 1491 2472 qui
1516 2400 1552 2456 de
1575 2399 1662 2457 domo
1681 2400 1858 2472 vinctorum,

189 2512 204 2540 «
217 2488 319 2547 Melior
333 2494 378 2547 est
392 2507 466 2564 puer
485 2507 598 2564 pauper
612 2495 640 2548 et
664 2490 793 2564 sapiens,
815 2507 906 2563 quam
931 2507 980 2548 rex
1035 2488 1071 2544 dc
1086 2491 1168 2544 utero
1183 2486 1318 2544 videlicet
1328 2491 1470 2556 materno,
1486 2488 1522 2544 ad
1538 2487 1593 2545 hoc
1604 2488 1741 2561 exivit,ut
1755 2506 1859 2564 regna·

150 2594 244 2636 senex
258 2582 287 2636 et
301 2579 421 2649 stultus,
438 2580 489 2653 qui
503 2579 622 2636 nescit⁸
649 2579 800 2652 providere
825 2580 854 2635 iu
882 2583 979 2653 poste·
1036 2581 1080 2634 ret
1094 2577 1148 2648 (tr.
1163 2577 1275 2649 regnet)
1291 2576 1321 2632 in
1335 2576 1424 2633 vitiis.
1455 2575 1509 2643 Oui
1530 2577 1619 2634 etiam
1639 2577 1668 2634 in
1692 2581 1859 2652 potestate⁸

151 2683 232 2724 rum.
249 2668 393 2734 Quoniam
414 2669 451 2724 de
475 2669 561 2726 domo
583 2669 748 2727 vinctorum
778 2669 935 2741 agreditur.
948 2668 979 2724 in
1036 2681 1212 2738 sunpnupcr
1224 2665 1344 2721 elluatus
1358 2670 1413 2736 cst,
1429 2666 1508 2722 mala
1530 2666 1630 2723 omnia
1655 2669 1859 2740 perpetrando.

192 2791 249 2846 ι111
262 2805 354 2845 seeum
371 2791 513 2847 Christum
526 2791 661 2848 habuuit.
686 2792 748 2849 Duo
771 2793 885 2850 codices
910 2793 978 2848 Cor·
1038 2791 1235 2846 durachinum:
1252 2789 1303 2846 sed
1320 2789 1425 2847 melius
1435 2789 1618 2848 colbertinus
1644 2793 1860 2850 Barrnceltibam

154 2861 288 2917 balenses
303 2861 405 2917 eodem
421 2879 510 2919 seusu
524 2862 979 2937 legunt,etCltrittumeentndum
1036 2860 1143 2934 posuit
1170 2861 1241 2925 Ouis
1269 2865 1367 2916 auum
1394 2861 1482 2918 luerit
1509 2861 1565 2918 iste
1588 2863 1747 2930 Barucoilrn,
1770 2881 1859 2934 quem

150 2933 289 2990 habunt.
306 2931 448 2989 Marmara.
1037 2949 1129 2988 unum
1146 2931 1256 2988 llebrni
1269 2931 1395 2988 aramme
1411 2933 1589 2990 mirarentur
1616 2938 1700 2991 atate
1719 2935 1860 3009 Hierony-

188 3005 200 3039 ¹
218 3008 309 3060 voces
322 3011 348 3059 et
361 3006 528 3076 vivificatur.
544 3003 684 3061 Alcuinos
700 3022 759 3062 uon
770 3011 897 3065 noverat.
907 3007 979 3064 Mes.
1038 3003 1089 3073 mi,
1103 3001 1170 3059 nolo
1185 3002 1329 3071 divinare;
1346 3019 1381 3060 ne
1391 3007 1489 3060 tantas
1502 3004 1628 3077 ineptias
1650 3004 1724 3061 sorte
1751 3022 1859 3078 propo-

149 3091 223 3133 vero
238 3075 380 3131 reuirescet
395 3074 425 3130 in
441 3075 539 3132 futuro
556 3075 667 3149 legunt.
902 3119 904 3124 .
1038 3091 1107 3130 nam
1122 3074 1157 3130 de
1172 3073 1241 3142 filio,
1259 3077 1384 3145 quantas
1405 3074 1441 3130 de
1456 3079 1538 3146 patre
1563 3075 1626 3146 ejus
1645 3075 1732 3132 Alcida
1755 3093 1860 3150 propo-

189 3147 249 3202 Ἐἰ
274 3146 417 3217 funiculus
437 3147 538 3218 triplex
558 3163 612 3202 unu
639 3149 692 3204 cito
716 3151 864 3222 rumpitur.
903 3149 979 3212 Qua·
1037 3145 1098 3202 suit
1108 3143 1212 3201 vindex
1226 3160 1356 3217 nuperus
1366 3145 1551 3217 antiquitatis
1580 3149 1758 3219 temporum.
1778 3148 1861 3204 blaa-

150 3224 224 3274 tuor
236 3232 318 3273 exem
342 3215 415 3273 laria
429 3234 502 3274 mss.
518 3217 627 3289 quibus
642 3223 718 3289 utor,
731 3225 899 3277 constanter
913 3219 980 3276 reti·
995 3186 1017 3253 G
1035 3233 1112 3273 crau.

150 3293 236 3357 nent,
250 3303 306 3344 nnn
317 3233 402 3358 facite
416 3290 564 3361 rumpitur,
580 3289 624 3346 vel
639 3299 791 3362 rumpetur.
824 3291 911 3347 Nulla
937 3294 981 3346 ta·
1071 3287 1151 3342 -ln
1172 3301 1247 3346 mss.
1274 3286 1473 3356 Baraccltilraa,
1510 3291 1561 3343 aut
1581 3289 1785 3345 terrentiano.
1811 3289 1862 3346 list

148 3377 220 3417 men
237 3356 382 3415 dubitatio
408 3360 520 3417 subest.
541 3359 612 3431 quin
628 3359 785 3434 legendum
810 3363 849 3418 sit
870 3365 924 3419 cito
953 3365 981 3418 et
1037 3363 1136 3415 autem
1152 3357 1198 3414 bic
1214 3357 1298 3431 longa
1314 3357 1487 3414 notissimus
1502 3358 1614 3426 Altibus,
1630 3375 1682 3416 scu
1696 3359 1860 3432 berotitae,

152 3448 213 3488 nou
229 3430 312 3502 tacite
328 3447 336 3498 ;
352 3429 493 3503 cumipse
507 3431 701 3504 Hieronymus
713 3432 742 3487 in
759 3449 812 3488 suo
828 3437 982 3489 Commen-
1037 3431 1072 3486 dc
1088 3444 1145 3503 quo
1160 3432 1221 3484 tom
1236 3433 1265 3484 et
1279 3427 1402 3502 grandin
1429 3433 1459 3485 et
1481 3429 1575 3486 multa
1596 3430 1764 3488 Judnorum
1789 3431 1862 3488 scri·

149 3503 228 3559 tario
243 3502 289 3558 bis
299 3499 388 3574 legat,
403 3517 459 3558 aaa
473 3505 527 3559 cito
537 3504 690 3573 rumpitur.
707 3503 848 3560 Ceterum
868 3505 898 3559 iu
924 3521 981 3560 ms.
1037 3503 1135 3584 ptores
1149 3499 1305 3555 commenti
1319 3504 1398 3566 sunt,
1415 3505 1448 3555 ut
1457 3499 1542 3571 plane
1558 3500 1596 3556 sit
1608 3501 1727 3571 mirum,
1742 3501 1816 3557 nihil
1826 3503 1862 3558 de

151 3572 320 3629 Gnlbertiao
346 3572 421 3628 duos
443 3573 604 3630 versiculos
632 3579 844 3646 consequentes
877 3575 981 3647 reperi,
1038 3570 1088 3626 rllo
1104 3571 1210 3626 rescire
1226 3569 1427 3626 Martiauaeum
1450 3570 1512 3642 qui,
1528 3588 1565 3626 na
1592 3576 1700 3628 temere
1727 3573 1797 3644 quid
1822 3573 1863 3629 le·

154 3642 442 3716 quibusmnnachns
458 3643 633 3716 quilibrum
649 3645 814 3718 descripsit,
830 3645 983 3702 desodali-
1038 3641 1168 3697 otoribus
1190 3642 1332 3712 imponat,
1363 3657 1394 3696 se
1420 3640 1492 3696 nita
1519 3640 1676 3698 divinando
1705 3643 1862 3700 obstinere.

155 3719 220 3772 tate
234 3714 345 3770 videtur
355 3715 511 3787 conqueri:
1038 3713 1211 3769 Tentavere
1225 3713 1289 3783 ejus
1300 3710 1355 3766 luit
1369 3711 1497 3767 nominis
1511 3712 1598 3778 lama,
1610 3717 1644 3768 ut
1662 3711 1865 3770 fabularentur

191 3811 339 3874 praeposffis
352 3811 508 3872 ,mammos
522 3811 554 3862 d,
575 3815 692 3864 „mmm
706 3817 826 3864 mmm:
1039 3782 1161 3850 Hebraei,
1177 3783 1294 3856 Moysen
1307 3781 1405 3853 ipsum
1419 3782 1455 3838 nd
1468 3782 1648 3839 audiendum
1668 3783 1782 3850 Akibnn
1811 3784 1865 3840 da-

187 3873 339 3937 Praepoaitis
354 3874 458 3938 triplex,
473 3825 590 3925 uomit
603 3876 691 3939 portio
705 3876 829 3940 simplex.
1040 3854 1189 3910 seendisse
1202 3869 1235 3908 ac
1260 3853 1446 3935 respondisse
1474 3852 1682 3938 interroganti;
1712 3857 1740 3910 et
1768 3854 1863 3911 Rnbbi

766 3939 891 3989 Marnas.
1040 3923 1187 3982 Abraham
1202 3923 1311 3979 Zachut
1323 3924 1375 3979 ub.
1392 3922 1541 3980 Susianae
1556 3924 1644 3992 dicat,
1673 3927 1864 3998 quemadmo-

154 4031 827 4176 itlaauultliuram,cattia
842 4035 985 4162 trare:
1040 3994 1865 4191 ltuafcuppuea&trilaterarum

431 4179 460 4232 a
475 4174 597 4232 aa
882 4184 912 4232 a
1041 4143 1209 4275 tuae
1660 4139 1866 4268 br

154 4249 320 4331 ‘matium
334 4249 388 4302 οἷο·
413 4246 544 4315 V⁸t⁸¹⁸⁰⁵’
567 4247 636 4346 eqni
658 4249 801 4304 duntaxat
816 4257 855 4332 ,ω
881 4251 986 4331 'eim'
1043 4281 1142 4338 Patras
1156 4284 1296 4349 recenset,
1317 4284 1458 4350 vocatque
1486 4275 1647 4334 litterales
1682 4278 1769 4335 αὐτῶν
1794 4281 1867 4336 'bat-

155 4334 373 4394 prorumpam,
390 4317 988 4392 praelersbaut.atqualiebrarccqurdem
1043 4345 1091 4406 ὢν
1125 4361 1208 4406 ww
1231 4345 1609 4425 καλοῦμενονηῃαρακῶαν,
1633 4352 1794 4422 mmmm
1821 4369 1866 4410 3⁰·

153 4389 558 4493 1ιιι11ιιιιοειῄιε15;11ιωοε
583 4409 631 4459 τοῦ
663 4403 830 4480 βασιλεῦσαι.
865 4407 988 4463 Proinde
1042 4440 1105 4479 rum
1132 4427 1186 4494 (50,
1214 4422 1383 4493 tedmarum)
1405 4403 1511 4476 iliberi
1537 4424 1577 4480 itu
1602 4424 1782 4496 appellatum,
1818 4441 1868 4481 teu

153 4495 282 4552 alterins
314 4493 443 4550 loesema
457 4499 512 4550 est.
1042 4495 1211 4550 Bnraltibau.
1228 4493 1428 4566 llumdemquc
1442 4492 1545 4550 heres.
1560 4495 1594 4551 3³
1627 4500 1710 4551 vocnt
1738 4488 1869 4549 Ῥαὸὅια-

192 4565 265 4634 ‘aar
305 4567 363 4621 itur
381 4569 412 4621 in
435 4581 538 4635 repam.
570 4565 612 4622 ltn
635 4565 736 4641 legunt
760 4583 833 4624 mss.
858 4567 987 4636 codices3
1003 4552 1028 4617 Ι)
1043 4558 1219 4636 sadducaei
1243 4563 1547 4648 Alita31pseetiam
1576 4566 1770 4648 Hieronymus
1798 4582 1867 4624 cum

153 4635 643 4706 aditivern,utrepuet.llaar1an.
1042 4652 1119 4709 saepe
1155 4635 1266 4702 laudat,
1291 4643 1319 4693 et
1347 4653 1376 4692 tn
1410 4635 1534 4707 epistola
1571 4637 1690 4709 quidem
1747 4639 1795 4694 121
1832 4637 1868 4694 ad

191 4706 608 4780 ‘Vatiaouiaurreneritpra
626 4724 666 4765 eo.
691 4709 765 4765 Tum
790 4711 919 4782 infinitus
939 4724 989 4782 po·
1045 4708 1195 4778 Alpaainm,
1225 4711 1328 4780 quast.
1351 4708 1400 4763 18:
1430 4707 1595 4790 llaratibar,
1622 4708 1720 4779 inquit
1749 4724 1784 4766 ex
1809 4709 1869 4765 Ha·

150 4779 251 4854 putus,
267 4781 325 4850 qui,
342 4783 398 4835 etc.
413 4779 526 4852 absque
540 4782 643 4846 amnis,
658 4795 720 4851 quae
735 4797 789 4836 vox
804 4785 833 4836 at
848 4781 878 4837 in
907 4779 990 4836 Pala·
1044 4779 1189 4835 braeorum
1217 4795 1317 4845 sensu,
1359 4787 1385 4834 et
1424 4782 1545 4844 timeon,
1588 4782 1613 4834 et
1640 4780 1738 4848 lleltet,
1778 4781 1867 4852 etapi-

153 4853 222 4908 tino
238 4851 370 4906 seeundo
384 4867 473 4906 manu
485 4851 672 4922 expungitur.
1044 4851 1096 4906 stri
1107 4851 1208 4915 nostri,
1224 4854 1299 4917 etc.;
1322 4847 1351 4904 iu
1381 4847 1487 4904 lsniam
1517 4865 1583 4905 varo
1609 4849 1658 4904 lib.
1676 4867 1718 4915 ru,
1747 4865 1811 4922 cap.
1828 4852 1866 4905 8:

195 4923 287 4979 ⁷lleae
306 4922 481 4978 baracibam.
513 4922 640 4995 Insignis
669 4924 713 4976 est
741 4921 796 4976 iste
819 4921 902 4978 locus
924 4936 991 5047 pru·
1044 4919 1161 4985 Alciden,
1179 4919 1870 5003 simplicitervonnus,Samaietlliltel,eequi·

157 4999 228 5068 pter
255 5008 362 5050 nomen
390 4994 550 5057 Baracaiba,
584 4993 644 5050 sive
678 4993 839 5060 Baracbiba,
868 4992 927 5049 cele
950 4992 991 5049 ris
1046 4993 1094 5048 bas
1108 4993 1163 5048 arti
1177 4997 1239 5047 sunt
1267 4991 1371 5048 Scrrbae
1396 4996 1423 5047 et
1445 4991 1600 5057 Pitaraesei,
1624 4993 1870 5064 auorumsascepit

156 5065 319 5136 cujusdam
341 5063 476 5137 magistri
489 5064 688 5132 Hebraeorum,
706 5063 742 5118 de
756 5079 815 5135 quo
830 5063 904 5118 nibil
931 5079 990 5119 me·
1044 5063 1293 5130 scliclamdtibcs,
1327 5077 1388 5117 uem
1407 5065 1570 5128 maputrum
1597 5063 1707 5133 Aquilae
1737 5063 1825 5134 presel
1847 5063 1869 5118 a·

160 5136 262 5193 moriae
279 5135 427 5208 proditum
439 5139 485 5192 est
504 5153 521 5190 a
543 5136 581 5190 ud
593 5133 824 5200 Thalmudistas,
841 5134 902 5190 sive
913 5135 990 5207 apud
1044 5139 1201 5200 autumant,
1226 5136 1281 5188 ctu.
1364 5133 1528 5202 quostiam
1555 5131 1692 5205 colligere
1715 5132 1792 5202 licet,
1837 5150 1868 5191 o·

158 5152 620 5280 scriptorcsludeeorumiinque
632 5205 992 5278 prudentemstndiosum·
1046 5205 1141 5261 ruissa
1157 5203 1239 5259 illum
1255 5201 1333 5258 circa
1348 5202 1469 5284 Adriani
1485 5207 1625 5286 tempora.
1647 5203 1738 5285 llide,⁸
1758 5221 1821 5277 qua·
1837 5205 1870 5262 in

158 5277 373 5360 qualectoram
403 5278 600 5360 monebimus,
623 5276 820 5334 nullumesse
839 5275 992 5358 ,exemplar
1045 5275 1198 5358 laudatum
1214 5273 1311 5355 locum
1327 5273 1419 5344 ltprst.
1450 5273 1485 5328 nd
1512 5273 1672 5347 algasiam,
1688 5279 1717 5330 et
1731 5291 1760 5330 ιιι
1784 5276 1870 5332 Com·

157 5348 473 5481 ffasmlclireitlrfflesgdtiirr
482 5349 606 5476 gemit?
610 5363 699 5475 113Ιῖ111
714 5347 993 5503 itomhiirnggiipt'iffi
1046 5343 1618 5484 m2nlttlaarr'tignlezirlsaillraastiiitiiurmszsc'utus,
1649 5420 1679 5474 iu
1700 5419 1870 5490 posteritate.

158 5489 989 5564 legiaclRcruclriam,veltaracinam.autltarncbtbam.
1045 5487 1142 5547 Nostri
1158 5493 1256 5546 nutam
1277 5505 1350 5544 mss.
1376 5489 1531 5558 potestate:
1552 5492 1639 5559 atque
1670 5488 1747 5546 hauc
1769 5504 1870 5546 veram

160 5562 392 5622 vetustissimus
407 5561 539 5618 omnium
564 5562 653 5618 codex
667 5561 749 5618 Corb.
779 5561 880 5688 ιῘιιίιιιιι
899 5578 989 5618 manu
1045 5558 1481 5686 lectionem,inituitvictorius
1495 5557 1868 5631 brixinuiquoquecodiess

164 5636 308 5709 scriptum
320 5634 464 5690 retinebat
492 5633 691 5700 Barncbibam,
740 5647 776 5688 uo
822 5633 992 5690 emendator
1044 5635 1239 5689 reservarunt.
1278 5629 1379 5703 xpouit
1406 5629 1483 5686 euim
1504 5629 1554 5685 illa
1576 5629 1673 5701 verba,
1702 5633 1807 5710 qaia'et
1834 5632 1866 5688 in

162 5705 320 5786 imperitus
334 5705 458 5766 mutavit
471 5704 502 5764 in
517 5704 694 5766 boructuari.
718 5648 894 5766 garbariam
920 5701 991 5784 legit
1043 5719 1126 5783 rapae
1140 5718 1188 5768 run
1202 5709 1285 5766 natta
1297 5705 1337 5764 et
1346 5716 1463 5780 pauper.
1479 5700 1579 5780 Regno
1597 5705 1696 5763 autem
1703 5716 1797 5775 magis
1811 5715 1869 5775 po-
