4056 6156
107 231 143 302 el
564 233 881 304 taseeseaearto
902 233 1072 304 REGULAE
1093 233 1352 304 e.sacs0e{11.
1606 253 1610 260 '
1773 233 1815 306 69

107 373 206 443 tanet;
222 373 251 429 et
265 371 420 444 evaginato
434 370 543 446 gladio,
565 377 699 430 nostrum
714 376 862 446 exspectat
884 373 935 429 ad·
949 372 978 442 A
992 371 1208 445 apprehensum
1224 371 1373 428 mordicus
1387 367 1519 428 catulum
1533 370 1680 431 matutina
1693 372 1776 431 eitert
1789 375 1812 445 ⁴,

106 465 241 517 ventum.
258 461 374 518 Interea
388 461 484 518 tribus
498 461 590 518 terme
612 460 657 518 vel
681 467 807 532 quatuor
829 460 936 518 cubitis
991 459 1134 532 nobisque
1148 459 1225 516 cedit
1239 460 1412 534 hospitium.
1428 460 1528 533 Neque
1543 465 1640 519 brnen
1654 463 1727 526 satis
1748 480 1810 522 cre·

107 549 294 624 introgresso
309 548 430 618 famulo,
445 550 531 606 nobis
553 566 587 606 ex
612 550 725 606 occulto
741 555 855 623 tergum
872 552 936 621 ejus
992 549 1064 616 doli,
1082 550 1182 606 statim
1205 549 1388 622 erumpimus
1406 567 1412 606 τ
1430 550 1481 607 sed
1505 557 1706 623 exspectantes
1720 555 1731 590 ⁸
1746 553 1809 621 diu,

106 637 281 695 ridentibus
295 639 374 708 (nam
389 637 542 694 oculorum
564 638 730 695 istiusmodi
755 644 862 696 natura
882 642 936 706 est,
991 643 1020 695 et
1034 639 1131 711 egredi
1146 639 1319 711 cogitantes,
1335 637 1415 695 illius
1430 639 1515 696 nobis
1540 639 1740 712 figurabamus
1761 659 1814 699 oc·

105 732 143 784 nt
157 731 228 801 post
242 727 333 784 solem
343 726 741 795 umbrasintrantibus,caeca
756 728 817 784 sint
827 727 937 799 omnia)
993 744 1124 784 cursum.

105 832 165 872 vox
180 832 235 890 per
246 819 364 878 antrum
378 819 464 873 sonat
479 833 487 872 t
503 817 595 884 ttrite,
611 816 755 884 lurciteri;
775 815 859 885 exite,
876 833 938 872 mo·
1028 816 1072 873 lc.
1087 818 1213 874 Pericula
1228 817 1359 874 liberatus
1372 817 1408 872 ud
1422 817 1566 874 moncellos
1590 819 1670 875 redit.
1686 850 1721 862 -
1735 821 1812 877 Sub·

108 904 199 960 rituti
216 921 224 960 :
240 904 310 978 quid
323 903 430 961 statis?
445 904 515 976 quid
539 905 717 961 moramini?
739 905 824 975 exite,
843 903 938 960 domi·
993 904 1051 962 lato
1066 922 1134 978 ergo
1149 905 1277 974 horrore,
1293 910 1323 962 et
1335 904 1386 961 illa
1399 909 1549 963 transacta
1563 907 1610 964 die
1623 908 1816 981 ‘egredimur

106 1009 167 1049 nus
183 996 278 1060 vocat,
291 993 436 1065 patienter
449 997 599 1066 exspectat
613 993 740 1050 tachos
754 992 937 1065 loquebatur,
993 996 1030 1050 ad
1044 1011 1196 1067 vesperam
1207 1012 1213 1064 ;
1225 994 1411 1067 vidimusque
1423 994 1682 1068 camelos,qc0sob
1694 995 1816 1054 nimiam

106 1087 138 1138 et
157 1097 228 1138 ecce
242 1098 297 1154 per
314 1083 453 1138 tenebras
477 1081 638 1154 aspicimus
653 1081 774 1138 tecnam
798 1082 940 1139 invasisse
993 1083 1175 1140 velocitatem
1198 1084 1399 1140 dromedarius
1420 1089 1534 1152 vocant,
1551 1084 1712 1158 prseteritos
1736 1085 1817 1143 cibos

106 1170 275 1239 hominem,
291 1173 321 1226 et
333 1175 454 1243 gutture
467 1170 775 1242 suffocato,cruenlum
791 1171 868 1227 intro
878 1175 938 1227 tra·
994 1173 1024 1227 in
1039 1189 1088 1230 ore
1103 1173 1225 1238 volvere,
1235 1176 1264 1228 et
1277 1173 1307 1228 in
1319 1172 1416 1228 alvum
1428 1173 1519 1229 missu
1533 1172 1642 1230 iterum
1657 1173 1815 1232 retrahere.

106 1259 195 1316 here.
215 1258 286 1316 lesu
307 1259 394 1328 bone,
410 1259 482 1331 quid
507 1264 577 1316 tunc
600 1259 720 1316 terroris
746 1260 842 1328 nobis,
867 1259 938 1333 quid
994 1260 1105 1326 Quibus
1120 1261 1261 1329 ascensis,
1277 1265 1305 1317 et
1319 1277 1394 1317 nova
1408 1261 1537 1328 sitarcia,
1554 1262 1583 1318 id
1603 1267 1649 1318 est
1663 1264 1683 1331 ⁷,
1699 1279 1818 1320 annona

109 1347 217 1422 gandii
241 1347 307 1404 tuiti
322 1348 547 1420 spectabamus,
563 1348 681 1405 dominc
705 1349 863 1418 nesciente,
883 1349 938 1405 hc·
995 1348 1174 1416 reforcillati,
1189 1349 1302 1406 decima
1315 1349 1434 1404 tandem
1445 1348 1491 1405 die
1504 1349 1539 1405 ad
1551 1350 1683 1406 Romana
1703 1366 1755 1422 per
1769 1351 1818 1408 de-

109 1441 191 1494 stam
207 1442 340 1494 nostrum
355 1437 465 1509 perire;
478 1438 530 1509 qui
541 1437 731 1494 cumvideret
744 1436 829 1494 illum
842 1455 939 1494 moras
994 1442 1105 1496 sertum
1122 1442 1219 1495 caetra
1234 1439 1378 1494 venimus.
1393 1437 1547 1510 Oblatique
1561 1438 1755 1509 tribunc,rem
1768 1455 1816 1495 or·

107 1526 217 1592 secem,
235 1526 408 1597 suspicatus
430 1529 476 1583 eet
499 1527 574 1583 duos
598 1526 650 1582 uni
679 1526 823 1583 resistere.
841 1526 941 1583 Sedet
996 1527 1062 1584 dine
1077 1527 1260 1600 pandimus⁸
1277 1545 1284 1582 ε
1301 1527 1369 1583 inde
1383 1527 1551 1583 transmissi
1575 1527 1611 1583 ad
1632 1527 1818 1586 Sabienum⁹

105 1613 183 1671 iram
198 1613 320 1670 differre
336 1613 522 1682 convalens,
538 1615 614 1670 sicut
628 1615 744 1671 tenebat
759 1614 891 1688 gladium
904 1616 941 1672 ad
995 1616 1211 1688 Mesopotamiae
1227 1616 1343 1683 ducam,
1359 1615 1538 1672 camelorum
1554 1615 1680 1688 pretium
1705 1617 1817 1691 accepi-

106 1702 286 1775 speluncam
300 1703 353 1760 48
364 1703 459 1773 venit;
476 1708 505 1759 el
519 1703 646 1760 clamore
670 1703 772 1760 rabido
798 1703 874 1760 servi
896 1703 941 1761 in·
996 1705 1118 1762 mushlt
1132 1705 1275 1776 quiajam
1290 1705 1382 1760 abbas
1397 1703 1446 1761 ille
1461 1720 1544 1762 meus
1555 1705 1715 1762 dormierat
1724 1706 1754 1762 in
1765 1707 1818 1762 Do·

106 1808 235 1866 crepans
250 1791 418 1849 socordiam
432 1791 541 1861 ¹,priua
557 1809 574 1848 a
588 1792 649 1848 iera
663 1797 788 1861 tenetur,
801 1809 891 1867 quam
906 1792 943 1849 ad
998 1793 1094 1860 mino;
1117 1793 1153 1848 ad
1169 1793 1229 1849 hee
1245 1791 1360 1850 delatus
1383 1791 1447 1850 loca
1470 1808 1518 1848 me
1541 1793 1695 1851 monachis
1718 1795 1818 1866 reddo,

107 1885 228 1938 nostru
243 1880 373 1938 latebras
389 1880 638 1953 perveniretouis
654 1879 708 1938 hcc
724 1897 867 1954 umquam
885 1897 944 1938 cre·
997 1881 1073 1938 banc
1097 1883 1180 1938 trado
1203 1881 1379 1954 virginibus,
1395 1880 1520 1954 diligens
1542 1897 1607 1938 eam
1631 1886 1665 1939 ut
1678 1899 1819 1953 sororem,

8 2033 11 2042 ,
107 1969 203 2040 derel,
219 1973 255 2025 ut
272 1973 341 2026 ante
356 1973 553 2038 mnostrum,
570 1969 664 2026 bestia
683 1985 734 2042 pro
751 1969 836 2028 nobis
856 1971 943 2027 dimi·
998 1987 1057 2026 non
1072 1974 1170 2027 tamon
1183 1970 1208 2027 ei
1225 1987 1272 2026 me
1286 1970 1407 2027 credens
1431 1975 1464 2027 ut
1488 1969 1590 2028 sorori.
1607 1971 1673 2028 tiae
1688 1972 1761 2029 mihi
1776 1989 1821 2030 se·

109 2057 212 2114 caret?
226 2056 351 2114 Sublato
366 2061 465 2115 autem
479 2057 530 2115 illo
546 2063 637 2125 metu,
654 2056 762 2114 similia
782 2063 849 2115 ante
875 2075 943 2117 ocu·
998 2075 1054 2116 nex
1069 2057 1202 2116 Malchus
1213 2057 1460 2115 ¹⁰adolescentulo
1475 2059 1585 2116 retulit.
1601 2061 1729 2134 Haeoego
1739 2061 1821 2118 vobis

110 2147 157 2203 los
173 2150 293 2203 nostros
307 2146 482 2204 versabatur
496 2147 650 2215 interitus;
667 2146 723 2203 nisi
735 2148 813 2219 quod
825 2148 944 2221 potius⁸
999 2148 1113 2206 narravi
1129 2164 1226 2215 senex,
1243 2147 1333 2205 castis
1347 2147 1500 2204 historiam
1523 2148 1668 2207 castitatis
1690 2149 1820 2222 exposui.

110 2239 174 2292 arat
188 2235 305 2292 rabiem
317 2234 424 2304 leonis,
441 2251 531 2308 quam
547 2235 621 2292 iram
637 2235 765 2292 hominis
780 2237 939 2296 sustinere.
997 2237 1133 2310 Virgines
1148 2237 1168 2272 ¹¹
1180 2236 1345 2294 castitatem
1360 2236 1506 2294 custodire
1521 2236 1666 2296 exhortor.
1681 2238 1740 2296 Vos
1755 2257 1821 2296 nar·

110 2325 257 2382 Pacemne
269 2323 469 2393 intrinsecus;
495 2327 523 2380 et
548 2341 585 2380 ne
607 2339 722 2380 morere
747 2324 865 2396 quidem
890 2342 944 2382 nos
999 2331 1061 2383 rate
1075 2325 1211 2398 posteris,
1224 2329 1257 2380 ul
1271 2324 1366 2382 sciant
1390 2324 1466 2381 inter
1489 2325 1612 2398 gladios,
1632 2331 1661 2383 ct
1680 2327 1757 2384 inter
1770 2328 1820 2384 de-

113 2413 190 2482 suei,
204 2411 454 2486 prestolabamur
467 2417 604 2469 eventum
620 2411 672 2482 rei,
684 2413 760 2469 inter
774 2417 857 2470 tanta
872 2413 945 2488 peri·
999 2417 1078 2469 serta
1092 2416 1120 2468 et
1135 2411 1254 2480 bestias,
1271 2411 1443 2484 pudicitiam
1459 2429 1623 2485 numquam
1646 2429 1710 2471 esee
1730 2416 1821 2487 capti-

114 2499 345 2573 cula,pudicitis
359 2505 477 2558 tantum
493 2501 672 2559 conscientia
686 2517 832 2574 promuro
858 2502 943 2575 septi.
999 2517 1066 2557 vam
1092 2517 1098 2556 :
1122 2504 1152 2556 et
1171 2500 1321 2556 hominem
1342 2498 1457 2556 Christo
1481 2499 1611 2558 deditam
1634 2518 1720 2574 posse
1735 2503 1822 2572 mori,

114 2595 220 2648 usna
232 2589 356 2648 insidias
371 2605 489 2660 cavam,
504 2595 535 2648 et
557 2590 652 2647 uisam
672 2605 737 2647 ease
757 2607 788 2648 se
804 2591 944 2659 centiens,
1000 2606 1058 2646 non
1074 2605 1159 2663 posse
1175 2588 1317 2662 superari.

150 2777 242 2836 ¹flae
262 2779 406 2851 patenter
428 2783 575 2849 exspectet,
597 2793 751 2850 perperam
775 2777 890 2838 intrusa
903 2779 945 2834 vi-
1000 2777 1098 2848 cdepto
1112 2778 1254 2849 repentine
1264 2779 1397 2848 potestate
1409 2778 1538 2849 sufflans,
1555 2793 1643 2862 quem
1667 2780 1754 2852 paulo
1780 2781 1822 2838 in·

116 2851 255 2918 deantur,
271 2849 397 2907 certain
408 2846 489 2904 nullo
503 2864 560 2904 ms.
576 2847 753 2931 invenimus.
1003 2850 1045 2904 lra
1059 2850 1198 2906 hominem
1209 2850 1292 2922 parui
1305 2851 1468 2975 augustique
1481 2851 1571 2906 anime
1584 2855 1678 2906 vocat.

149 2920 295 2995 ¹Vulgati
311 2920 380 2976 libri
394 2919 560 2986 vecordium,
571 2921 761 2976 renuentibus
778 2921 946 2978 msDeinde
1036 2921 1226 2976 ⁹Troesmleai
1248 2919 1283 2975 ud
1306 2919 1342 2975 So
1362 2936 1500 2988 soranum,
1524 2925 1580 2976 etc.
1602 2920 1644 2978 De
1664 2922 1822 2980 Sabiniano

115 2992 239 3052 Victor..
258 2994 320 3065 Qui
332 2995 408 3060 socc,
423 2992 472 3063 qui
486 2991 535 3046 boc
548 2990 696 3059 crederiol,
712 2995 767 3048 etc.
1002 2991 1217 3063 Mesopotamiae
1229 2990 1303 3046 duce
1317 2991 1436 3063 scripsit
1451 2992 1626 3048 Ammianus
1637 2992 1822 3052 Marcellinus

153 3064 165 3100 ⁸
181 3063 259 3119 aeia
273 3065 337 3121 Nisi
350 3062 423 3135 quod
437 3062 523 3118 tutius
538 3065 608 3131 eret,
623 3065 677 3118 etc.
1002 3061 1052 3118 lib.
1069 3079 1150 3117 auur.
1606 3063 1749 3120 Messian.

153 3136 165 3168 ⁸
179 3135 229 3190 Sic
245 3151 321 3192 mss.
336 3134 431 3190 nostri
445 3148 558 3202 omncs,
577 3136 605 3188 ot
623 3136 748 3205 quatuor
762 3131 821 3202 alii,
837 3114 982 3214 quibusC
1037 3134 1058 3168 ¹⁰
1073 3130 1229 3214 llaecumilti
1250 3146 1335 3187 cenes
1357 3132 1487 3214 llolchm,
1503 3134 1558 3189 etc.
1571 3133 1674 3190 Varias
1693 3135 1740 3192 hic
1755 3135 1824 3193 reti-

117 3205 310 3263 numanam
330 3221 403 3262 usus
419 3208 475 3272 cst,
491 3205 777 3277 quitamenmclore
798 3203 869 3276 legit
915 3221 947 3260 ro
1002 3203 1309 3260 uentlactroncemss.
1326 3204 1601 3285 exemplariapatn'
1616 3206 1718 3263 Pithcei
1734 3208 1825 3265 codex

117 3279 269 3334 mantino.
284 3276 444 3345 Victorius,
455 3291 549 3350 coque
563 3275 882 3332 vetustioresneulrum
895 3221 948 3332 ha·
1001 3274 1072 3348 legit
1086 3275 1141 3332 hoc
1157 3273 1243 3330 modo
1260 3291 1267 3329 :
1288 3294 1299 3321 α
1317 3275 1380 3330 llac
1403 3275 1476 3331 mibi
1498 3292 1586 3333 senex
1607 3276 1741 3335 Metabus
1754 3279 1824 3337 ado-

118 3349 203 3405 bant
1001 3345 1123 3403 lcscenti
1138 3343 1316 3401 retulittlaec
1331 3361 1399 3418 ergo
1422 3347 1505 3404 vobis
1529 3364 1615 3404 narro
1636 3351 1826 3416 senex,castis

151 3419 334 3477 -cutctom
360 3421 481 3474 emtore.
503 3418 536 3473 ln
552 3420 679 3490 quatuor
695 3433 766 3474 mss.
783 3416 945 3485 codicibus,
1002 3417 1155 3474 historiam
1171 3416 1398 3473 castitatistiec
1422 3420 1824 3494 exponoevirginibus,vir-

112 3495 293 3564 promotore
307 3489 640 3562 legimusmotutiuo,id
655 3493 708 3556 est,
724 3488 846 3544 catulum
860 3497 948 3544 motu-
1022 3489 1153 3545 icitetem
1182 3488 1328 3570 exhortor.
1343 3485 1411 3570 'Vos
1437 3495 1553 3546 narrate
1575 3493 1712 3564 posteris,
1739 3499 1823 3550 »eto

113 3563 181 3616 tino
197 3562 289 3632 effert.
729 3559 874 3616 Macrian.
1048 3559 1101 3616 teri
1126 3559 1239 3616 codices
1260 3560 1401 3616 Avenrcn.
1419 3565 1448 3618 et
1462 3560 1560 3618 Totos.
1587 3581 1594 3619 :
1620 3585 1635 3613 o
1660 3563 1727 3621 Hac
1751 3565 1824 3622 mihi

158 3629 865 3701 ⁸Unusvuie.,uespeetnm1ullo;tumomnes
878 3631 947 3702 liqu-
1001 3647 1090 3688 senex
1118 3629 1251 3688 Malchus
1278 3629 1495 3688 adolescentulo
1514 3631 1689 3716 Hieronymo
1713 3635 1823 3693 retulit.

115 3718 222 3758 remees
235 3717 290 3776 pro
355 3703 491 3758 mamm.
1001 3702 1066 3759 Hac
1080 3717 1133 3776 ego
1148 3701 1229 3759 vobis
1245 3702 1360 3756 narravi
1376 3717 1474 3772 sonex,
1490 3703 1579 3760 castis
1602 3703 1755 3761 historiam
1777 3724 1824 3764 ea·

153 3773 261 3830 ‘ldem
301 3773 366 3828 atie.
380 3773 434 3828 sut
446 3775 502 3828 toli
516 3787 578 3844 erpo
593 3771 716 3829 custodio
739 3779 765 3829 el
787 3773 839 3829 illo
853 3775 945 3828 treas·
1001 3774 1110 3830 stitatis
1125 3771 1255 3846 exposui.
1269 3772 1441 3845 Virginibus
1455 3774 1653 3847 virginitatem
1678 3778 1825 3836 custodire

113 3853 183 3902 scta
197 3845 276 3907 dieu
293 3841 378 3899 alins.
394 3843 448 3900 Sol
462 3845 516 3900 toli
527 3859 592 3914 erpo
606 3851 721 3911 terrere
737 3849 791 3900 etc.
1000 3845 1171 3902 monstravi.
1187 3845 1328 3900 dehortor
1343 3844 1469 3917 denique
1483 3862 1534 3902 vos
1556 3863 1675 3904 narrare
1688 3850 1824 3920 posteris,

144 3914 408 3999 ‘'lcuuaistbao,
433 3915 462 3971 id
488 3923 527 3972 est
550 3930 673 3998 canona,
690 3915 767 3987 quod
793 3913 876 3997 scioli
902 3920 946 3970 cst
1000 3921 1042 3984 ut,
1058 3939 1072 3966 a
1090 3923 1144 3972 etc.
1342 3987 1347 3998 α
1410 3989 1414 4000 Ι
1478 3989 1484 4001 1
1605 3917 1749 4004 blenarus.

111 3985 946 4131 ‘ttttftttttttttttttttetitt...-
998 3985 1825 4130 ..ttttttttlttfeistettensis

110 4127 149 4184 sd
165 4127 378 4197 mamam,-
393 4128 462 4187 olim
480 4133 542 4186 erat
560 4129 705 4197 Sabinum,
719 4134 850 4202 etpenes
865 4127 943 4184 Mar·
998 4128 1224 4194 interseruntur,
1247 4128 1371 4199 Virpinee
1393 4133 1545 4187 caetitatem
1569 4133 1704 4190 melodice
1723 4135 1825 4191 ecber-

111 4199 239 4258 tineum
267 4201 343 4258 roes
369 4205 438 4273 typo
461 4199 620 4272 raphorum
648 4216 746 4256 errore
774 4199 941 4256 sablonum.
999 4207 1050 4269 tor,
1067 4200 1098 4256 in
1114 4217 1172 4258 uno
1187 4203 1303 4256 walum
1314 4217 1385 4257 mss.
1398 4201 1574 4259 invenimus.

111 4272 292 4330 Ammianus
326 4216 515 4328 Mmtfinus
549 4271 599 4328 lib.
638 4288 708 4330 xvnr
738 4287 744 4326 :
775 4271 943 4327 Sabinianus

349 4566 407 4652 IN
436 4565 895 4680 SUBSEQUENTEM
931 4565 975 4653 S.
1006 4565 1286 4655 PACHOMII
1316 4567 1591 4658 REGULAM

638 4735 662 4789 Α
681 4733 711 4790 S.
731 4732 946 4791 elseorlutto
966 4732 1097 4790 LATlNll
1116 4733 1304 4792 REDDITAM

855 4879 1090 4944 indomito.

139 5151 321 5213 collectioni
334 5153 629 5228 hieronymianorum
644 5169 777 5228 operum,
790 5169 879 5227 qnam
893 5154 1084 5222 adornamus,
1099 5153 1195 5227 primo
1210 5155 1312 5212 isthec
1325 5155 1436 5213 accedit
1451 5155 1638 5214 S.Pacbomii
1652 5154 1826 5216 Tabennec'

99 5245 192 5303 sium
208 5243 421 5300 monachorum
437 5243 531 5300 Petris
547 5243 667 5316 Regulo,
683 5260 772 5316 quam
788 5243 905 5316 Syriaca
928 5243 964 5300 ab
989 5242 1053 5315 ipso
1078 5248 1196 5301 auctore
1219 5244 1426 5317 conscriptam,
1444 5246 1549 5303 deinde
1571 5245 1669 5303 Gracc
1690 5262 1828 5326 sermone

99 5331 273 5402 redditam,
289 5331 425 5406 aliisque,
442 5337 476 5390 ut
497 5349 551 5407 par
574 5335 620 5389 est
647 5334 775 5402 credere,
793 5331 947 5400 Theodori,
965 5335 1053 5404 atqua
1076 5333 1197 5389 Orsiasii
1212 5332 1363 5406 preceptis
1387 5333 1589 5407 institutisque
1604 5333 1823 5406 locupletatam,

100 5423 312 5495 Hieronymus
327 5421 362 5478 sd
375 5421 622 5496 presbyterorum,
640 5423 750 5479 Leontii
765 5438 799 5478 ac
814 5420 924 5478 Silvani
939 5436 1039 5496 preces
1054 5421 1167 5478 Latinis
1181 5421 1287 5478 litteris
1298 5421 1556 5497 explicavitdtque
1566 5421 1743 5496 illaquidem
1754 5441 1825 5483 non·

99 5513 185 5570 dum
204 5507 479 5570 ebibliothecarum
494 5509 601 5570 loculis
617 5511 762 5584 prodierat
776 5509 805 5568 iu
821 5511 927 5581 lucem,
944 5525 1012 5568 cum
1026 5509 1177 5583 tirasmus,
1194 5516 1223 5569 et
1237 5515 1338 5584 postea
1353 5512 1498 5572 Victorius
1514 5527 1631 5586 quoque
1641 5528 1712 5572 suas
1724 5513 1824 5574 editio·
