4100 6156
171 275 226 343 lt'l
568 275 620 343 nu
642 271 853 344 estuaret
874 271 1130 342 vtttotturtru
1151 271 1188 340 B.
1211 272 1347 342 beate
1369 275 1498 342 trusa.
1815 278 1875 344 tus

174 413 505 488 gumententurludei,
532 414 624 471 lsaia¹
649 415 774 481 dicente,
796 416 861 470 Ecce
875 416 952 484 uirgo
966 415 996 469 in
1011 414 1037 480 Α
1053 429 1168 468 oaorem
1196 429 1285 480 suana,
1311 418 1337 468 et
1361 429 1414 469 aaa
1438 416 1613 484 cognoscebat
1632 427 1703 480 cam
1725 414 1809 470 ‹loaec
1831 431 1875 486 pe-

169 513 246 559 utero
273 502 416 568 concipiet,
443 507 469 558 et
492 505 583 576 pariet
610 505 702 575 filium
729 503 858 574 lisama
883 504 940 574 ll‚)
962 502 993 557 in
1045 502 1229 574 peritiiitum,
1246 509 1271 557 et
1290 505 1395 558 uocauit
1417 518 1517 558 nomen
1539 504 1596 575 qais
1618 505 1710 560 lesum
1731 503 1835 572 (liuttia
1854 521 1873 566 ι,

169 593 289 649 Hebrao
300 591 480 662 juvenculam
506 592 648 664 scriptum
678 609 752 657 esse,
773 609 830 648 non
846 593 994 661 virpiaem,
1047 592 1094 656 et,
1108 592 1166 658 25.)
1190 591 1220 646 In
1246 606 1304 661 quo
1317 591 1450 663 'primum
1466 591 1648 648 adversarius
1665 593 1812 663 superfluo
1831 591 1874 648 la·

169 681 199 736 id
230 684 286 746 est,
308 697 415 743 amun,
440 696 498 735 non
528 680 683 736 asaneus?
711 681 860 736 adversus
875 695 948 752 quos
964 679 994 733 in
1049 678 1118 734 bore
1134 679 1269 744 desudat,
1286 680 1481 752 cognoscendi
1497 681 1617 735 verbum
1633 679 1668 734 ad
1684 679 1793 734 coitum
1809 697 1874 736 ma·

171 767 306 824 alioloco
335 767 551 840 competentius
574 769 765 825 disseremus.
795 769 925 840 Denique
950 783 996 823 es·
1049 767 1106 841 gis,
1122 783 1209 838 quam
1236 767 1272 822 ad
1303 768 1456 822 scientiam
1485 768 1690 824 relerendum:
1720 767 1876 840 quasihoo

171 856 388 930 ceploloseph,
405 864 433 912 et
446 855 606 926 Elisabeth,
621 862 651 912 et
668 857 735 929 ipsa
759 857 860 924 Maria,
878 856 997 929 paucis·
1051 856 1209 928 quisquan.
1226 858 1384 928 negaverit,
1409 861 1437 912 et
1460 873 1510 912 eas
1532 855 1659 930 ineptias
1682 872 1757 928 quas
1777 857 1875 912 redar-

169 961 230 1017 que
243 945 416 1010 admodum,
431 943 456 1000 si
470 962 545 1018 quos
569 947 606 1001 ab
632 945 679 1002 his
704 946 822 1001 audisse
837 961 997 1018 possumus
1051 945 1124 1017 guil,
1141 943 1299 1016 aliquando
1314 946 1444 1017 prudens
1469 944 1616 1018 quispiam
1633 945 1760 1018 potuerit
1776 945 1875 1018 suspi-

132 1059 138 1068 ·
167 1034 663 1102 estimare,omneslesumfilium
676 1034 995 1106 aestimabantloseph;
1051 1033 1120 1089 nari.
1140 1031 1450 1101 lleindevultdooere,
1475 1035 1553 1106 quod
1577 1035 1674 1100 donec,
1700 1033 1761 1090 sive
1780 1051 1875 1105 usque,

166 1123 330 1188 intantum,
348 1125 381 1176 ut
399 1123 487 1176 etiam
512 1121 702 1195 Evangelista
728 1121 894 1195 opinionem
918 1121 998 1194 vulgi
1052 1121 1220 1177 adverbium
1233 1123 1254 1189 ⁶,
1270 1127 1380 1177 eertum
1397 1127 1514 1195 tompus
1538 1123 1702 1194 significet:
1720 1139 1778 1195 quo
1796 1139 1877 1178 eom-

166 1211 377 1282 exprimentes,
394 1226 458 1280 que
484 1225 550 1265 vera
576 1209 704 1266 historin
729 1209 774 1265 lex
795 1212 870 1278 est’,
886 1215 998 1282 patrem
1053 1210 1130 1283 plato
1147 1211 1198 1264 siat
1213 1210 1252 1278 id,
1273 1211 1350 1282 quod
1367 1227 1461 1280 usqae
1485 1211 1520 1265 ad
1547 1211 1621 1266 illud
1644 1211 1785 1283 temporis
1799 1211 1876 1282 quod

165 1315 237 1355 eum
253 1297 383 1354 dixerint
398 1297 568 1363 salvatoris,
586 1302 618 1354 ut
634 1297 685 1365 ibi,
705 1301 743 1353 ot
765 1300 839 1354 uertit
853 1299 884 1352 ia
898 1299 999 1370 spiritu
1055 1299 1257 1372 prescriptam
1282 1303 1336 1366 est,
1361 1315 1418 1354 non
1442 1299 1540 1364 fiebat,
1565 1297 1644 1353 arelat
1664 1299 1692 1354 in
1720 1299 1875 1372 presenti:

166 1391 198 1443 ia
214 1388 349 1459 tempium
366 1387 456 1459 (haud
486 1386 611 1442 dubium
637 1387 709 1459 quia
739 1387 879 1458 Simeon,)
899 1395 925 1442 et
938 1403 1000 1442 cum
1054 1390 1087 1443 b't
1122 1403 1177 1442 aen
1214 1388 1387 1459 cognoscebat
1415 1403 1485 1452 eam,
1520 1386 1603 1442 doacc
1636 1389 1745 1459 peperit
1775 1386 1876 1456 filium.

166 1475 334 1532 inducerent
346 1484 472 1547 parentes
492 1475 553 1547 ejus
570 1492 690 1547 puerum
712 1477 813 1542 lesum,
838 1483 868 1532 at
881 1477 1002 1546 facerent
1056 1479 1194 1548 Apparet,
1231 1475 1338 1547 inquit,
1366 1476 1513 1548 cognitam
1552 1491 1617 1530 esse
1653 1481 1720 1546 post
1748 1480 1876 1547 partum,

166 1565 200 1621 de
214 1565 264 1620 illo
289 1563 442 1620 secuudum
464 1565 689 1621 consuetudinem
712 1565 778 1636 lepis
797 1565 873 1635 (Lac.
890 1582 921 1631 ιι,
942 1564 999 1636 27.)
1055 1566 1140 1635 eujus
1156 1564 1351 1636 cognitionem
1366 1563 1416 1619 filii
1429 1568 1543 1619 tantum
1557 1563 1708 1620 dillerebat
1719 1564 1876 1635 generatio.

166 1652 310 1710 Etslibi:
327 1655 458 1708 Eterant
480 1657 560 1722 poter
583 1654 663 1708 iliius
687 1660 712 1708 et
729 1662 819 1708 mater
832 1652 1002 1708 admirantes
1056 1655 1091 1709 Et
1110 1653 1145 1708 ad
1172 1653 1226 1708 hoc
1251 1653 1473 1725 approbandum
1498 1654 1629 1725 congerit
1655 1653 1691 1708 de
1719 1652 1879 1726 Scripturis

146 1741 309 1814 ,superbis
325 1740 563 1811 praedicebantur·
589 1743 626 1797 aie
653 1756 683 1796 eo
708 1741 787 1812 (ibid.
812 1742 869 1812 33.)
888 1741 1188 1844 ditur-Bexempla
1211 1742 1439 1814 quamplurima,
1470 1758 1550 1797 more
1575 1741 1788 1798 andabatarum
1816 1741 1880 1815 gla-

167 1830 308 1887 sum-a
321 1831 401 1885 ibant
411 1834 541 1902 parentes
565 1831 624 1900 ejau
645 1846 696 1900 per
716 1847 821 1884 aonam
840 1832 1001 1886 interum-
1055 1831 1137 1886 dium
1163 1831 1174 1864 ⁶
1203 1832 1232 1885 in
1262 1831 1392 1886 tenebris
1414 1830 1570 1896 ventilans,
1592 1829 1748 1904 ellingae
1773 1847 1878 1887 sonum

168 1920 226 1975 iera
240 1921 272 1972 in
293 1919 413 1974 solemni
434 1917 479 1974 die
501 1917 614 1974 Pascite
637 1917 718 1989 (ibid.
741 1919 795 1988 ll.)
820 1920 859 1974 ho
874 1919 998 1974 deinde:
1055 1921 1089 1976 ad
1106 1919 1299 1976 confodienda
1314 1920 1360 1975 sui
1376 1923 1491 1975 tantum
1509 1919 1638 1992 corporis
1662 1921 1796 1976 membra
1810 1937 1878 1976 coa-

172 2010 208 2063 Et
234 2008 370 2079 completis
398 2006 494 2062 limbus
530 2023 593 2062 eam
624 2012 835 2076 reuerterentur,
869 2011 1003 2064 remansit
1056 2008 1179 2064 cutiens,

171 2098 327 2170 micam
341 2098 372 2150 ia
394 2096 559 2161 teutatem,
583 2100 609 2151 et
634 2111 690 2152 tion
704 2105 885 2167 cognorerunt
902 2113 1001 2168 paren-
1090 2099 1117 2153 6.
1133 2100 1322 2172 literonymas.
1337 2129 1371 2138 -
1387 2099 1429 2153 nd
1444 2099 1522 2170 quod
1544 2115 1597 2154 uos
1620 2099 1748 2155 breviter
1763 2115 1881 2172 respon-

174 2183 452 2256 tesepuslibidda)
477 2185 542 2256 ipsa
565 2201 681 2257 quoque
705 2185 796 2241 Maria
814 2187 1001 2258 quaeadGa-
1056 2188 1171 2252 demus,
1201 2194 1228 2242 et
1254 2189 1438 2258 cognoscebat,
1462 2195 1487 2243 ct
1516 2203 1608 2260 ruspare,
1643 2203 1820 2255 sermonem,
1850 2188 1880 2244 in

172 2273 297 2331 brielem
325 2273 527 2345 responderat,
557 2273 670 2342 dicens,
699 2275 836 2342 Quomodo
862 2277 914 2330 erit
942 2275 1001 2340 boc,
1056 2275 1215 2347 Scripturis
1240 2276 1362 2342 sanctie,
1390 2274 1546 2347 dupliciter
1571 2275 1703 2348 intelligi.
1730 2277 1764 2331 ttt
1788 2277 1823 2332 de
1846 2293 1880 2332 eo

170 2364 240 2435 quio
256 2364 350 2416 airam
363 2377 419 2416 noa
434 2363 554 2433 cognovi,
575 2361 646 2432 quid
670 2362 706 2417 de
729 2361 835 2435 loseph
860 2361 1000 2434 loquitur,
1056 2362 1174 2434 quidem
1190 2363 1267 2435 quod
1282 2363 1424 2435 seriptum
1439 2367 1494 2430 est,
1511 2364 1694 2433 cognoscebat,
1710 2363 1745 2418 ad
1768 2363 1879 2419 coitum

170 2451 329 2508 ausculta:
355 2450 420 2513 Fili,
444 2450 509 2521 qaid
532 2451 623 2520 tacisti
653 2451 730 2506 nobis
753 2453 816 2505 sict
838 2453 903 2507 Ecce
926 2459 1003 2521 pater
1057 2467 1121 2506 esse
1135 2449 1331 2516 reserandum,
1348 2451 1412 2521 ipso
1430 2449 1588 2505 disseruit:
1614 2448 1695 2503 nullo
1716 2448 1879 2519 dubitante,

170 2549 238 2596 tuas
265 2541 291 2594 et
321 2554 380 2607 epo,
410 2537 529 2594 dolentes
563 2539 762 2610 querebamus
780 2543 806 2594 te
833 2539 914 2608 (ibid.
945 2541 1002 2610 tu.)
1056 2538 1128 2610 quin
1144 2539 1180 2594 ad
1195 2539 1347 2595 scientiam
1363 2553 1438 2610 sepe
1453 2538 1606 2608 rotaretur,
1631 2541 1664 2593 ut
1686 2538 1745 2592 ibi:
1762 2539 1879 2594 demort-

170 2629 237 2684 Non
252 2627 302 2681 hic
317 2626 486 2682 ludaeorum
498 2628 519 2694 ³,
537 2634 569 2682 ut
593 2627 723 2700 plerique
747 2633 1001 2700 argumentantur,
1056 2630 1092 2684 sit
1106 2644 1174 2700 puer
1187 2629 1264 2684 lesus
1280 2629 1310 2682 ia
1328 2628 1480 2683 ierusalem
1500 2635 1526 2682 ct
1549 2643 1604 2682 noa
1630 2631 1812 2697 cognorerunt
1828 2645 1881 2700 pa-

170 2733 232 2774 non
247 2715 439 2772 illudentium
453 2733 507 2772 vox
529 2721 583 2772 est.
610 2716 800 2789 Evangeliste
825 2723 938 2790 patrem
953 2717 1003 2774 lo·
1057 2724 1146 2772 rentes
1160 2719 1228 2788 ejus.
1245 2717 1328 2772 Nunc
1350 2714 1422 2771 iliud
1447 2720 1491 2771 ost
1515 2705 1740 2783 ostendendum,
1762 2721 1793 2771 ut
1808 2733 1880 2788 quo·

172 2805 247 2878 seph
265 2804 388 2860 dieunt:
406 2809 519 2876 patrem
546 2805 638 2861 Maria
666 2806 828 2862 confitetur.
846 2806 1002 2879 Nonqaod
1059 2807 1145 2862 modo
1165 2805 1205 2860 ibi
1230 2803 1473 2860 consuetudinem
1503 2805 1658 2876 Scriptura
1683 2809 1802 2860 secutus
1824 2809 1879 2874 est,

173 2897 220 2966 tut
249 2893 389 2966 superius
416 2892 551 2960 indic-avi)
576 2910 641 2949 vere
672 2899 754 2966 pater
776 2895 884 2967 loseph
918 2896 1005 2951 luerit
1059 2893 1357 2962 sicetiamindoaec,
1384 2893 1516 2964 ejusdem
1537 2893 1880 2965 Scripturmauetoritate

173 2981 354 3049 Salvateris3
373 2981 424 3036 sed
440 2982 517 3053 quod
533 2982 568 3036 nd
585 2983 694 3038 lamam
711 2983 807 3038 Maria
831 2977 1003 3040 conservari·
1059 2984 1220 3055 frangatur,
1237 2998 1301 3053 quae
1317 2997 1392 3053 sepe
1407 2987 1519 3036 certum
1532 2985 1648 3054 tempus
1659 2981 1776 3053 (utipse
1787 2981 1880 3037 dissa-

174 3071 259 3141 dam,
275 3074 359 3143 pater
374 3071 413 3125 sit
427 3071 463 3124 ab
480 3071 639 3126 omnibus*
662 3071 835 3138 estimatus,
859 3073 909 3144 qui
924 3078 1004 3130 ante·
1059 3072 1127 3144 ruit)
1143 3070 1172 3125 in
1190 3073 1254 3142 ejus
1265 3071 1467 3142 assumptione
1478 3070 1633 3142 signifieat,
1646 3071 1881 3142 sepeinfinitum

177 3176 268 3232 quam
290 3163 460 3215 moneretur
488 3159 524 3214 ab
548 3159 670 3232 angeio:
696 3160 806 3232 loseph,
835 3162 879 3232 fiii
906 3148 1883 3232 Daoid‚Catestiiiud‚quodllausadquosdam211loquitur

176 3265 213 3304 ae
226 3249 361 3306 timueris
383 3251 505 3320 occipere
527 3249 642 3303 Mariam
666 3249 808 3320 coniugem
825 3253 921 3311 taam,·
936 3249 1006 3322 quod
1060 3250 1088 3304 ia
1106 3249 1268 3322 Propheta:
1284 3250 1423 3318 Sporum,
1439 3263 1487 3319 cpo
1509 3265 1582 3314 sitm,
1604 3257 1630 3304 et
1653 3248 1736 3304 donec
1758 3265 1881 3305 senesca-

180 3339 301 3392 enimin
314 3353 347 3392 eo
361 3339 458 3391 amum
472 3339 520 3404 esi,
546 3337 579 3392 de
601 3336 707 3409 Spiritu
730 3343 826 3394 sancto
841 3341 880 3394 esi
896 3340 1003 3407 (atarto.
1059 3340 1095 3394 tis
1113 3353 1159 3410 epo
1169 3355 1231 3394 aum
1246 3340 1310 3410 (iso.
1327 3354 1416 3404 xa1113
1431 3339 1529 3394 ierem.
1551 3337 1614 3409 vn.)
1635 3337 1785 3409 Numquid
1801 3343 1882 3410 post-

183 3443 204 3492 ι,
217 3426 276 3496 20)
292 3424 439 3498 cogitabat
463 3425 575 3481 occulte
602 3427 748 3482 dimittere
774 3443 847 3483 eam.
866 3429 943 3485 eto
958 3429 1005 3483 la·
1061 3437 1148 3499 quam
1163 3425 1204 3482 illi
1219 3426 1379 3493 senuerint,
1397 3430 1472 3482 Deus
1487 3442 1551 3482 esse
1567 3425 1710 3482 desistet?
1726 3427 1760 3482 ut
1780 3427 1882 3484 Salva·

182 3517 301 3569 matum
328 3531 415 3570 suum
445 3531 501 3569 non
530 3531 605 3582 esse,
633 3517 684 3588 qui
713 3521 871 3588 conceptus
901 3516 1004 3584 luerat,
1059 3514 1318 3587 tortnbvongetio
1344 3515 1380 3570 ad
1408 3513 1574 3586 Apostolos.
1604 3515 1668 3570 Ecce
1690 3530 1748 3586 epo,
1773 3516 1880 3588 inquit,

186 3602 357 3658 confidebat.
372 3602 427 3660 Sed
442 3603 504 3673 jam
533 3602 605 3658 satis
634 3604 756 3660 docendi
787 3606 893 3678 magis,
914 3622 1004 3676 quam
1058 3603 1521 3672 babucumsuratomuibusdiedas
1541 3619 1626 3674 usquc
1651 3603 1685 3658 ad
1708 3619 1880 3660 consumma-

152 3708 164 3743 .·
199 3691 376 3763 espondendi
405 3692 503 3748 studio
532 3692 715 3765 disputatum
744 3697 798 3761 est,
829 3695 1003 3767 euriosepb
1059 3697 1160 3750 tiottem
1182 3693 1276 3749 saculi
1299 3692 1406 3761 (idolii.
1432 3691 1708 3763 xxt·1rr‚20.)l3rgo
1734 3696 1880 3763 postcon-

176 3779 470 3852 psterDomini,oar
485 3780 574 3837 Maria
592 3779 737 3854 appellata
759 3783 797 3838 sit
820 3783 948 3854 conjux:
973 3783 1003 3840 in
1059 3783 1285 3838 summationem
1309 3781 1406 3837 saeculi
1431 3797 1446 3836 a
1470 3779 1624 3852 discipulis
1648 3779 1711 3836 suis
1738 3780 1881 3839 Dominus

176 3884 238 3940 quo
252 3872 281 3923 et
297 3868 351 3924 hoc
371 3869 499 3925 breviter
525 3869 700 3938 continetur,
728 3887 781 3926 cur
808 3872 912 3927 iratres
939 3873 1003 3944 ejus
1058 3872 1204 3940 abscedet,
1221 3877 1250 3926 et
1264 3875 1334 3926 tunc
1350 3871 1467 3941 quando
1483 3870 1512 3924 in
1528 3869 1682 3925 duodecim
1700 3869 1781 3926 soliis
1798 3871 1880 3943 judi-

176 3957 300 4029 quidam
312 3975 376 4015 esse
390 3959 535 4015 dieantur.
1058 3959 1151 4015 catari
1167 3965 1237 4016 saint
1251 3959 1407 4015 duodecim
1422 3958 1516 4014 tribus
1527 3957 1615 4014 Israel
1628 3960 1737 4026 (Mutila.
1749 3977 1808 4027 xix,
1822 3961 1880 4030 38,)

210 4049 238 4101 5.
255 4047 580 4104 Heluidius-Verum
609 4049 679 4121 quia
707 4066 795 4106 suum
822 4050 917 4107 locum
934 4048 1002 4106 huic
1057 4049 1173 4104 Domini
1197 4049 1343 4103 consortio
1369 4047 1606 4102 fraudabuntur?
1630 4046 1737 4103 Paulus
1762 4065 1880 4120 quoque

175 4135 400 4208 questiunculas
424 4153 618 4205 reservamus,
647 4144 676 4193 et
705 4144 739 4193 ad
757 4137 869 4212 reliqua
884 4140 1003 4196 festinat
1057 4135 1380 4210 apostolusCorintbiis
1397 4135 1547 4190 scribens:
1564 4137 1711 4202 Primitiae,
1728 4136 1777 4202 sit,
1801 4134 1879 4192 Citri-

174 4225 293 4280 oratio:
325 4241 403 4281 nano
431 4224 503 4282 illud
532 4232 577 4282 est
605 4227 822 4296 disserendum,
853 4229 1000 4300 quomodo
1056 4236 1131 4283 stus:
1159 4225 1257 4282 deinde
1282 4225 1313 4279 iti
1336 4226 1385 4296 qui
1411 4231 1475 4278 sunt
1502 4223 1614 4288 Christi,
1638 4223 1687 4294 qui
1711 4225 1742 4278 ia
1760 4223 1879 4282 aduentu

174 4313 328 4386 Scriptura
344 4313 440 4370 dieat:
457 4317 611 4386 Ecsarpens
624 4325 715 4372 autom
735 4319 831 4389 loseph
857 4336 873 4373 a
896 4333 1000 4387 sorano,
1054 4317 1113 4388 ejas
1141 4314 1335 4371 crediderunt:
1358 4312 1455 4368 deinde
1482 4312 1557 4384 fiais,
1584 4327 1647 4366 cutm
1669 4311 1812 4368 tradiderit
1835 4328 1879 4368 re-

171 4401 239 4470 [ceit
263 4401 337 4455 sicut
362 4403 536 4473 praemitti
564 4403 676 4474 capetus
702 4404 821 4471 Domini,
849 4407 875 4461 et
898 4408 1002 4478 accepti
1055 4421 1139 4478 poam
1153 4407 1204 4460 lieo
1220 4406 1245 4459 rt
1265 4403 1356 4470 Patri,
1373 4418 1436 4457 cum
1445 4401 1614 4458 destruxerit
1623 4415 1730 4457 omnem
1738 4403 1878 4475 principa·

1015 4517 1038 4581 b

209 4598 218 4630 ¹
235 4597 309 4652 isaia
320 4597 436 4655 dicente.
454 4598 556 4656 Addita
569 4601 642 4657 bene
657 4601 750 4658 multa
773 4602 866 4675 reperi
885 4619 918 4659 ac
934 4620 999 4659 mu·
1090 4602 1100 4636 ³
1115 4607 1175 4658 Nou
1190 4602 1234 4657 iric
1258 4601 1429 4659 luteorum.
1457 4603 1512 4654 Pro
1537 4597 1592 4655 hae
1613 4600 1725 4672 optima
1741 4599 1876 4662 tertione,

171 4671 236 4723 tata
265 4669 295 4724 in
311 4670 443 4754 antiquis
457 4671 636 4729 editionibus
650 4673 739 4746 hujus
754 4673 1000 4747 opusculi;sicut
1055 4675 1326 4744 quaestamnium
1349 4689 1420 4728 mss.
1446 4671 1590 4738 codicum,
1616 4671 1876 4728 Erasmusetltla-

171 4739 229 4794 hoe
243 4739 319 4808 loco,
337 4743 407 4797 isam
421 4743 533 4799 docente
545 4744 578 4799 de
592 4745 680 4800 llario
703 4751 731 4800 et
753 4747 914 4818 uirginitate
927 4749 996 4819 ejus.
1054 4745 1252 4800 rianusistam
1264 4745 1409 4799 retinent:
1422 4741 1808 4807 rtrncaimitaecltulaorum,
1820 4744 1873 4796 ete.

172 4811 242 4874 Qus
265 4811 295 4865 in
324 4811 404 4868 nulla
429 4813 568 4884 leguntur
595 4816 753 4889 exemplari
785 4819 997 4890 manuscripto,
1054 4816 1196 4871 Maurus.
1223 4847 1256 4856 -
1281 4816 1359 4870 idem
1386 4814 1559 4869 Veronensis
1582 4813 1629 4868 bie
1651 4812 1747 4882 loscpir
1770 4827 1876 4866 nemen

172 4885 464 4956 quequesuperllua
490 4885 668 4942 videbuntur
696 4888 809 4943 erudito
838 4889 950 4954 lectori,
973 4892 999 4945 si
1054 4903 1112 4942 non
1129 4884 1520 4956 habet,lermoelegantius.

171 4953 321 5025 tantisper
348 4957 463 5012 animos
491 4958 648 5014 attenderit
676 4961 712 5014 ad
742 4963 909 5016 contextum
935 4960 999 5016 Hie·
1087 4959 1202 5022 ‘idem
1217 4957 1251 5012 ob
1267 4958 1425 5012 tramittitur
1440 4971 1491 5027 pro
1515 4955 1659 5022 carnibus;
1677 4952 1792 5020 deinde,
1811 4957 1858 5009 lita

170 5025 298 5096 rouymi.
316 5025 460 5083 biterras.
1052 5032 1126 5085 riam
1140 5045 1255 5084 uxorem
1269 5045 1321 5099 pro
1336 5026 1479 5098 conjugem
1490 5041 1501 5086 ,·
1516 5025 1641 5096 denique
1657 5025 1742 5091 inira,
1765 5024 1875 5094 matite-

208 5101 334 5157 —,-!tnte
359 5097 559 5155 Martianaeum
585 5099 655 5156 aditi
680 5101 803 5166 addunt,
829 5103 880 5158 sed
896 5117 998 5174 perpe·
1054 5102 1134 5156 batur
1149 5117 1200 5173 pro
1215 5098 1373 5170 confidebat.

169 5183 247 5230 ram,
263 5167 375 5224 docente
388 5171 524 5226 deliaria
539 5175 565 5226 et
581 5173 740 5242 uirginitate
753 5175 823 5244 ejas.
839 5181 900 5229 ttox
914 5172 999 5229 Vero·
1088 5165 1877 5239 ⁵Eratanteaadverbta,pluriumnumeraetsipaificent

169 5237 275 5292 nensis
295 5241 405 5310 aspirat
429 5257 527 5298 uocem
546 5247 675 5305 litatus,
697 5260 786 5314 qaam
803 5243 871 5300 alibi
897 5245 997 5300 Hiero·
1087 5245 1183 5300 6illore
1205 5241 1408 5296 ‹rrrrtotororum
1432 5237 1565 5309 plotium.
1586 5238 1648 5295 hias
1668 5245 1729 5294 erat
1746 5239 1876 5296 andaba-

169 5325 289 5380 nymus,
307 5311 337 5365 in
364 5313 565 5380 Quaestiouibus
589 5315 731 5370 Hebraicis
756 5317 784 5370 in
806 5317 953 5380 Genesim,
970 5321 998 5372 et
1052 5321 1158 5379 tarum,
1176 5315 1235 5367 situ
1250 5312 1412 5384 gladiatura
1428 5333 1442 5360 a
1462 5309 1642 5380 hujusmodi,
1659 5311 1766 5367 clausis
1782 5312 1875 5367 oculis

169 5381 198 5437 in
215 5385 442 5438 (hmmsntariis
459 5385 487 5440 in
506 5386 609 5440 isaiam
624 5384 995 5460 luculentissimeexponit.
1053 5402 1192 5456 pugnare.
1220 5385 1300 5439 Unde
1323 5383 1386 5454 ipse
1412 5380 1614 5453 Hieronymus.
1639 5385 1717 5438 inira
1741 5382 1791 5437 lib.
1808 5399 1826 5438 1.
1844 5383 1874 5438 in

205 5451 345 5520 ’latitem
361 5471 425 5525 quae
440 5473 502 5510 ocra
517 5458 641 5512 Historiae
666 5458 712 5512 tro
725 5467 773 5526 est,
790 5459 820 5514 in
836 5458 996 5514 Veronensi
1051 5457 1237 5512 turinianum
1253 5473 1259 5510 :
1277 5479 1290 5504 a
1307 5454 1409 5509 Melius
1422 5460 1518 5508 tamen
1531 5459 1574 5508 ost
1585 5455 1703 5521 clausis,
1719 5454 1795 5526 quod
1806 5453 1876 5508 dioi-

168 5538 227 5580 mt·
242 5539 301 5585 non
318 5523 474 5594 habeatur,
500 5529 576 5584 unde
601 5528 761 5586 subdubito
785 5547 818 5588 es
833 5531 889 5588 alio
905 5547 993 5604 quam
1052 5532 1109 5590 tur,
1124 5526 1227 5592 oculis,
1253 5527 1465 5581 andabatarum
1492 5541 1582 5589 more,
1608 5541 1748 5598 pargnare.
1767 5546 1781 5575 n
1800 5525 1874 5582 Cou-

168 5593 340 5672 hieronymi
356 5597 468 5660 calama
480 5599 649 5676 prolusisse.
713 5651 716 5655 .
1051 5597 1115 5658 sula
1128 5597 1275 5659 chiliades
1290 5597 1471 5678 Adegiorum
1486 5593 1610 5654 Erasmi.
1628 5597 1770 5655 Μιιιιιιιι.
