4072 6164
262 247 321 320 cer
884 237 1376 310 snnsnnnmnaonmr..
1867 253 1915 320 a,

297 377 477 452 Betbphage,
492 377 596 436 villula
608 377 639 436 in
665 381 765 436 monta
791 376 904 444 Oliveti,
938 379 974 433 ad
999 391 1087 448 quam
1100 375 1130 445 Α
1144 379 1193 432 tur
1209 393 1215 432 :
1234 392 1322 449 quem
1338 393 1405 433 eum
1416 377 1541 451 cepisset
1549 375 1661 448 Naban,
1670 379 1915 453 appellavitliabch.

258 467 339 524 venit
353 467 493 524 dominus
507 466 606 524 iesus.
1143 464 1207 520 Fuit
1222 468 1320 521 autem
1335 464 1365 521 in
1380 465 1460 523 tribu
1473 466 1608 524 Marassa
1618 466 1648 523 in
1663 467 1769 540 regium
1791 471 1918 531 Trachoni-

295 556 446 626 Eethania‚
459 555 531 613 villa
544 556 574 614 in
590 556 719 613 seeundo
732 554 769 610 ab
793 555 867 611 AElia
889 553 1039 620 milliario,
1055 553 1087 608 in
1141 552 1196 608 lidi
1207 553 1293 623 Juxta
1309 553 1442 610 Bostran.

258 645 348 703 latere
363 645 474 702 montis
488 645 590 703 Oliveti
607 663 613 701 :
630 645 681 700 ubi
697 643 829 701 Salvator
843 643 984 700 Lazarum
995 643 1088 698 susci·
1177 639 1249 696 Cata
1264 644 1294 696 ta
1308 641 1431 712 chrysea
1444 643 1485 715 (id
1499 647 1555 712 est,
1574 643 1610 700 ad
1636 645 1738 714 aurea).
1766 645 1832 702 Sunt
1843 651 1918 706 autem

257 721 340 805 tavit,
357 735 481 806 eujueet
495 737 721 791 monumentum
739 731 868 788 Ecclesia
883 747 962 787 nunc
976 729 1085 789 ibidem
1141 732 1255 785 montes
1270 727 1333 784 auri
1361 729 1471 787 fertiles
1493 730 1524 787 in
1554 732 1676 803 deserto,
1696 731 1789 805 procul
1812 727 1918 794 undecim

260 827 392 880 extructa
409 823 601 880 demonstrat.
1141 816 1346 874 mansionibus
1360 835 1378 874 a
1392 818 1503 876 choreb
1519 820 1539 890 ¹,
1553 821 1639 892 juxta
1652 837 1722 894 quoa
1737 821 1822 878 ldcses
1838 822 1918 881 Deute-

294 910 465 981 Bethabara,
481 915 563 966 trans
578 909 748 975 lordanem,
765 907 816 965 ubi
830 906 959 964 loannes
974 906 1004 961 in
1025 921 1084 978 poe·
1140 906 1306 963 ronomium
1322 907 1476 980 scripsisse
1505 907 1682 980 perhibetur.
1709 910 1760 966 Sed
1785 914 1810 966 et
1829 911 1919 968 meula

258 987 413 1056 nitentium
450 998 640 1072 baptizabat,
683 997 762 1054 unde
798 999 827 1052 et
865 1011 959 1068 usque
998 994 1085 1050 hodie
1140 997 1403 1070 aerisl'ano(quod
1431 1002 1532 1056 nostro
1547 999 1811 1072 temporecorruit),
1830 1005 1919 1058 montes

256 1088 378 1163 plurimi
400 1089 436 1144 da
464 1087 615 1155 iratribus,
644 1087 700 1143 hec
730 1089 772 1142 esl
801 1086 840 1141 de
872 1100 994 1141 numero
1023 1099 1084 1139 cre·
1139 1085 1919 1158 venarumauriplenosolimiuissevicinosastimanl.

261 1177 406 1245 dentium,
422 1175 464 1232 ibi
480 1176 595 1233 renasci
611 1175 774 1248 cupientes,
802 1173 882 1230 vitali
904 1171 1085 1246 gurgitetba-
1174 1173 1343 1243 Gademoth,
1361 1175 1519 1248 desertum,
1536 1193 1643 1249 exque
1659 1177 1718 1233 loco
1749 1175 1823 1232 misit
1834 1176 1920 1250 legator

259 1265 419 1338 plicantur.
1138 1261 1233 1319 Moses
1248 1263 1284 1318 ad
1299 1265 1373 1319 Seon
1389 1263 1498 1336 (rogem
1507 1264 1759 1337 amorrheorum).

290 1353 449 1421 bethesda,
464 1353 580 1426 piscina
593 1353 624 1408 in
639 1350 804 1410 Jerusalem
833 1367 896 1422 qna
925 1348 1085 1406 vocabatur
1173 1349 1302 1418 cariath,
1318 1351 1400 1408 vicus
1415 1351 1465 1424 qui
1480 1353 1536 1410 sub
1556 1353 1637 1410 Gaba
1651 1351 1796 1425 metropoli
1813 1352 1867 1408 tuit.

254 1436 408 1518 προδατική
434 1445 474 1514 (et
493 1459 510 1497 a
527 1440 612 1498 nobis
639 1439 823 1514 interpretari
856 1441 962 1512 potest,
976 1454 1085 1511 pecua·
1173 1439 1273 1506 cedes,
1289 1437 1390 1496 civitas
1406 1455 1495 1512 quam
1519 1441 1595 1514 oepit
1608 1437 1705 1508 lesus,
1722 1457 1784 1514 rege
1797 1439 1877 1513 ipsius
1888 1439 1921 1495 in·

256 1530 316 1592 list.
334 1531 398 1587 Huc
414 1529 544 1603 quinque
558 1529 709 1602 qnondam
724 1529 853 1602 porticus
869 1527 972 1584 habuit
986 1531 1083 1583 osten·
1139 1527 1270 1584 terlecto.
1286 1527 1335 1584 Est
1348 1533 1446 1584 autem
1462 1529 1492 1583 in
1508 1533 1586 1586 sorte
1601 1527 1695 1586 tribus
1707 1529 1795 1586 luda.

256 1619 426 1690 danturque
449 1616 561 1690 gemini
593 1616 686 1684 lacus,
716 1631 842 1688 quorum
880 1630 958 1670 unus
987 1614 1084 1670 hiber·
1173 1615 1345 1684 Cademoth,
1360 1615 1453 1674 altera
1465 1617 1568 1675 civitas
1584 1616 1713 1674 filiorum
1729 1617 1833 1675 Ruben.

256 1705 303 1778 nis
314 1704 421 1778 pluviis
436 1704 552 1777 impleri
566 1704 641 1761 solet
657 1722 663 1760 :
681 1703 756 1760 alter
776 1703 886 1760 mirum
914 1703 944 1759 in
960 1702 1083 1759 modum
1173 1703 1296 1775 Godana,
1314 1706 1343 1760 in
1357 1703 1436 1762 tribu
1452 1705 1565 1775 liuban,
1583 1706 1655 1762 urbs
1669 1709 1797 1779 separata
1813 1703 1906 1760 Levitis.

256 1793 378 1860 rubeus,
391 1792 476 1866 quasi
491 1793 622 1849 cruentis
637 1793 733 1867 aquia,
764 1791 877 1864 antiqui
891 1791 922 1847 iu
939 1806 970 1848 se
985 1789 1081 1864 operis
1413 1792 1458 1850 DE
1480 1793 1583 1850 LIBRO
1598 1793 1693 1853 JESU.

255 1881 339 1955 signa
354 1885 488 1938 metatur.
507 1881 580 1938 Nam
596 1880 708 1938 hostias
722 1880 752 1937 in
769 1897 802 1938 ao
826 1879 918 1937 lavari
946 1895 964 1936 a
983 1895 1081 1936 sacer·
1170 1880 1300 1954 capseel,
1316 1881 1346 1938 iu
1362 1881 1441 1939 tribu
1456 1883 1544 1940 luds.

261 1971 379 2028 dotibus
402 1969 504 2027 solitas
533 1969 737 2038 lerunt,uuda
769 1973 797 2025 et
828 1985 934 2026 noman
964 1983 1081 2041 aocape·
1174 1971 1255 2036 cina,
1275 1970 1305 2025 in
1324 1970 1504 2027 tribulnda.

257 2061 305 2117 rit.
1169 2058 1247 2116 180
1262 2057 1349 2128 ceila,
1364 2058 1394 2114 in
1413 2059 1493 2116 tribu
1517 2059 1604 2128 Juda,
1629 2059 1681 2116 ubi
1709 2058 1845 2132 quondam
1868 2053 1924 2114 sedil

496 2149 543 2205 IJE
566 2147 834 2205 PENTATEUCHO.
1136 2147 1224 2204 David
1237 2165 1244 2217 ;
1261 2152 1290 2205 et
1304 2164 1382 2204 nunc
1396 2155 1441 2205 est
1450 2147 1519 2204 villa
1533 2147 1648 2205 calaad
1658 2147 1819 2206 orientalem
1832 2145 1920 2219 plagam

289 2237 425 2296 carnaim
467 2236 614 2293 Astaroth.
654 2235 790 2292 Garnaim
820 2251 898 2291 nuuc
925 2234 1008 2290 vicus
1037 2239 1082 2290 est
1169 2233 1427 2308 Eleutheropoleos
1452 2235 1643 2308 pergentibus
1670 2234 1807 2302 chebron,
1820 2234 1890 2306 quasi
1900 2231 1921 2285 iu

255 2326 376 2402 grandis
390 2327 421 2383 in
448 2325 556 2400 angulo
581 2325 721 2381 Batanaae
736 2329 765 2380 et
779 2323 945 2398 appellatur
962 2323 1081 2380 cnrnrsa
1134 2328 1234 2381 octavo
1262 2322 1410 2392 milliario,
1438 2324 1467 2381 in
1483 2323 1654 2397 sepulcrum
1683 2327 1852 2381 monstratur
1874 2335 1922 2392 pre·

255 2422 340 2474 hans
356 2415 467 2474 fluenta
486 2414 641 2484 iordanis3
661 2415 841 2487 traduntque
863 2411 903 2469 ibi
918 2412 1009 2469 luisse
1028 2412 1080 2468 de·
1135 2412 1229 2485 pheta
1243 2413 1389 2469 Habacuc.

258 2521 341 2563 mum
356 2505 422 2562 Job.
433 2505 489 2562 Sed
503 2507 533 2562 et
546 2520 636 2576 snpra
647 2501 836 2560 meminimus
846 2501 969 2558 Caruere
980 2499 1079 2566 viculi,
1172 2500 1369 2569 cariathbaal,
1385 2501 1488 2559 civitas
1500 2501 1591 2559 latim
1606 2502 1639 2558 in
1654 2501 1732 2560 tribu
1745 2501 1825 2559 luda.

255 2594 287 2650 iu
302 2609 379 2649 nono
394 2593 430 2650 ab
445 2592 519 2650 AElia
533 2591 681 2650 milliario.
1169 2594 1255 2661 cane,
1270 2591 1300 2648 in
1317 2591 1397 2648 tribu
1413 2592 1562 2666 Ephraim.

277 2682 395 2750 cades,
412 2681 461 2738 ubi
478 2682 542 2738 lons
555 2680 660 2754 judicii
686 2698 694 2737 ε
723 2685 770 2738 est
783 2683 814 2738 at
840 2677 1024 2736 Cadesbarne
1048 2677 1078 2733 in
1169 2680 1315 2753 capsaim,
1330 2681 1360 2736 in
1374 2681 1452 2738 tribu
1467 2681 1617 2755 Ephraim.

257 2771 381 2837 deserto,
397 2786 460 2843 qua
476 2769 665 2842 coniungitur
678 2768 788 2825 civitati
799 2768 890 2826 Petra
904 2765 935 2822 in
948 2765 1056 2823 Arabia
1071 2783 1078 2823 :
1168 2773 1255 2832 cana,
1271 2768 1301 2825 in
1316 2769 1394 2826 tribu
1412 2771 1555 2828 Manasse.

256 2857 296 2914 ibi
307 2856 426 2915 occubit
441 2858 534 2914 Maria
549 2874 556 2913 :
574 2856 650 2915 18⁸
667 2859 695 2913 et
713 2859 817 2922 Moses,
839 2871 913 2928 rupe
930 2871 1079 2930 percussa,
1167 2857 1404 2930 chariathiarim,
1421 2877 1484 2932 que
1499 2865 1527 2916 et
1550 2859 1745 2930 cariathbaal,
1771 2857 1860 2916 civitas
1881 2851 1923 2910 sal·

253 2963 361 3021 aquam
387 2946 499 3003 sitienti
514 2946 622 3021 populo
652 2945 741 3002 dedit.
771 2945 951 3002 Monstratur
969 2943 1079 3002 ibidem
1133 2950 1217 3004 tuum
1231 2962 1291 3003 una
1305 2946 1341 3004 de
1356 2947 1479 3004 urbibus
1508 2949 1738 3007 Gabaonitarum
1756 2939 1920 3021 pertinensed

254 3051 348 3109 usque
365 3035 394 3092 in
414 3039 588 3109 presentem
604 3035 681 3091 diem
698 3032 866 3107 sepulcrum
895 3031 1008 3101 harim
1025 3032 1076 3088 sed
1131 3036 1243 3102 tribum
1256 3036 1349 3106 luda,
1364 3037 1503 3094 cuntibus
1518 3039 1555 3095 ab
1569 3039 1646 3096 AElia
1660 3036 1815 3110 Diospolim
1828 3031 1875 3106 (sl.
1887 3031 1922 3088 lle·

254 3111 282 3184 et
305 3125 453 3198 principes
477 3123 596 3180 Amalec
624 3123 664 3179 ibi
694 3139 710 3179 a
738 3121 984 3194 chodorlagomer
1010 3107 1114 3178 nesic
1134 3125 1269 3198 lupetius)
1292 3124 1323 3182 iu
1345 3125 1483 3183 milliario
1506 3130 1616 3185 ncno¹.
1635 3129 1677 3185 De
1704 3127 1758 3184 hac
1788 3122 1837 3181 luit
1863 3119 1923 3176 Uria

253 3217 333 3273 sunt.
757 3279 760 3286 ¹
1134 3213 1286 3286 propheto,
1303 3231 1393 3288 quem
1420 3214 1565 3272 interiecit
1591 3216 1707 3274 Joacim
1732 3215 1762 3271 in
1782 3207 1923 3272 Jerusalem.

275 3291 375 3375 crue,
391 3303 471 3376 regio
481 3300 649 3375 principum
663 3299 871 3356 ldumaeorum.
1133 3301 1211 3358 sieut
1227 3301 1329 3359 scribit
1347 3303 1490 3362 senonias
1504 3305 1590 3378 (nxv1,
1605 3307 1666 3376 20).
1696 3305 1749 3361 Sed
1764 3307 1791 3360 et
1803 3301 1829 3358 iu
1844 3293 1923 3355 Parali-

271 3390 583 3464 ¹cariathaim,ciuitas
594 3406 682 3462 quam
694 3393 881 3446 extruxerunt
897 3385 948 3443 filii
965 3387 1079 3445 liuban.
1133 3407 1279 3463 pemcnon
1290 3389 1364 3448 libro
1381 3393 1406 3464 (l
1419 3395 1514 3450 Parui.
1531 3411 1564 3462 11,
1577 3395 1625 3467 50>
1651 3394 1730 3452 lilius
1761 3389 1840 3450 Sobal
1852 3381 1925 3460 appel·

253 3482 337 3539 Nune
352 3485 449 3539 aulem
459 3483 504 3538 est
518 3480 599 3536 vicus
615 3477 789 3536 Christianis
804 3477 942 3535 omnibus
961 3476 1079 3545 llorens,
1133 3479 1212 3536 latur
1226 3479 1441 3536 cariathiarim.

251 3571 337 3644 juxta
354 3569 495 3627 Medaban
513 3567 615 3626 urbem
631 3567 753 3635 Arabiae,
769 3570 798 3623 et
818 3564 981 3639 appellatur
995 3567 1080 3621 coro·
1169 3569 1276 3637 cision,
1287 3567 1318 3624 in
1329 3569 1409 3626 tribu
1419 3569 1564 3640 issachar,
1579 3571 1686 3632 civitas
1695 3573 1823 3646 apamia
1835 3560 1923 3622 levitis

257 3659 353 3732 J'atha,
369 3658 400 3715 in
415 3658 528 3715 decimo
543 3657 681 3715 milliario
693 3655 870 3728 supradicta
883 3653 965 3710 urbis
979 3657 1081 3710 eontra
1168 3656 1304 3726 chartha,
1321 3658 1351 3714 iu
1366 3657 1445 3715 tribu
1457 3655 1600 3728 Zabulon,
1615 3661 1721 3720 civitas
1730 3659 1854 3736 espama
1866 3647 1924 3708 beri·

172 3741 179 3760 '
256 3747 467 3805 occidentalem
483 3746 611 3821 plagam,
626 3746 738 3802 vicinus
758 3743 899 3816 ejnsioci,
917 3743 967 3816 qui
985 3742 1081 3816 appel·
1133 3745 1183 3802 tis.

255 3835 336 3892 latur
349 3840 448 3891 Baare.
1169 3834 1252 3891 Getta
1266 3835 1287 3904 ³,
1301 3833 1330 3890 in
1348 3833 1426 3892 tribu
1440 3835 1584 3906 Zabulon,
1597 3837 1701 3896 civitas
1727 3837 1850 3910 separata
1862 3823 1925 3886 laell-

289 3921 494 3978 cariatharbee
521 3922 561 3994 (id
589 3925 634 3978 est
652 3920 754 3978 villula
781 3921 929 3994 quatuor),
956 3923 986 3977 et
1008 3919 1079 3976 Che·
1133 3923 1183 3980 tis.

254 4010 340 4079 bron,
356 4011 392 4066 da
412 4027 471 4083 qua
481 4012 544 4083 jam
560 4010 803 4083 supradiximus.
1169 4011 1248 4068 Cana
1263 4011 1283 4082 ⁸,
1302 4011 1445 4084 usquead
1461 4013 1600 4071 Sidonem
1616 4017 1759 4088 maj0rem
1778 4014 1830 4086 (est
1840 4003 1924 4080 quippl

290 4098 412 4166 canath,
426 4097 509 4156 vicus
523 4098 646 4167 Arabio,
662 4099 713 4172 qui
734 4115 812 4155 nune
841 4095 972 4154 canatha
1008 4095 1080 4152 dici·
1134 4099 1263 4157 etaltera
1279 4099 1384 4168 minor,
1401 4101 1436 4156 ad
1452 4103 1537 4174 qu'us
1553 4103 1774 4160 distinctionem
1786 4099 1870 4172 maim
1881 4093 1924 4148 hat

254 4220 387 4295 exprimi,
416 4220 622 4295 significatque
648 4223 761 4279 domum
791 4219 997 4276 misericordiae.
1022 4217 1078 4274 Alii
1133 4224 1212 4281 idem
1227 4225 1450 4280 sunt:tametsi
1461 4227 1508 4281 vix
1523 4227 1618 4299 possit
1629 4233 1709 4285 certo
1724 4220 1863 4284 intervallo
1875 4213 1925 4295 dely

253 4311 305 4368 per
316 4308 337 4354 u
348 4293 437 4350 scribi
447 4293 560 4362 volunt,
574 4293 792 4367 significuriqne
802 4291 913 4348 domum
923 4289 1077 4364 effusionis,
1133 4295 1201 4366 niri,
1217 4299 1288 4366 quot
1303 4293 1450 4352 milliariis
1464 4313 1524 4353 uua
1543 4314 1667 4371 qusque
1688 4298 1798 4356 mansio
1820 4292 1871 4350 sive
1882 4286 1923 4342 dul

253 4365 331 4450 quod
347 4362 1078 4450 ineamaquaetempliscanderentur.pa·suesched
1132 4365 1187 4450 iter
1214 4369 1456 4450 constaretpqnae
1486 4375 1538 4441 pro
1573 4368 1706 4427 locorum
1737 4367 1841 4425 ratione
1860 4357 1925 4433 plura

253 4433 556 4563 enqqrqfflffiim
568 4506 758 4562 mansionibus
781 4501 927 4584 achoreb.
944 4503 1020 4559 Editi
1037 4503 1077 4560 le·
1092 4492 1116 4574 D
1132 4438 1224 4562 &¹²le
1238 4441 1734 4568 huillrlharlglrlhgc.ngffiezghcohtnum
1760 4505 1872 4565 milliare
1888 4509 1925 4570 p0·

253 4582 339 4650 gunt,
354 4577 480 4632 anamim
494 4578 650 4633 millibuao
667 4574 778 4632 Choreb.
796 4574 849 4638 Qui
873 4573 955 4630 loeus
977 4591 1076 4631 eorru-
1133 4583 1208 4636 nunt
1223 4578 1270 4634 hic
1286 4579 1355 4634 editi
1371 4585 1457 4637 antea
1472 4581 1549 4638 libri.
1568 4583 1714 4640 Maurus.
1891 4637 1897 4650 ,

252 4649 409 4723 piissimus
424 4653 519 4717 estut
534 4652 613 4720 patet
627 4664 662 4703 ex
674 4645 891 4703 Deuteronomii
907 4663 940 4700 ea
961 4645 1000 4702 ite
1036 4647 1078 4701 ri·
1167 4649 1278 4706 -Olim
1294 4654 1357 4706 erat
1370 4652 1505 4711 milliario
1533 4671 1601 4710 uno.
1618 4655 1685 4727 lpse
1699 4655 1795 4710 autem
1809 4641 1925 4716 Eusebrus

254 4736 331 4804 mos
345 4734 403 4802 quo
418 4718 618 4775 vorbaistharc
629 4719 786 4801 desumpta
809 4663 1076 4802 suntobuEuseEio,
1132 4721 1385 4794 hieronymusque
1409 4722 1477 4778 alibi
1507 4725 1659 4782 advocem
1690 4723 1770 4790 Bocl,
1794 4717 1925 4800 nedumlfl

253 4808 302 4866 qur
319 4788 807 4863 etipsehabetundecrmdreapro
832 4787 960 4844 numeror
974 4789 1078 4844 mellae·
1132 4792 1293 4849 nonohanc
1318 4793 1421 4849 urbem
1450 4794 1480 4849 in
1510 4795 1613 4852 decim
1642 4797 1676 4852 ab
1705 4795 1777 4851 AElr'o
1805 4781 1925 4857 Diospolin

252 4864 340 4921 ribus.
358 4863 459 4936 ltaque
479 4861 560 4918 locus
575 4861 604 4917 in
621 4877 680 4933 quo
708 4861 802 4917 iloses
816 4859 1077 4916 Deuteronomium
1131 4864 1270 4921 milliario
1284 4863 1438 4921 collocant.
1848 4926 1853 4938 Ι

253 4935 409 5008 scripsisse
424 4933 603 5018 perhibetur,
629 4932 756 4988 distabat
772 4931 807 4987 ab
824 4933 913 5013 lioreh
934 4931 994 4986 sive
1010 4931 1078 4986 cho·
1167 4935 1178 4969 ³
1200 4935 1285 5001 Corte,
1301 4937 1332 4990 ia
1347 4937 1422 4991 tribu
1436 4935 1569 4993 Zabulon.
1588 4942 1699 4994 Desunt
1714 4921 1925 5012 quoquetrsthet

252 5007 310 5074 reb,
327 5008 464 5063 undecim
479 5005 696 5067 mansionibus.
726 5005 777 5059 cut
806 5001 1077 5083 itrnercundecrm
1132 5007 1277 5077 usquead
1295 5005 1380 5075 Coun,
1398 5007 1427 5062 in
1443 5007 1589 5065 veteribus
1619 5008 1796 5066 editionibus
1811 5001 1925 5062 urrann·-

253 5077 367 5133 dierum
385 5094 392 5133 ι
412 5077 550 5133 estenim
565 5077 621 5133 iter
631 5074 744 5132 circiter
758 5074 794 5129 50
812 5072 982 5129 millianam
999 5075 1077 5145 quod
1133 5077 1183 5133 mi.
1202 5077 1345 5132 Mnasias.

254 5147 391 5203 undecim
417 5147 520 5204 diebus
548 5147 626 5204 lente
646 5145 826 5219 procedendo
846 5143 948 5200 conlioi
971 5145 1076 5216 potuit.
1167 5149 1277 5216 ‘Cana
1293 5163 1376 5220 usque
1389 5149 1426 5204 nd
1440 5149 1568 5206 Siderum
1587 5153 1732 5224 majorem,
1760 5150 1811 5201 etc.
1839 5139 1923 5194 aarum

254 5215 307 5272 Ubi
324 5223 421 5274 autem
438 5219 524 5275 inerit
538 5219 681 5275 metallum
695 5217 759 5273 oeue
785 5216 895 5287 sonum,
911 5216 988 5287 quod
1004 5219 1078 5272 tem·
1132 5219 1211 5276 hune
1226 5219 1384 5275 obscurum
1401 5225 1430 5275 et
1444 5221 1606 5277 involutum
1618 5224 1726 5279 tatetm
1749 5219 1845 5274 doctus
1866 5205 1924 5288 βοῦς

255 5302 325 5359 pore
341 5285 508 5364 Hieronymi
524 5291 643 5356 corruit,
669 5288 746 5362 apud
774 5285 958 5371 geographos
974 5286 1078 5342 nullibi
1133 5289 1447 5362 irerius‚quodmulta
1469 5292 1601 5349 videatur
1627 5291 1717 5349 tribui
1741 5285 1924 5366 cannemrlffli

255 5356 1077 5487 ‘circiliccccccccccccciccc·
1133 5361 1457 5490 ilcifl'ii‘hiildi
1473 5341 1924 5507 chicctlhlcfi

951 5471 957 5482 ¹
1071 5473 1077 5500 l

256 5497 391 5571 sacrique
410 5499 667 5558 textusDeuteron
699 5517 762 5586 oap.
782 5519 790 5556 1
813 5501 864 5558 ubi
882 5501 1008 5557 audacem
1022 5501 1079 5557 dies
1133 5507 1236 5576 quaet
1281 5502 1426 5562 athanasi.
1443 5487 1922 5629 Hoeigiturmodolegendumsc·

254 5571 462 5642 numeruntur.
478 5569 567 5640 cono
581 5571 670 5638 unios
685 5571 743 5630 dier
762 5571 838 5632 inter
857 5576 888 5630 et
902 5571 1017 5642 mansio
1031 5572 1079 5633 bic
1133 5574 1239 5670 tuited
1252 5573 1413 5642 tollendam
1427 5577 1651 5654 ambiguitatem
1672 5595 1680 5638 ε
1710 5597 1724 5628 «
1774 5583 1825 5626 ⁸11⁸
1847 5563 1922 5632 Uilli
