4056 6156
238 183 292 264 ot
357 239 361 252 .
646 243 648 250 .
867 181 903 256 s·
925 183 1084 253 suessa
1105 185 1331 294 nranoasau
1889 179 1928 263 ,a

252 340 305 384 nes
317 321 517 393 elaborarent3
532 321 582 382 sed
597 337 665 380 oum
681 317 784 380 exinde
799 321 839 380 eit
853 320 960 396 saepius
975 323 1064 387 edita,
1081 321 1203 380 minime
1217 323 1368 380 debuisset
1382 321 1413 380 in
1427 319 1589 381 Martianei
1609 317 1735 380 editione
1757 317 1931 397 pretermitti

251 418 281 474 in
298 430 356 488 qua
369 414 434 488 ipsa
446 412 615 487 Hieronymi
629 413 762 486 epistola,
776 429 840 486 qus
856 411 1034 486 praelationis
1048 411 1110 469 loco
1125 415 1180 480 est,
1196 412 1227 469 in
1240 415 1342 470 octava
1353 412 1445 471 classe
1469 417 1498 471 et
1516 411 1563 470 sui
1587 415 1669 486 perte
1684 427 1799 480 manca,
1825 416 1851 469 at
1869 428 1934 470 erro·

251 507 333 565 ribus
348 521 419 562 sane
429 503 532 562 multis
546 503 709 561 deformata
723 507 957 574 repraesentatur.

286 595 324 652 Ut
336 610 402 651 vcro
418 594 454 650 de
468 593 533 664 ipsa
545 591 719 666 primigenia
733 591 881 648 Pachomii
898 591 1056 663 scriptione
1071 592 1205 664 quadam
1226 592 1423 665 praelibemus,
1451 593 1524 652 nihil
1549 593 1640 651 terme
1663 595 1709 650 est
1734 592 1812 664 apud
1833 591 1934 650 Veteres

249 682 542 742 celebratiusNarrat
552 680 701 738 Paltsnius
715 681 745 738 in
761 681 903 737 Lausiaca
919 681 1246 754 cap.xxxvrrr,'lahulam
1262 699 1371 740 eneam
1387 684 1541 740 monastici
1570 680 1809 756 complectentem
1824 682 1934 740 instituti

249 774 376 848 Regulas
390 771 547 830 Pachomio
563 771 599 826 eh
614 770 717 844 angelo
732 769 883 834 tranitem,
899 769 985 841 cujus
1000 769 1087 826 etiam
1104 773 1312 842 argumentum
1328 772 1455 844 exponit.
1471 771 1688 840 Gennadius,aie
1702 770 1855 828 illustribus
1866 773 1933 840 airb,

247 883 312 940 cap.
327 868 346 920 7
361 883 368 923 t
384 864 558 924 Pacbamius,
584 860 688 932 inquit,
713 859 872 920 monachas,
886 861 930 914 cir
944 862 1001 914 tam
1016 861 1047 914 ira
1060 858 1182 928 dicendo,
1209 877 1292 931 quam
1315 862 1344 916 in
1364 863 1443 932 sipra
1463 860 1590 932 socienda
1613 861 1771 932 apostatice
1792 861 1890 932 pratae,
1910 868 1934 918 et

246 955 377 1028 suadeor
390 954 506 1026 AEpypti
518 952 714 1014 cenobiorum,
730 949 842 1019 scripsit
866 949 992 1016 reptatam
1015 951 1125 1021 utrique
1148 951 1244 1021 penori
1267 951 1461 1006 monachorum
1483 957 1587 1022 aptam,
1612 965 1694 1022 quam
1714 945 1813 1018 crapola
1833 947 1937 1008 dictame

243 1047 411 1118 perceperat.
429 1042 512 1099 Paria
531 1040 619 1096 hahet
639 1038 827 1102 sozomenus,
853 1039 921 1094 Ha'at.
945 1039 1047 1094 certes.
1063 1038 1083 1095 1.
1097 1057 1144 1107 arr,
1160 1055 1224 1111 cap.
1240 1039 1267 1110 3,
1284 1055 1318 1095 ex
1340 1038 1509 1112 pervulgata
1531 1037 1688 1095 traditione
1712 1036 1861 1096 Pschomio
1881 1055 1936 1097 aaa·

244 1139 319 1192 ctum
332 1133 565 1206 sapatumvisam
577 1143 643 1194 ease,
658 1126 815 1198 &duaeque
838 1127 884 1182 itii
908 1127 1042 1193 tabulam,
1056 1145 1140 1200 paam
1162 1130 1290 1185 monachi
1312 1128 1402 1186 adbuc
1422 1137 1544 1196 seruari,
1560 1130 1590 1186 io
1611 1145 1665 1200 pua
1685 1131 1747 1184 arat
1764 1128 1939 1199 scriptumst

245 1225 364 1295 sioputis
378 1219 532 1278 concederet
545 1217 702 1288 facultatem
715 1219 821 1272 mutum
840 1215 1005 1284 ccuwdendi,
1029 1217 1148 1287 bibendi,
1171 1217 1313 1289 operandi,
1336 1219 1495 1291 jejunandi,
1520 1219 1562 1274 aet
1585 1233 1671 1286 secam,
1696 1225 1828 1290 quantum
1848 1220 1940 1274 catara

243 1317 339 1386 ferret.
355 1313 476 1367 Hiscere
490 1309 539 1380 qui
552 1307 657 1378 turpius
671 1305 849 1370 comederent,
865 1321 947 1377 opera
964 1306 1148 1363 laboriosiora
1162 1309 1312 1379 imponeret
1321 1325 1332 1370 ,·
1346 1309 1479 1382 [aritiam
1500 1312 1593 1364 autem
1616 1305 1668 1376 bat,
1692 1308 1741 1379 qui
1763 1322 1857 1378 carpas
1873 1307 1939 1379 ieju-

242 1405 299 1459 niis
315 1405 341 1458 et
355 1399 520 1458 abstinentia
534 1398 710 1466 custiparaast.
725 1395 899 1466 Praescripsit
912 1398 1054 1466 preterea,
1070 1403 1101 1452 ut
1114 1398 1216 1454 multus
1238 1397 1381 1464 admotas,
1397 1401 1464 1466 etc.,
1481 1414 1546 1470 qus
1570 1395 1611 1453 ihi
1634 1391 1752 1469 copiose
1774 1395 1844 1454 satis
1863 1411 1938 1452 enar·

244 1496 362 1556 rantum
379 1488 428 1546 sed
444 1485 592 1558 copiosius
608 1482 700 1540 multo
715 1483 805 1554 repeti
821 1487 945 1556 possunt
959 1500 994 1540 ex
1007 1485 1085 1552 Vita,
1102 1502 1192 1558 quem
1206 1486 1336 1544 incertus
1351 1490 1453 1544 auctor
1466 1485 1643 1559 composuit,
1655 1483 1705 1557 qui
1727 1487 1824 1542 mmen
1838 1483 1935 1540 iisdem

242 1598 276 1638 sc
290 1576 464 1637 Pachomius
479 1573 661 1644 temporibus
675 1571 782 1628 vixisse
794 1588 826 1628 sa
841 1572 1059 1644 prosa‘eturllis
1074 1574 1142 1630 addi
1154 1579 1265 1647 queunt
1281 1573 1521 1648 Martyrologium
1542 1574 1707 1633 Romanum
1718 1572 1794 1646 prid.
1806 1571 1847 1628 ld.
1861 1571 1935 1638 biaii,

240 1669 413 1732 merianus,
427 1662 621 1737 Nicephorue‚
636 1660 783 1730 callistus,
798 1661 827 1718 S.
845 1662 1017 1720 Benedictus
1041 1663 1228 1731 anianensis,
1252 1663 1440 1736 smaragdus,
1465 1668 1495 1720 et
1519 1680 1555 1720 ne
1579 1661 1764 1735 singulorum
1780 1659 1938 1720 testimonia

240 1759 355 1817 diutius
371 1769 595 1830 prosequamur,
612 1752 759 1824 Repertus
774 1751 871 1808 albhas
885 1751 1046 1809 'tuitiensis
1060 1751 1111 1809 lih.
1129 1771 1157 1810 av
1171 1753 1204 1810 de
1220 1755 1278 1810 Vit.
1295 1753 1454 1825 apostatica,
1471 1752 1527 1810 suh
1543 1750 1672 1820 initium,
1689 1749 1751 1824 qui,
1770 1750 1875 1816 Beatus,
1896 1747 1939 1803 in-

241 1848 317 1922 quit,
330 1843 494 1902 Pacbamius
509 1841 640 1911 deputam
655 1839 852 1896 manachorum
866 1841 901 1896 ab
917 1842 975 1912 ipso
989 1841 1086 1912 carpeia
1101 1843 1133 1900 de
1147 1843 1211 1900 ceta
1226 1842 1366 1910 dictatam,
1382 1857 1437 1900 acra
1462 1841 1597 1910 uidelicet,
1613 1847 1644 1896 ut
1658 1839 1789 1908 immicis,
1803 1837 1847 1898 aad
1857 1837 1884 1894 ut
1897 1836 1938 1894 di·

244 1939 338 1994 uinum
353 1932 498 1991 oracutum
511 1929 654 1987 mmocbat
669 1927 792 1986 tradidit.

279 2025 320 2082 lle
335 2024 391 2080 hac
404 2021 470 2094 ipsa
484 2036 550 2076 vero
565 2017 793 2091 llieronymiana
807 2017 872 2087 ejus
887 2017 1003 2092 liegulae
1024 2019 1126 2076 Latina
1140 2018 1389 2092 interpretatione,
1415 2016 1489 2076 nihil
1513 2017 1638 2074 dubium
1663 2019 1719 2084 est,
1734 2033 1750 2072 e
1773 2018 1802 2071 S.
1817 2015 1942 2076 Doctoris

238 2111 354 2171 'memo
369 2111 462 2168 letum
477 2106 737 2181 germanissimum
754 2104 924 2178 proiecisse;
943 2110 975 2162 ut
998 2106 1064 2165 illos
1087 2108 1159 2164 adeo
1184 2114 1284 2180 putem
1310 2107 1453 2180 desipere,
1471 2105 1521 2179 qui
1539 2106 1595 2163 hac
1610 2120 1670 2162 uns
1684 2104 1721 2160 de
1735 2120 1825 2162 cause
1837 2103 1942 2164 audent

241 2201 378 2266 inficiari,
395 2199 473 2272 quod
488 2195 678 2254 Pachomium
694 2195 889 2267 Hieronymus
912 2195 988 2252 inter
1011 2196 1228 2257 aeclesiasticos
1243 2195 1398 2268 scriptores
1423 2211 1482 2252 non
1506 2196 1665 2264 recenseat,
1689 2192 1864 2252 mentionem
1877 2195 1941 2266 ejus

240 2295 318 2349 corte
332 2290 475 2354 tacturus,
490 2285 576 2355 cujus
591 2299 690 2340 revera
710 2283 820 2339 librum
843 2283 945 2340 Latine
966 2284 1070 2341 luisset
1084 2285 1303 2359 interpretatus.
1325 2287 1455 2351 Quorum
1481 2287 1690 2358 argumentum
1713 2286 1817 2354 suapte
1839 2287 1941 2341 ustura

239 2378 492 2442 infirmissimum,
508 2373 583 2432 salsa
596 2372 684 2430 etiam
701 2371 814 2430 laborat
829 2373 1046 2445 suppositione;
1062 2391 1156 2449 neque
1171 2375 1250 2432 enim
1264 2375 1365 2432 isthec
1378 2374 1551 2447 catalogum
1569 2372 1720 2445 precessit
1741 2371 1939 2446 interpretatio

240 2469 291 2528 sed
318 2485 334 2524 c
359 2465 506 2524 contrario
534 2462 692 2520 subsecuta
719 2465 763 2518 est
785 2465 851 2536 post
875 2463 1015 2520 tredecim
1039 2463 1130 2522 terme
1149 2480 1293 2522 annorum
1316 2463 1457 2536 spatium,
1473 2462 1549 2536 quod
1572 2459 1780 2534 inireplaniue
1804 2459 1940 2530 demone·

239 2565 297 2616 tro.

276 2643 396 2702 Interim
412 2659 476 2714 quae
491 2639 581 2712 hujus
596 2637 814 2711 Hieronymlani
842 2637 951 2696 laboris
974 2641 1109 2698 feruntur
1137 2640 1324 2713 exemplaria,
1346 2641 1488 2698 debemus
1509 2655 1576 2696 oum
1600 2637 1704 2712 primis
1728 2638 1758 2695 S.
1788 2637 1940 2697 &aedicto

236 2732 416 2794 Aniensnsis
430 2728 540 2796 abbati,
556 2727 607 2800 qui
622 2727 824 2784 circaannum
839 2726 946 2784 Christi
969 2731 1023 2786 820
1046 2729 1161 2801 claruit,
1185 2735 1214 2788 et
1237 2746 1291 2788 suo
1315 2729 1407 2786 Codica'
1434 2729 1602 2801 Heputcmma
1625 2744 1686 2784 una
1709 2743 1776 2784 cum
1797 2726 1941 2802 epistolis,

240 2839 315 2898 quas
328 2819 496 2879 Gennadius
512 2820 657 2873 memorat
671 2832 735 2888 cap.
762 2833 843 2888 supr.
860 2815 988 2886 laudato,
1013 2818 1138 2890 aliisque
1168 2817 1317 2876 nonnullis
1347 2817 1478 2876 attexuit.
1503 2815 1643 2889 Equidem
1670 2831 1739 2872 cum
1761 2832 1802 2875 vex
1828 2815 1944 2888 angulis

239 2903 482 2970 bibliothecarum
498 2906 629 2963 nondum
646 2903 787 2962 erasisset
800 2904 918 2962 Aniene
933 2907 1054 2964 Abbatis
1069 2906 1215 2978 collectio,
1230 2923 1266 2963 ex
1288 2904 1354 2963 aliis
1379 2922 1450 2962 mss.
1477 2904 1626 2961 codicibus
1649 2903 1753 2960 Latina
1774 2902 1873 2960 isthec
1887 2903 1944 2961 lte-

240 3002 310 3077 gala
321 3003 441 3072 excepte
455 3001 509 3054 est.
524 2995 596 3052 iiam
613 2995 746 3067 primum
762 2993 859 3050 Romae
873 3011 910 3050 an
927 2995 1005 3062 1575,
1023 2995 1150 3052 Achilles
1166 2996 1276 3053 Statius
1290 2994 1435 3069 vulgavit;
1451 2996 1515 3050 tum
1546 2992 1699 3052 ciaconius
1720 2991 1830 3052 ibidem
1853 2993 1943 3063 15883

236 3091 344 3150 deinde
356 3088 438 3147 noris
454 3083 662 3144 accedentibus
676 3083 755 3138 curis
771 3081 801 3138 in
817 3081 896 3139 calce
911 3083 1104 3142 collationum
1119 3085 1260 3152 cassiani,
1283 3089 1312 3143 et
1331 3085 1361 3141 in
1385 3085 1505 3142 Petrum
1526 3081 1714 3140 Bibliothccis
1728 3079 1777 3139 nlii
1792 3083 1943 3144 recudere.

238 3178 296 3236 llle
312 3181 409 3234 mmen
422 3173 564 3231 editiones
580 3187 632 3228 nec
642 3173 744 3240 totam,
761 3172 1009 3242 quemadmodum
1025 3173 1073 3229 hio
1088 3173 1249 3241 exhibetur,
1266 3173 1424 3248 Regulam
1440 3189 1493 3230 neo
1518 3189 1592 3246 qus,
1607 3171 1718 3233 tradicio
1741 3172 1822 3242 taes,
1836 3176 1864 3234 et
1885 3172 1944 3234 tta-

235 3269 306 3333 aaa,
321 3263 444 3323 diversis
456 3261 551 3318 titulis
565 3259 786 3328 inscribuntar;
810 3275 862 3315 nco
885 3261 1012 3333 denique
1035 3264 1179 3335 speratas,
1201 3272 1226 3320 et
1253 3264 1335 3321 Verba
1361 3263 1482 3336 llystica,
1508 3260 1623 3334 aliaque
1646 3259 1675 3316 id
1699 3275 1793 3334 genus
1816 3259 1941 3329 habam,

236 3373 301 3433 qum
317 3352 405 3412 simul
421 3352 474 3410 stae
488 3349 664 3421 Hieronymo
681 3347 772 3404 tuisse
788 3348 890 3404 Latine
905 3350 1018 3407 reddita
1043 3369 1077 3408 cx
1099 3352 1164 3425 ipsa
1184 3352 1354 3409 Praelatione
1378 3357 1559 3424 compertum
1578 3352 1631 3406 cst.
1648 3349 1719 3405 Tota
1742 3349 1814 3410 adeo
1829 3347 1866 3405 cl.
1883 3347 1942 3406 viri

236 3447 320 3504 Luce
336 3439 476 3500 llotstanii
492 3436 642 3496 sedulitati
666 3436 761 3510 gratia
784 3441 828 3493 cst
851 3437 995 3506 habenda,
1012 3442 1062 3513 qui
1077 3458 1144 3498 cnm
1169 3441 1198 3496 in
1225 3443 1253 3498 S.
1278 3440 1426 3498 benedicti
1450 3438 1652 3514 apographum
1672 3437 1826 3498 incidisset
1846 3455 1882 3495 ex
1906 3454 1944 3498 eo

235 3533 427 3614 descriptum,
444 3529 520 3602 quod
537 3527 614 3600 apud
631 3527 660 3583 S.
675 3525 863 3583 Maximinum
880 3545 969 3602 prope
983 3531 1121 3587 Treveros
1135 3529 1378 3603 antiquissimum
1395 3533 1508 3587 emtore
1523 3528 1639 3594 dicitur,
1653 3543 1721 3583 cnm
1736 3526 1801 3585 aliis
1815 3527 1945 3587 vetustis

235 3623 386 3682 codicibus
401 3617 534 3685 contulit,
551 3615 601 3689 qui
616 3614 745 3687 aliquam
761 3613 863 3672 exiliis
878 3617 987 3688 regulis
1002 3618 1182 3686 exhiberent,
1199 3635 1232 3676 ac
1246 3618 1323 3692 typis
1338 3618 1429 3687 dedit,
1444 3619 1543 3674 Roma
1571 3615 1700 3689 primam
1720 3631 1768 3676 aa·
1790 3609 1880 3684 itti,
1906 3615 1947 3672 de

233 3715 303 3772 iudo
316 3709 437 3770 Parisiis
451 3705 570 3766 hiennio
585 3709 652 3778 post
665 3705 878 3762 excudendum.
893 3705 952 3763 Hoc
966 3706 1065 3780 itaque
1080 3724 1134 3766 nos
1149 3707 1260 3764 utimur
1273 3707 1431 3782 exemplari
1453 3710 1554 3780 utpote
1576 3705 1709 3766 omnium
1737 3703 1872 3764 uberim
1904 3707 1949 3761 at-

232 3820 293 3876 qua
307 3799 550 3864 accuratissimo;
565 3797 594 3852 ct
609 3809 676 3850 cum
693 3811 779 3866 porro
795 3795 941 3853 variantes
964 3797 1104 3855 lectiones
1128 3815 1201 3871 quas
1225 3814 1259 3856 ax
1284 3797 1350 3854 aliis
1374 3795 1458 3854 libris
1481 3797 1665 3868 excerpserat
1679 3793 1871 3853 doctissimus
1897 3792 1954 3850 ille

236 3890 289 3957 vir,
306 3895 334 3946 et
349 3887 467 3946 notulas
482 3900 557 3959 quas
572 3886 724 3956 paraverat
734 3885 764 3940 in
781 3883 889 3941 calcem
904 3885 1000 3959 operis
1016 3885 1226 3959 conjiciendas,
1244 3889 1337 3944 morte
1352 3885 1550 3943 intercedente
1563 3883 1700 3944 exhibere
1711 3882 1788 3942 baud
1796 3881 1955 3955 potuerit,

234 3994 289 4035 nos
303 3976 382 4050 quod
397 3979 460 4034 erat
474 3993 489 4032 e
504 3992 535 4032 re
548 3979 659 4045 nostra,
675 3975 838 4049 prinoipem
853 3976 1023 4044 editionem,
1036 3973 1146 4032 Achille
1160 3975 1253 4042 statii,
1269 3978 1331 4032 tum
1346 3973 1466 4030 alteram
1482 3971 1640 4029 auctiorem
1653 3970 1729 4028 Petri
1743 3968 1894 4030 ciacconii
1910 3971 1955 4027 sd

235 4064 317 4127 illem
333 4065 483 4138 exegimus
498 4063 666 4139 diligentem
682 4070 711 4122 et
725 4082 789 4138 qus
805 4065 994 4124 holsteniano
1009 4063 1102 4121 labori
1117 4063 1248 4132 deerant,
1263 4063 1360 4136 quoad
1376 4063 1441 4134 eius
1457 4061 1519 4120 lieri
1535 4059 1640 4136 potuit,
1656 4061 1707 4115 nui
1734 4057 1880 4120 interesse
1903 4058 1956 4138 yi-

234 4156 368 4224 debatur,
385 4153 566 4212 suffecimus.

269 4247 408 4318 Tempus,
425 4261 484 4318 quc
501 4245 631 4302 Latinam
661 4244 771 4301 hancce
794 4243 1066 4316 interpretationem
1092 4241 1286 4314 Hieronymus
1310 4237 1477 4306 elaborarit,
1492 4254 1528 4294 ex
1549 4254 1582 4294 eo
1604 4235 1689 4298 isebe
1704 4232 1837 4306 ¹eruitur,
1864 4237 1959 4309 guod

234 4334 333 4392 stetim
350 4333 453 4390 limine
471 4333 650 4391 prelationis
666 4337 836 4390 maerentem
853 4347 884 4388 se
899 4332 1064 4388 domanicae
1077 4335 1178 4386 sauctae
1203 4333 1228 4386 ct
1254 4329 1416 4385 reserabitis
1430 4327 1536 4393 Paule,
1560 4326 1611 4382 diu
1634 4323 1763 4383 tacuisse
1776 4323 1962 4398 profitetur,

233 4424 325 4479 donec
340 4422 371 4478 in
387 4422 442 4478 hoo
454 4423 620 4478 exornando
636 4436 731 4493 opere,
748 4423 816 4476 borao
830 4425 860 4476 ut
875 4422 955 4477 aiant
969 4422 1092 4493 caespioa'a
1107 4420 1219 4492 canaam
1233 4419 1374 4475 sitentium
1397 4423 1544 4489 rumperet.
1570 4415 1621 4472 llis
1642 4412 1720 4472 enim
1744 4431 1843 4471 annus
1868 4411 1966 4470 indi·

233 4513 317 4566 catur
332 4510 395 4576 404,
411 4510 467 4565 suh
481 4511 568 4582 cujus
583 4508 712 4577 initium,
728 4509 859 4566 demisit
872 4517 967 4566 sauata
988 4514 1014 4565 et
1038 4510 1117 4565 beatu
1131 4509 1223 4565 Pacta
1245 4508 1359 4578 septimo
1381 4504 1515 4562 cubamus
1537 4503 1702 4560 Februarias
1724 4503 1807 4559 tertia
1829 4501 1971 4558 Sabbata·

231 4605 292 4668 post
305 4597 371 4654 sotis
384 4597 551 4668 occuitum,
568 4599 687 4654 Honorio
703 4602 826 4670 ,inposta
841 4615 870 4654 va
884 4607 910 4654 et
925 4598 1075 4656 Aristeraeto
1094 4614 1174 4664 cosa,
1201 4594 1278 4668 quod
1301 4595 1330 4648 in
1354 4593 1418 4665 ejus
1435 4590 1589 4666 Epitaphio
1603 4589 1839 4648 luculentissime
1854 4589 1974 4647 tradit

234 4685 439 4760 Hieronymus.
457 4686 501 4741 Ad
514 4686 648 4758 ejusdem
664 4685 756 4760 igitur
769 4686 839 4743 anni
853 4687 954 4757 casm,
973 4686 1018 4745 vel
1042 4687 1067 4744 si
1091 4686 1183 4754 labet,
1198 4683 1235 4740 ad
1259 4681 1465 4754 insequentem
1480 4682 1533 4737 405
1547 4679 1699 4760 cpmmcde
1713 4677 1871 4735 translsrri
1890 4675 1975 4735 haec

234 4779 329 4852 potest
343 4775 555 4850 interpretatio,
572 4792 673 4849 quam,
688 4793 757 4832 cum
772 4775 858 4850 longo
871 4776 987 4835 silentio
1002 4775 1131 4834 dolorem
1147 4774 1326 4839 devorasset,
1337 4769 1529 4829 elucubravit.
