4078 6162
164 219 224 294 aaa
560 219 1474 300 araasnarrate:moeremus-tammum.
1808 183 1869 307 att

163 357 353 420 dividebatur
366 375 435 420 cum
457 365 637 434 nosceretur,
659 361 790 436 loquenti
815 363 1296 437 conjunctusAimmortalitslem
1326 372 1355 426 st
1382 365 1649 427 immutabilitatem
1683 359 1784 427 omnia
1809 364 1867 426 da·
1917 403 1921 410 ·

161 456 191 510 st
205 467 349 526 pressans,
366 451 397 508 in
412 451 477 524 ejus
491 450 605 510 actibus
626 468 826 526 perseverane,
847 457 934 527 atque
948 453 989 510 ibi
1045 459 1156 524 cturus,
1172 455 1203 512 in
1217 457 1354 529 presenti
1376 471 1443 514 vero
1466 459 1630 515 creaturam
1653 455 1684 515 in
1699 461 1824 516 mertam
1839 459 1868 515 et

158 557 248 602 suam
265 540 479 600 connexionem
493 541 557 600 sina
572 547 691 618 peccato
707 542 885 600 custodiens.
901 563 916 594 u
1043 545 1272 603 mutabilitatem
1287 547 1407 605 interim
1432 545 1602 607 dimittens:
1627 563 1697 604 nam
1719 546 1867 622 siquidem

553 641 601 698 Vl.
1043 633 1143 692 statim
1159 635 1195 690 ab
1209 633 1292 692 initio
1307 634 1489 692 immortales
1505 652 1559 692 aas
1574 635 1675 693 iecerit
1688 637 1717 692 et
1729 635 1869 696 immuta·

267 730 305 782 Ex
318 728 388 780 libro
403 729 498 794 quinto
511 732 519 767 ¹
531 729 682 782 Commenti
696 729 729 781 de
745 733 878 782 creatura.
1042 722 1126 792 biles,
1143 723 1255 780 nullam
1276 724 1470 782 differentiam
1495 725 1532 781 ad
1548 723 1759 782 irrationabilia
1778 723 1867 784 haba·
1985 724 1989 730 ’

201 832 217 860 ιι
232 809 290 866 blec
301 808 393 884 igitur
408 813 534 866 mortem
549 814 728 884 conspecte
746 814 775 867 et
790 813 893 882 preter
905 809 988 868 ludi·
1043 827 1153 881 remus,
1177 813 1329 885 proprium
1357 812 1522 872 nescientes
1548 815 1669 871 bonum.
1697 813 1867 888 Ignorantes

163 898 245 956 cium
258 915 344 956 suum
357 897 458 954 intulit
472 897 654 968 bominibus,
674 915 770 972 neque
792 904 909 971 peccata
925 898 990 955 adi·
1042 900 1120 956 enim
1135 900 1375 969 mutabilitatem,
1392 901 1644 960 immutabilitatis
1658 901 1868 976 ignorabamus

163 993 228 1050 tum
242 987 278 1044 ad
292 985 406 1044 nnllam
419 987 580 1044 utilitatem
596 987 685 1055 dedit,
702 1003 755 1044 nec
770 985 849 1044 enim
859 986 914 1044 boo
926 988 989 1044 fieri
1042 989 1153 1046 bonnm
1165 990 1349 1058 :nescientes
1361 995 1494 1060 mortem,
1508 990 1740 1048 immortalitatis
1752 990 1868 1048 luorum

161 1075 275 1143 ndens,
296 1092 355 1133 ann
379 1081 513 1148 poterat:
542 1077 594 1133 sed
621 1076 761 1150 quoniam
786 1077 897 1134 sciebat
917 1077 989 1134 utile
1043 1077 1869 1152 nesciebamus;ignorantescorruptionemmonlauda·

156 1181 224 1224 sem
239 1163 338 1234 nabis,
353 1164 449 1239 magis
465 1168 564 1222 autem
588 1165 727 1222 omuibus
751 1163 986 1232 rationabilibus,
1042 1166 1149 1223 hamus
1163 1167 1414 1240 incorruptionem
1426 1192 1433 1238 ;
1446 1169 1609 1226 nescientes
1619 1168 1791 1242 passiam
1802 1184 1868 1242 gra·

153 1255 242 1328 priua
255 1254 379 1327 quidem
396 1252 543 1310 malorum
555 1259 584 1310 et
599 1255 779 1311 deteriorum
789 1253 852 1310 fieri
863 1253 991 1324 aditum,
1042 1271 1158 1324 teman,
1169 1255 1437 1329 impassibilitatem
1450 1273 1508 1313 ncn
1520 1257 1711 1314 mirabamur.
1723 1255 1868 1329 Compen-

153 1341 619 1416 posbeaautemdeleriquidem
641 1342 711 1411 bec,
728 1343 874 1400 introduci
890 1347 988 1399 autem
1043 1343 1124 1401 diosa
1164 1345 1271 1414 dicere,
1311 1361 1346 1401 ne
1387 1344 1508 1420 longum
1536 1362 1701 1404 sermonem
1740 1344 1865 1404 faciam:

154 1430 301 1490 meliora:
318 1430 385 1488 iden
400 1430 431 1486 in
457 1431 531 1488 duas
555 1435 652 1488 status
667 1431 766 1488 divisit
781 1431 858 1488 Deus
873 1434 988 1489 creatu·
1043 1433 1207 1490 nescientes
1223 1431 1368 1490 malorum
1384 1433 1629 1506 experimentum,
1643 1435 1788 1491 bonorum
1803 1431 1867 1492 itio·
1942 1427 1946 1434 ’

153 1537 233 1590 ram,
258 1522 434 1594 praesentem
461 1525 490 1577 et
516 1521 665 1590 suturam;
690 1522 721 1576 in
745 1519 796 1578 illo
811 1521 930 1594 quidem
951 1522 987 1578 ad
1043 1537 1107 1579 rum
1124 1538 1182 1579 noa
1198 1524 1366 1594 poteramus
1382 1521 1535 1580 scientiam
1551 1521 1666 1579 mereri.
1683 1544 1698 1574 u

190 1663 201 1698 ³
216 1661 285 1719 ileo
300 1677 355 1719 nos
370 1662 534 1734 adiecimus
549 1678 612 1720 exs
633 1661 892 1733 undaurnimat,
909 1665 987 1736 quod
1042 1662 1103 1718 buc
1115 1665 1231 1720 tantum
1243 1661 1274 1718 in
1290 1679 1305 1720 s
1327 1663 1418 1720 eciem
1433 1663 1621 1732 adduximus,
1637 1666 1671 1719 ut
1691 1663 1718 1720 si
1740 1667 1807 1737 quis
1822 1681 1867 1726 rs·

153 1734 274 1818 Ncrisio
288 1736 427 1791 visasint
441 1750 477 1790 ex
491 1735 594 1791 endem
614 1679 766 1817 Yibeodori·
783 1751 870 1808 opere
884 1740 986 1791 contra
1042 1733 1202 1860 liupuaejus
1217 1733 1284 1791 libri
1300 1679 1456 1806 Xesideret,
1472 1736 1566 1809 possit
1588 1751 1623 1792 ex
1637 1735 1739 1792 eadem
1764 1738 1868 1816 synodi

153 1807 370 1882 Hieronymum
386 1809 515 1877 excepta.
531 1805 641 1862 Verum
667 1822 735 1863 cum
758 1807 788 1861 ul
809 1806 988 1878 usqueadeo
1042 1821 1075 1862 co
1088 1805 1198 1863 latrone
1212 1823 1230 1862 a
1245 1821 1367 1867 numero
1379 1807 1414 1863 57
1429 1807 1466 1864 ad
1482 1823 1576 1881 usqua
1589 1807 1620 1863 il
1633 1811 1773 1881 repetere.

154 1876 343 1951 exploratum
369 1893 428 1933 non
452 1877 502 1946 sit,
527 1880 560 1933 ut
581 1876 666 1933 aliter
692 1877 801 1934 sentire
817 1894 876 1934 non
891 1877 987 1949 liceat,

157 1997 1868 2034 w

534 2109 571 2167 IN
590 2109 667 2177 sito.
689 2109 824 2168 LIBRUM
843 2110 888 2167 DE
908 2109 1260 2168 v1itls1ttttsrtttsstls
1282 2110 1495 2170 ADMONiTlO.

190 2335 254 2394 Hoc
268 2331 345 2390 libra
359 2333 397 2389 De
411 2331 569 2388 illustribus
587 2331 657 2388 Viris
681 2330 741 2388 sive
765 2331 842 2405 apud
862 2331 959 2404 ipsum
985 2330 1207 2404 Hieronymum,
1232 2332 1292 2390 sive
1319 2333 1397 2407 apud
1418 2331 1492 2391 alios
1512 2337 1623 2391 veteres
1638 2333 1805 2406 scriptores,
1820 2331 1866 2390 ni·

148 2423 196 2482 nil
212 2423 309 2490 ferme
323 2418 492 2493 preclarius
508 2423 553 2476 est
566 2435 600 2476 no
614 2418 770 2476 celebrius.
786 2425 826 2476 De
840 2419 936 2493 operis
952 2419 1079 2478 utilitate
1103 2421 1167 2493 ipse
1189 2422 1247 2478 sibl
1267 2419 1414 2494 placuisse
1428 2422 1635 2480 sanctissimus
1651 2427 1753 2480 auctor
1765 2421 1867 2480 videa·

148 2519 214 2582 tur,
231 2509 314 2584 qnod
326 2509 357 2565 in
372 2507 466 2577 libris,
483 2523 558 2581 quos
574 2507 700 2564 subinde
713 2506 906 2576 elucubravit,
931 2508 1090 2566 mentionis
1115 2510 1151 2566 dc
1170 2509 1220 2568 illo
1244 2511 1410 2584 injicienda
1431 2512 1589 2570 lectoribus
1604 2512 1667 2570 sais
1682 2511 1866 2570 sermionem

147 2599 270 2660 nubam
284 2615 344 2654 non
360 2596 525 2668 arripuerit.
542 2597 649 2653 Statim
665 2596 702 2653 ab
717 2611 750 2652 eo
766 2596 886 2670 scripsit
908 2601 1011 2654 contra
1033 2598 1234 2670 turinianum,
1258 2616 1386 2674 cumque
1410 2602 1447 2657 de
1464 2601 1577 2660 Jcanae
1590 2615 1688 2659 sermo
1702 2599 1867 2671 incidisset,

149 2689 233 2766 quod
249 2703 348 2762 usque
363 2687 400 2742 ad
415 2683 534 2758 Traiani
547 2685 653 2741 vixerit
666 2685 835 2757 imperium,
851 2685 942 2742 idest
963 2690 1031 2758 post
1053 2687 1222 2759 passionem
1246 2687 1362 2745 Domini
1386 2691 1568 2763 sexagesimo
1590 2694 1691 2748 octavo
1706 2705 1783 2748 anno
1797 2690 1866 2747 dor·

151 2779 267 2845 mierit,
284 2799 299 2828 ιι
315 2773 376 2832 lloc
390 2779 419 2830 et
433 2789 497 2842 nos,
514 2773 620 2846 iuquit,
636 2773 666 2828 in
681 2772 757 2830 libro
774 2775 810 2830 Dc
823 2776 980 2831 illustribus
996 2775 1068 2832 Viris
1087 2776 1213 2833 breviter
1227 2776 1463 2850 perstrinximus.
1480 2799 1495 2829 u
1511 2777 1602 2836 Paulo
1624 2783 1701 2853 post,
1716 2779 1803 2852 epist.
1818 2780 1865 2849 tr,

151 2869 190 2926 ad
205 2863 416 2924 Desiderium:
434 2885 448 2914 ιι
463 2862 571 2935 Scripsi
585 2860 695 2919 librum
718 2863 756 2918 De
780 2862 935 2920 illustribus
962 2865 1031 2920 Viris
1055 2865 1091 2920 ab
1110 2864 1258 2938 spostoiis
1282 2883 1376 2940 usque
1391 2867 1426 2923 ad
1442 2870 1574 2924 nostram
1589 2870 1716 2938 statem,
1730 2866 1865 2924 imitatus

149 2952 368 3030 Tranquillum
385 2951 576 3024 (irarumque
589 2949 796 3024 Apollonium:
812 2955 920 3025 etpost
935 2951 1099 3026 catalogum
1124 2952 1330 3026 plurimorum,
1355 2971 1401 3012 ms
1426 2971 1544 3029 quoque
1565 2954 1596 3012 in
1611 2954 1690 3013 ealce
1704 2953 1865 3013 voluminis

151 3044 242 3122 quasi
258 3041 428 3100 abortivum
443 3043 471 3096 et
486 3038 644 3096 minimum
658 3039 791 3096 omnium
809 3039 1041 3098 Christianorum
1057 3043 1141 3116 posui
1156 3059 1162 3100 :
1180 3044 1230 3100 ubi
1247 3043 1320 3100 mibi
1336 3061 1454 3102 necesse
1477 3045 1533 3100 tuit
1546 3059 1641 3117 usque
1664 3044 1700 3100 ad
1716 3043 1863 3101 decimum

152 3138 298 3210 quartum
313 3146 425 3188 annum
436 3128 592 3186 'l'becdosii
616 3127 757 3202 principis
783 3128 854 3201 quid
880 3129 1058 3203 scripserim,
1084 3131 1211 3188 breviter
1234 3136 1382 3190 annotare.
1402 3155 1417 3183 »
1442 3133 1527 3190 Paris
1545 3132 1634 3210 habat
1648 3132 1678 3189 in
1696 3132 1864 3190 tralatione
1905 3133 1906 3138 ’

152 3218 441 3284 Commentariorum
456 3217 486 3272 in
500 3217 625 3274 Joasm:
642 3217 672 3273 in
687 3217 762 3274 libro
786 3220 885 3274 autem
908 3220 1037 3274 secundo
1059 3223 1164 3277 Contra
1184 3221 1322 3278 liuiinum
1347 3238 1418 3279 sane
1441 3221 1622 3279 luculenter:
1645 3243 1660 3273 u
1680 3222 1755 3278 Ante
1771 3236 1863 3278 annos

155 3312 249 3369 terme
263 3309 365 3365 decem
380 3322 448 3362 cum
463 3303 568 3362 Dexter
581 3305 695 3362 amicus
717 3323 811 3374 meus,
837 3307 888 3380 qui
911 3308 1114 3379 praefecturam
1138 3309 1356 3368 administravit
1379 3310 1517 3384 preterii,
1540 3327 1587 3367 me
1610 3313 1743 3383 rogasset
1764 3311 1798 3366 ut
1811 3325 1865 3366 au·

153 3403 272 3456 clarum
287 3401 392 3453 nostre
406 3393 557 3469 religionis
572 3394 599 3450 ei
614 3395 740 3452 indicem
755 3400 895 3465 teserem,
912 3396 988 3453 inter
1002 3401 1121 3455 caeteros
1135 3403 1308 3461 tractatores
1323 3399 1408 3472 posui
1420 3405 1449 3457 et
1463 3399 1543 3456 bunc
1558 3399 1667 3456 librum
1683 3415 1699 3455 a
1713 3396 1866 3472 Pamphilo

158 3487 288 3554 aditam,
301 3507 316 3536 a
331 3489 384 3542 etc.
810 3537 817 3548 ,

200 3575 229 3628 2.
244 3571 342 3645 ipsam
355 3587 441 3646 mam
457 3571 573 3628 iecisset
588 3571 665 3629 libro
680 3572 912 3646 inscriptionem,
941 3589 1041 3644 queve
1064 3575 1129 3646 ejus
1154 3581 1232 3633 esset
1255 3575 1472 3647 quodammodo
1495 3573 1621 3643 indoles,
1641 3573 1742 3631 sedulo
1757 3573 1794 3630 ad
1808 3575 1869 3634 Au·

163 3661 320 3736 guetinnm
332 3661 453 3734 epistola
466 3661 520 3717 ll2
533 3661 699 3718 rescribens
714 3661 816 3718 docet:
834 3683 848 3711 α
865 3660 944 3718 Dicis
959 3661 1106 3735 accepisse
1120 3666 1148 3718 te
1162 3663 1271 3720 librum
1287 3678 1387 3719 meum
1404 3679 1422 3719 a
1437 3661 1562 3735 quodam
1574 3662 1674 3729 fratre,
1686 3660 1868 3733 quititulum

162 3765 223 3809 nna
239 3749 415 3819 haberetis
431 3765 489 3822 quc
504 3748 662 3822 scriptores
675 3748 888 3806 ecclesiasticos
903 3753 964 3806 tam
984 3753 1098 3807 Graecam
1113 3767 1202 3822 quam
1228 3750 1346 3808 Latinos
1370 3749 1621 3808 enumeraverim:
1638 3741 1767 3824 cumque
1783 3750 1821 3807 ab
1835 3765 1870 3808 cc

164 3855 326 3915 quereres,
342 3839 448 3897 uttnis
470 3837 566 3895 verbis
590 3842 667 3908 utar,
692 3855 745 3894 cur
767 3837 914 3894 liminaris
937 3839 1045 3912 pagina
1067 3855 1126 3896 noa
1148 3843 1225 3896 esset
1243 3839 1396 3914 inscripta,
1420 3839 1463 3896 uel
1486 3855 1545 3913 quo
1559 3841 1727 3897 censeretur
1741 3837 1871 3910 namins,

165 3927 362 4003 respondisse
375 3926 515 4002 appellari
530 3927 719 4000 Epitaphium,
735 3931 764 3983 st
778 3928 993 4000 argumentaris
1006 3928 1084 4001 quod
1098 3933 1176 3985 recte
1200 3928 1243 3986 sic
1260 3933 1420 3999 vocaretur,
1443 3929 1469 3984 si
1492 3944 1594 3986 eorum
1608 3931 1725 3986 tantum
1739 3927 1784 3986 vel
1796 3927 1873 3986 vitas
1973 3931 1980 3937 '

158 4017 209 4074 vel
223 4017 339 4090 scripta
353 4015 394 4074 ibi
409 4015 542 4089 legisses,
559 4015 609 4088 qul
620 4016 684 4088 J'am
699 4015 829 4072 defuncti
841 4019 957 4084 essenl;
974 4032 1041 4071 cum
1060 4031 1128 4072 vero
1152 4016 1313 4073 multorum
1328 4022 1357 4074 et
1371 4034 1404 4074 eo
1419 4022 1551 4090 tempore
1566 4033 1624 4090 quc
1639 4016 1832 4084 scribebatur,
1846 4019 1875 4073 et

157 4121 242 4164 nuno
256 4119 354 4178 usqne
368 4104 528 4161 viveritium
544 4106 814 4160 commemorentur
827 4103 978 4176 opuscula,
994 4105 1094 4161 mirari
1108 4109 1137 4162 te
1151 4121 1204 4161 cur
1227 4105 1254 4161 ei
1277 4104 1357 4162 bunc
1377 4106 1498 4162 titulum
1518 4104 1723 4178 imposuerim.
1739 4104 1811 4161 Puta
1825 4104 1874 4160 ia·

156 4193 297 4268 telligare
311 4191 500 4266 prudentiam
516 4195 609 4263 tuam,
627 4192 705 4264 quod
720 4207 754 4248 ex
769 4207 856 4264 opere
872 4191 936 4265 ipso
950 4192 1070 4250 titulum
1099 4193 1232 4266 potueris
1258 4193 1431 4268 intelligere.
1455 4193 1564 4268 Legisti
1578 4193 1657 4250 enim
1674 4196 1703 4250 at
1716 4192 1831 4250 Grecos
1845 4196 1876 4250 et

155 4284 296 4350 Latinos,
310 4281 362 4356 qui
376 4282 450 4339 vitas
465 4281 595 4338 vivorum
610 4279 772 4337 illustrium
789 4281 1020 4353 descripserunt,
1037 4281 1115 4354 quod
1126 4271 1281 4354 nunquam
1297 4283 1476 4355 Epitaphium
1486 4281 1553 4338 huic
1564 4279 1646 4356 operi
1659 4278 1874 4354 inscripserint,

157 4371 214 4430 sed
228 4377 275 4429 De
290 4371 448 4428 illustribus
467 4371 547 4436 Vim,
562 4369 642 4426 verbi
656 4370 760 4444 gralia,
774 4369 914 4440 Ducibus,
929 4369 1128 4444 Philoscpbis,
1143 4372 1325 4438 Oratoribus,
1341 4371 1505 4438 ilistoricis,
1521 4367 1614 4428 Poetis
1629 4367 1730 4446 spicia,
1744 4368 1876 4444 tragicis,

155 4461 297 4521 comicis.
313 4459 493 4534 Epitaphium
508 4464 607 4516 autem
623 4457 740 4533 proprie
755 4458 895 4515 scribitur
909 4465 1105 4530 mortuorum,
1124 4461 1202 4534 qtrod
1218 4461 1338 4533 quidem
1363 4461 1392 4516 in
1416 4461 1593 4518 dormitione
1608 4463 1716 4518 sanctes
1728 4457 1876 4516 memorias

156 4549 322 4623 Nepotiani
337 4547 501 4623 presbyteri
516 4547 587 4604 oiim
604 4547 704 4604 iecisse
721 4563 767 4604 me
781 4549 857 4604 novi.
874 4549 948 4622 Ergo
964 4548 1011 4604 bic
1026 4533 1101 4605 liber
1114 4549 1157 4606 vel
1172 4551 1212 4606 De
1233 4551 1389 4608 illustribus
1409 4551 1490 4620 Viris,
1513 4549 1556 4607 vel
1576 4549 1692 4624 proprie
1707 4549 1745 4605 De
1759 4547 1878 4620 Scripta·

161 4641 244 4696 ribus
257 4639 462 4703 mauricensis,
476 4636 670 4711 appellandus
692 4641 755 4694 est:
786 4635 854 4694 licet
882 4654 899 4693 a
925 4635 1072 4710 plerisque
1098 4639 1338 4696 emendatoribus
1366 4637 1511 4713 imperitis
1525 4640 1563 4697 De
1578 4638 1742 4696 Auctoribus
1764 4636 1880 4694 dicatur

166 4729 341 4802 inscriptus.
358 4749 373 4779 u
390 4731 457 4784 iam
472 4724 571 4799 itaque
585 4725 654 4782 audi
670 4724 740 4798 quid
755 4726 939 4799 Augustinus
954 4731 1093 4800 praterea
1116 4727 1152 4783 ab
1176 4743 1210 4783 ec
1236 4728 1400 4801 prestitum
1424 4727 1566 4786 voluisset
1578 4726 1670 4801 Epist.
1686 4725 1762 4781 inter
1775 4723 1880 4780 iliaru-

168 4815 324 4890 nymianas
336 4817 392 4873 st:
408 4837 423 4866 ιι
441 4817 472 4871 ln
487 4814 573 4883 libro,
590 4813 696 4887 inquit,
713 4830 771 4885 quo
787 4819 920 4881 cunctos,
944 4830 1070 4888 quorum
1095 4815 1267 4872 meminisse
1290 4816 1424 4890 potuisti,
1449 4817 1608 4890 scriptores
1623 4812 1837 4873 ecclesiasticos
1850 4813 1881 4868 st

163 4917 273 4964 corum
288 4905 400 4978 scripta
414 4905 663 4971 commemorasti,
681 4903 875 4973 commodius,
894 4907 925 4959 ut
940 4905 1076 4973 arbitror,
1088 4905 1179 4976 lieret,
1192 4904 1227 4973 si,
1241 4903 1399 4962 nominatis
1410 4905 1446 4961 iis
1460 4921 1535 4978 quos
1549 4903 1718 4962 beresiotas
1728 4917 1793 4958 esse
1803 4899 1882 4958 obsti

163 4995 302 5070 (quando
312 5010 350 5050 ne
363 4995 444 5067 ipsos
459 4992 580 5066 quidem
595 4989 815 5064 praetermittere
830 4991 980 5066 volueris)
995 4994 1192 5068 subiungeres
1215 4994 1304 5050 etiam
1329 4993 1359 5050 in
1383 4993 1491 5066 quibus
1517 4993 1638 5048 cavendi
1654 4994 1771 5048 essent:
1787 5005 1882 5064 quan·

162 5098 260 5160 qnam
277 5081 436 5140 nonnullos
451 5081 540 5138 etiam
556 5080 741 5155 preterieris,
757 5080 835 5152 quod
852 5080 927 5137 scire
949 5099 1087 5155 cuperem
1112 5100 1169 5157 quc
1190 5081 1311 5140 consilio
1334 5083 1444 5138 iactum
1465 5082 1514 5138 sit.
1538 5084 1597 5136 Aut
1611 5080 1635 5136 si
1656 5079 1729 5136 illud
1745 5078 1883 5136 volumen

162 5170 244 5232 torte
260 5185 384 5230 onerare
400 5169 532 5237 noluisti,
549 5175 591 5238 ut,
614 5169 852 5226 commemoratis
881 5169 1037 5240 brereticis,
1066 5189 1124 5229 non
1153 5173 1285 5238 adderes,
1315 5173 1345 5226 in
1375 5170 1483 5244 quibus
1511 5183 1561 5226 sos
1576 5166 1885 5227 eatbclicadamaauit

162 5261 353 5322 auctoritas:
369 5263 436 5332 peto
451 5276 487 5318 ne
501 5272 588 5336 mave
603 5260 642 5317 sil
656 5257 783 5316 litterato
810 5257 903 5315 labori
927 5264 989 5331 tuo,
1013 5278 1071 5334 quo
1096 5279 1154 5318 non
1179 5259 1365 5318 mediocriter
1388 5275 1440 5332 per
1453 5259 1568 5316 Domini
1585 5257 1635 5316 Dei
1650 5258 1742 5316 nostri
1757 5257 1884 5331 matiam

161 5353 200 5410 in
216 5349 327 5408 Latina
338 5349 441 5422 lingua
454 5355 624 5408 sanctorum
641 5347 740 5406 studia
754 5352 783 5404 et
797 5349 955 5406 accendisti
971 5355 1000 5406 at
1015 5351 1165 5423 adjuvisti,
1192 5350 1221 5406 id
1244 5351 1321 5422 quod
1346 5349 1400 5404 libi
1425 5363 1478 5421 per
1498 5347 1698 5406 bumilitatem
1711 5360 1809 5403 meam
1825 5345 1887 5402 iba·

163 5445 257 5500 terna
271 5437 402 5496 charitas
417 5438 527 5512 indicit,
545 5445 590 5512 ut,
606 5439 631 5496 si
647 5429 853 5509 occupationes
881 5443 938 5496 luc
969 5439 1081 5508 sinunt,
1109 5439 1243 5496 omnium
1273 5439 1477 5496 hereticorum
1503 5451 1639 5511 perversa
1664 5437 1813 5510 dogmata,
1834 5431 1887 5504 qui

166 5527 386 5590 rectitudinem
400 5517 465 5588 fidei
479 5530 654 5594 Christiane
670 5527 772 5602 utique
787 5526 824 5584 ad
848 5527 904 5586 hcc
927 5531 1046 5603 tempus
1068 5528 1113 5586 vel
1136 5527 1329 5602 impudentia,
1354 5527 1398 5587 vel
1421 5525 1581 5602 imperitia,
1600 5526 1644 5585 vel
1661 5518 1888 5599 prinsecus·
