4078 6162
98 299 154 358 m

648 301 763 368 lellR
785 301 836 368 DD
857 301 961 368 vlitis
984 303 1254 370 lbltUS'l'lll'BUS.

1739 318 1800 378 ’142

97 423 232 483 'rotroco
261 426 470 504 βασιλευόντων,
500 431 630 509 ἰσχυρούς
658 437 725 489 κατὰ
750 441 804 490 τῶν
834 443 920 492 Μανι-
935 437 1096 506 Αίονίοοο
1111 440 1304 511 principibuS,
1322 441 1409 498 sortes
1438 442 1592 500 adversum
1621 447 1797 506 Manichacus

96 517 181 592 patrae
213 518 343 588 συντάξας
366 517 483 608 λόγους,
507 518 761 598 καὶίτεραπολλᾶ,
779 522 823 580 ἐπὶ
852 524 920 580 eta.
978 527 1094 601 scripsit
1110 527 1209 596 libros,
1226 534 1254 584 et
1270 530 1410 586 neutralia
1424 531 1573 589 volumina
1588 533 1653 592 alia.
1676 537 1800 595 Moritur

96 604 188 668 λεντος
200 604 386 678 ἐτελεύτησεν.

977 620 1074 671 autem
1089 619 1145 672 sub
1160 618 1279 674 Valente
1292 619 1312 673 ¹.

841 732 958 787 CAPUT
977 731 1049 788 Clll.

130 822 283 895 Δάμασος,
313 824 422 897 Ῥώμης
458 823 615 895 ἐπίσκοπος,
645 827 683 889 είς
714 825 854 882 ἐποποιίαν
883 828 924 882 εὖ·

1014 831 1168 898 Damasus,
1182 833 1317 888 lteraaurc
1336 836 1416 892 urbis
1431 836 1598 910 episcopus,
1623 839 1741 913 elegans
1770 845 1799 899 ia

97 913 183 988 ροής,
202 907 293 965 πολλὰ
316 911 361 965 καὶ
392 911 512 987 σύντομα
538 916 653 990 epotam
683 917 774 990 μέτρῳ
800 914 923 988 ἐξέδωκε,
977 919 1110 976 versibus
1125 923 1335 994 componenDis
1350 923 1501 996 ingenium
1518 927 1630 996 imbuit,
1651 930 1802 1004 multaque

98 999 145 1053 καὶ
175 996 407 1074 ὀγδοηκονταέτης
436 1001 479 1057 ἐπὶ
519 1001 663 1059 Θεοδοσίου
699 1003 833 1079 βασιλέως
867 1005 923 1060 ἐτι·

100 1085 241 1158 λεύτησεν.

979 1013 1007 1062 et
1019 1009 1116 1064 brevia
1132 1015 1224 1066 metro
1239 1011 1329 1066 edidit
1343 1014 1363 1076 ²,
1380 1019 1408 1068 et
1424 1031 1512 1087 prope
1527 1019 1730 1090 octogenarius
1746 1022 1801 1076 sub

979 1096 1141 1152 Theodosia
1157 1100 1287 1171 principe
1303 1108 1438 1156 incrinus
1451 1111 1504 1158 est.

846 1210 961 1266 CAPUT
980 1211 1050 1266 GlV.

134 1298 358 1375 Ἀπολλινίριος,
385 1300 545 1367 Λαοδικείας
567 1311 618 1376 τῆς
646 1305 741 1382 Σύριον
766 1305 924 1375 ἐπίσκοπος,

97 1391 199 1466 πατρὸς
216 1386 411 1468 spectassem,
428 1391 454 1447 ἐν
469 1397 503 1468 τῇ
523 1393 630 1465 νεότητι
659 1393 766 1468 μᾶλλον
785 1397 835 1466 τήν
851 1415 923 1470 γαμ-

99 1481 216 1552 ματικήν
246 1479 377 1552 ἤσκησεν,
397 1481 507 1559 ὕστερον
533 1479 562 1538 δὲ
586 1485 625 1546 είς
648 1485 696 1546 τδς
720 1483 795 1546 θείας
818 1484 923 1562 Γραφδις

98 1568 271 1642 ἀναρίθμητα
308 1571 435 1641 συντάξας
460 1571 559 1648 τείχη,
589 1569 733 1628 Θεοδοσίου
763 1571 922 1647 βασιλεύοι·

97 1678 142 1718 τος
162 1655 349 1727 ἐτελεύτησεν.
366 1661 439 1717 w
469 1659 544 1715 Είσίν
574 1660 655 1716 αὐτοῦ
679 1663 747 1716 κατὰ
768 1661 923 1739 Πορφυρίευ

1015 1309 1223 1382 apollinarius,
1236 1312 1428 1370 bsctlicemus
1442 1315 1528 1388 Syriae
1539 1317 1705 1392 episcopus,
1718 1324 1800 1393 patre

979 1399 1148 1470 presbytero
1160 1401 1180 1468 ³,
1205 1403 1298 1474 inagis
1322 1406 1523 1473 grammaticis
1547 1407 1575 1462 ia
1605 1407 1802 1467 adolescentia

979 1501 1097 1558 operam
1118 1488 1206 1560 aedit,
1222 1494 1251 1544 et
1266 1495 1366 1561 postea
1380 1493 1537 1549 iasanctas
1558 1495 1728 1568 Scripturas
1758 1499 1803 1554 in·
1879 1551 1892 1572 ,

979 1577 1311 1634 numerabiliascribcas
1323 1581 1470 1639 volumine
1485 1584 1644 1650 ⁴,088sub
1665 1584 1800 1644 Theorla-

979 1663 1802 1748 sioimperatareobiitilluuiemeJusadvecsusPorpby-

97 1747 244 1819 τριάκοντα
271 1743 363 1822 λόγοι,
393 1747 491 1811 οίτινες
522 1750 620 1823 μεταξὺ
648 1754 702 1804 τῶν
727 1748 820 1805 ullor
845 1749 927 1805 αὐτοῦ
944 1753 966 1818 Β
983 1751 1058 1807 rium
1075 1753 1195 1826 triginta
1210 1755 1375 1830 libri‚⁶qui
1392 1759 1467 1815 iuter
1486 1766 1590 1818 catera
1618 1764 1683 1834 ejus
1714 1780 1802 1835 opera

98 1835 324 1910 συγγραμμάτων
343 1833 449 1910 μᾶλλον
466 1835 619 1912 ἐκρίθησαν.

984 1841 1027 1897 vel
1045 1843 1171 1898 maxime
1186 1845 1357 1917 probantur.

867 1955 983 2012 CAPUT
1002 1958 1058 2014 CV.

132 2049 289 2124 Γρηχδριος
312 2094 320 2120 ,
350 2045 494 2128 Εἷλιδὲρου
522 2058 572 2121 τῆς
601 2057 729 2122 Βαιτικῆς
754 2051 926 2123 ἐπίσκοπος,

97 2134 223 2207 imeri<
247 2137 362 2215 ἐσχάτης
390 2137 502 2212 ἡλικίας
528 2137 674 2220 διαφόρους
703 2141 816 2214 ὁμιλίας
844 2145 927 2212 κοινῷ

101 2226 185 2301 λόγῳ
208 2227 345 2300 συνέταξε,
375 2229 420 2283 καί
452 2229 514 2307 περὶ
543 2229 664 2292 Πίστεως
694 2227 778 2306 λόγον
806 2227 926 2305 ἄριστον,

96 2323 177 2386 ὅστις
192 2321 259 2402 ἄχρι
272 2329 319 2380 τοῦ
337 2325 471 2401 παρόντος
487 2324 596 2403 λέγεται
610 2332 752 2404 περιεῖναι.

1018 2055 1184 2130 Gregorius.
1201 2058 1334 2132 Baeticus,
1344 2060 1451 2118 [iliberi
1465 2065 1620 2138 episeopus
1634 2066 1750 2140 lusque
1766 2069 1801 2123 ad

982 2150 1142 2202 extremam
1157 2152 1336 2207 senectutem
1353 2150 1484 2208 diversos
1501 2154 1640 2212 mediocri
1669 2172 1804 2213 sermone

982 2237 1123 2290 tractatus
1138 2235 1312 2308 composuit,
1329 2242 1358 2293 et
1373 2238 1407 2294 de
1417 2240 1486 2296 Fide
1501 2241 1665 2315 elegantem
1680 2243 1802 2312 librum,

983 2324 1033 2396 qui
1048 2324 1059 2358 ⁸
1074 2323 1220 2396 hodieque
1232 2341 1386 2398 superesse
1401 2328 1519 2396 dicitur,

851 2451 967 2510 CAPUT
986 2449 1056 2506 CVI.

130 2549 283 2618 Πακιανὸς,
304 2547 408 2612 ἐντοῖς
439 2549 602 2628 Πυῤῥιναίοο
632 2552 724 2627 μέρεσι
753 2546 927 2625 Βαρκίλιυνος

97 2639 262 2707 ἐπίσκοπος,
277 2639 397 2716 σώφρονι
415 2639 478 2714 βίῳ,
499 2638 672 2719 εὐφραδείλᾳ,
688 2641 733 2695 καί
764 2636 842 2713 λόγῳ
852 2635 928 2712 Ιδαμ-

98 2731 176 2804 πρὸς,
211 2728 337 2798 συνέταξε
365 2727 488 2798 ποικίλα,
515 2729 559 2808 ἀφ’
585 2731 622 2784 ὢν
652 2729 708 2785 ἐστι
742 2722 854 2806 Κέρὸος,
883 2723 928 2780 καί

98 2819 165 2872 κατὰ
193 2821 250 2870 τῶν
288 2812 493 2876 Notaretur.
520 2820 580 2873 Ἐπί
614 2817 759 2874 θεοδοσίου
794 2814 928 2892 βασιλέως

99 2905 123 2960 is
134 2905 252 2980 ἐσχάτῳ
263 2907 338 2980 γήρᾳ
352 2903 535 2977 ἐτελεύτησεν.

1017 2545 1217 2617 Paciaaus⁹,in
1229 2548 1357 2621 Pyrenei
1363 2551 1445 2624 jugis
1458 2553 1613 2610 Barciloaae
1633 2555 1799 2630 episcopus,

983 2636 1115 2693 castitate
1131 2641 1159 2692 et
1172 2635 1347 2708 eloquentia,
1364 2645 1465 2696 ettam
1488 2641 1546 2697 vita
1574 2660 1663 2716 qaam
1692 2661 1801 2703 sernia·

984 2742 1020 2781 ne
1048 2723 1154 2794 clarus,
1180 2726 1297 2798 scripsit
1320 2729 1399 2783 varia
1427 2733 1578 2802 opuscula,
1621 2733 1657 2790 de
1694 2737 1802 2807 quibus

984 2813 1150 2871 estCerrus
1172 2815 1202 2882 ¹⁰,
1232 2820 1261 2870 et
1288 2824 1389 2872 contra
1417 2819 1602 2878 Novatianos.
1631 2823 1690 2878 Sub
1713 2825 1805 2882 Theo-

984 2904 1066 2959 dosio
1083 2902 1223 2976 principe,
1237 2905 1298 2975 jam
1315 2905 1419 2964 ultima
1442 2915 1591 2966 senectute
1609 2912 1640 2980 ¹¹,
1671 2918 1805 2970 mortuus

985 2997 1039 3050 est.

133 3165 536 3240 ¹Valensiruperlopotitus
568 3175 613 3227 est
645 3172 681 3226 ab
711 3186 787 3226 eurio
816 3169 869 3224 sot
891 3163 965 3228 udC
1018 3160 1208 3218 'Delativum
1238 3165 1287 3236 qui
1314 3181 1371 3220 non
1402 3166 1487 3222 babet
1526 3169 1590 3224 cod.
1627 3168 1804 3230 Veronensis

101 3241 163 3294 378.

135 3308 253 3364 ’Nobis
268 3308 389 3364 Victorii
409 3310 481 3367 alios
508 3313 633 3382 codices,
655 3313 817 3369 Mecliccum
851 3325 928 3364 aem·

101 3385 180 3452 pest
196 3379 372 3438 Fuscianum
394 3388 457 3437 tum
493 3389 607 3440 nastros
621 3402 723 3440 omnes
755 3390 784 3440 ct
811 3381 928 3463 Martia-

100 3469 164 3507 nmo
197 3451 343 3522 inspectos
368 3455 450 3526 sequi
481 3455 616 3528 placeret,
656 3459 797 3527 multaque
838 3455 930 3508 breem

100 3523 236 3594 ιιριιειτιίο
261 3523 369 3579 terciae
403 3529 487 3581 occire
519 3527 616 3583 euicit.
649 3529 741 3592 Quam
777 3525 928 3606 lectionem

101 3600 133 3648 et
148 3596 269 3648 Graece
291 3594 433 3667 interpres
464 3599 577 3669 probat.
610 3600 647 3654 De
674 3599 791 3654 Damasi
812 3601 929 3666 scriptis

105 3664 178 3717 alibi
196 3663 311 3718 llieron.
326 3668 408 3737 epist.
425 3672 471 3734 22,
487 3669 522 3723 erl
540 3669 739 3726 Eustochium.
765 3667 928 3747 Dbed3lesu

108 3751 178 3804 cap.
196 3733 236 3798 8;
259 3757 272 3783 a
299 3740 434 3794 Damasus
456 3742 612 3812 episcopus
637 3741 733 3796 Romae
750 3738 868 3809 scripsrt
894 3737 930 3791 de

106 3805 247 3870 reFidei,
261 3812 288 3860 et
301 3809 443 3867 Canaces.
461 3833 474 3861 ν
491 3811 569 3866 Obiit
601 3819 724 3869 exeunte
757 3808 928 3876 sanciti,

103 3877 218 3932 exactis
231 3877 260 3932 in
280 3881 450 3950 pontificatu
468 3884 554 3938 crinis
569 3883 613 3938 ·l8.

138 3948 273 4004 ³Vitiese
307 3951 442 4008 Brixicna
475 3955 608 4024 qrraedam
642 3951 818 4025 exemplaria
851 3948 929 4032 apud

103 4019 281 4092 Victoriam,
297 4023 380 4078 Putre
393 4025 489 4080 Probo.
506 4025 585 4088 Quod
620 4026 709 4081 subse
731 4025 812 4080 uitur
829 4037 928 4104 mugra,

102 4091 352 4148 tametsinullius
374 4111 428 4151 ms.
467 4097 576 4152 codicis
604 4113 657 4169 ope
691 4043 792 4166 laiitus,
822 4099 929 4149 mutari

101 4161 189 4218 velim
207 4163 238 4218 ln
256 4167 375 4234 mapula,
391 4172 423 4220 ut
438 4167 595 4240 intelligas,
610 4169 725 4239 magnis
738 4167 766 4222 ia
784 4183 814 4222 re
835 4181 930 4238 gram·

99 4236 211 4290 metica
219 4234 292 4291 viris
304 4240 600 4310 praeceptoribussuis
612 4237 844 4311 appollinarium
861 4251 928 4308 ops·

100 4321 162 4362 ram
178 4305 311 4362 dedisse.
329 4307 423 4379 llujus
442 4311 507 4376 viri,
535 4327 592 4384 quc
621 4311 761 4384 magistra
789 4309 928 4380 Hierony-

99 4391 166 4432 mus
185 4393 262 4433 usus
277 4383 332 4444 est,
349 4381 458 4451 passim
474 4381 544 4437 alibi
560 4382 711 4455 ingenium
727 4381 840 4448 laudat,
866 4396 931 4436 sca·

97 4449 209 4504 tentius
226 4449 387 4521 improbat.

985 3249 1078 3304 neque
1088 3233 1575 3312 Guelpbcrbytsaus.Satisquoque
1589 3240 1680 3296 otiose
1694 3241 1802 3300 librum

984 3305 1218 3360 recentissimum
1249 3323 1402 3380 superesse
1425 3311 1572 3368 docuisset
1599 3312 1803 3387 Hieronymus.

984 3375 1407 3503 Eaigilure‘ppunctalpccela,
1433 3381 1531 3454 ipsum
1561 3383 1732 3456 Gregorium
1758 3405 1806 3442 su·

1004 3452 1134 3502 erstrtem
1174 3449 1207 3501 ἰοί
1226 3449 1285 3504 inte
1310 3451 1347 3504 ii
1384 3493 1390 3508 .

984 3464 1127 3574 plHunc
1155 3467 1339 3576 Pacatiuauiii
1353 3457 1462 3579 [ineant
1491 3523 1539 3580 alii
1567 3526 1692 3592 codices,
1752 3545 1805 3584 uos

983 3588 1059 3644 inter
1080 3607 1157 3644 unus
1187 3607 1202 3644 e
1232 3592 1357 3660 nostris;
1387 3594 1531 3650 Honorius
1556 3598 1708 3652 Peculium.
1769 3615 1804 3654 ox

984 3659 1169 3728 Veronensis,
1196 3665 1319 3718 castitate
1350 3665 1522 3736 eloquentia,
1561 3667 1670 3723 rectius
1714 3669 1803 3725 Vatic.

982 3733 1126 3798 castigatae
1151 3735 1324 3804 eloquentiae,
1355 3752 1442 3806 (luam
1483 3737 1637 3792 lectionem
1676 3741 1803 3810 praeferri

985 3801 1081 3857 velim.
1099 3802 1155 3870 Sic,
1177 3821 1240 3876 cap.
1261 3805 1305 3874 Du,
1333 3809 1471 3878 episcopua
1499 3810 1634 3876 elegantis
1660 3809 1804 3882 Latinique

983 3876 1116 3928 sermonis
1132 3873 1301 3930 Theodorus
1317 3876 1433 3944 dicitur,
1455 3884 1483 3933 et
1502 3880 1530 3932 ia
1557 3895 1588 3934 se
1610 3880 1689 3935 uenti
1714 3881 1803 3937 liuse-

986 3945 1050 3999 bius
1064 3947 1198 4014 elegantis
1212 3955 1237 4002 et
1249 3948 1377 4003 rhetorici
1388 3951 1502 4020 inperari,
1520 3955 1574 4006 etc.
1621 3957 1701 4008 otum
1720 3969 1804 4026 porro

985 4015 1141 4071 Pacianum
1158 4017 1291 4073 buucl'l.
1308 4019 1406 4074 Dextri
1430 4019 1566 4076 cuiliber
1594 4023 1648 4079 iste
1675 4023 1708 4079 rlc
1735 4027 1803 4080 arira

985 4086 1142 4142 illustribus
1172 4091 1224 4144 abs
1254 4088 1426 4164 Hieronymo
1465 4091 1646 4163 inscribitur,
1690 4099 1804 4167 patrem

984 4158 1140 4215 exstitisse.

1020 4231 1040 4264 ¹⁰
1052 4231 1097 4290 Al.
1116 4232 1226 4302 Certus,
1257 4237 1286 4288 et
1314 4225 1415 4306 Κὲρὸυς
1445 4241 1531 4305 eujus
1562 4234 1692 4292 nominis
1719 4236 1804 4292 varias

983 4314 1055 4364 sunt
1069 4310 1221 4364 doctorum
1239 4304 1388 4360 homiuum
1406 4305 1638 4377 interpretiones.
1668 4307 1708 4362 Da
1722 4323 1804 4364 vero-

983 4372 1109 4435 similior
1123 4375 1239 4430 rirlelur
1253 4374 1289 4430 cl.
1308 4375 1527 4448 Fabricioque
1553 4379 1616 4448 lert,
1646 4377 1804 4434 Paciauum

983 4443 1141 4507 bunciaco
1158 4447 1231 4502 libro
1247 4463 1300 4502 suo
1313 4447 1563 4518 titulumsst'ecisse,
1593 4448 1717 4522 Cervam,
1744 4449 1805 4506 sive

115 4519 478 4592 ‘Supplemusvolumiaa
492 4541 526 4580 ex
543 4525 652 4580 nostris
680 4541 752 4581 mss.
781 4528 810 4579 et
831 4523 929 4579 Graeco
944 4533 967 4597 1)
984 4515 1137 4590 Cerealem,
1154 4519 1237 4601 qued,
1247 4520 1596 4604 perstringeretirrcpturn
1608 4537 1719 4606 morem
1736 4537 1807 4594 quc-

96 4588 262 4664 interprete
277 4592 406 4662 συντάξας
437 4591 534 4670 τείχη,
567 4596 646 4652 Ηυοο
676 4611 773 4651 vacem
798 4594 929 4666 plerique
983 4595 1119 4648 rumdam
1132 4591 1363 4647 Christianorum
1382 4609 1409 4645 m
1439 4591 1596 4663 Hispanus,
1613 4608 1663 4664 qur
1679 4591 1800 4650 kalend.

96 4661 211 4734 vulgati
227 4667 280 4719 aut
292 4665 411 4736 penitus
426 4666 573 4738 ignorant,
589 4672 640 4722 aut
656 4669 720 4739 ejus
734 4666 797 4723 loco
820 4664 929 4721 habeat

95 4733 266 4884 ογίᾭίίοσ
280 4805 310 4861 ἱο
326 4806 431 4864 rivisa
454 4809 519 4864 ebat
547 4809 720 4865 duodecimo
747 4811 811 4892 esus
836 4809 927 4880 impe·

94 4877 214 4928 reterre
230 4891 314 4945 anuo,
338 4879 399 4935 sive
467 4879 529 4934 risti
558 4881 620 4936 378.
655 4881 718 4954 ipse
752 4828 926 4952 literonymo

93 4951 173 5000 teste
190 4945 222 5000 in
237 4947 396 5006 tlbroaiec:
415 4973 429 5000 υ
446 4951 620 5021 Apollinaris
639 4953 816 5008 Laodicenos
831 4952 926 5022 jacta·

91 5017 176 5072 tiriae
194 5019 306 5145 ingenii
323 5023 465 5091 quosdam
482 5040 594 5079 errores
627 5023 815 5097 pertinaciter
847 5039 924 5078 esse-

92 5103 214 5160 versus,
256 5091 362 5146 cresim
398 5093 443 5148 sui
479 5095 606 5150 nominis
638 5095 802 5164 suscitavit,
838 5109 924 5165 qrrarn

92 5157 257 5227 Damasus,
270 5163 369 5218 habito
379 5163 475 5220 Romae
490 5166 786 5230 concilio,damnavit.
805 5189 815 5214 ι

126 5233 283 5305 ‘Excepta
307 5236 483 5307 Metapbresi
513 5237 694 5293 Psalmorum
725 5255 758 5294 sc
788 5237 924 5293 brevibus

92 5301 282 5376 reliquorum
297 5321 419 5378 operum
434 5309 617 5382 fragmentis,
631 5307 800 5381 apollinarii
815 5309 925 5381 scripta

89 5373 320 5432 desiderantur.

124 5447 199 5502 ἵΑΙ.
236 5449 343 5504 iliberi.
380 5450 519 5507 Libellum
554 5451 591 5508 de
625 5451 702 5518 Fide,
737 5467 825 5524 (pacm
881 5451 922 5507 itti

90 5515 201 5574 tribuit
215 5519 416 5588 Quesnsllius,
434 5523 470 5578 ud
486 5522 595 5580 calcem
623 5537 639 5576 o
662 5523 719 5578 eris
747 5531 774 5580 a'.
808 5523 922 5593 Leonis,

87 5587 192 5720 aelii}b
227 5590 368 5719 Dtregorio
402 5593 595 5664 Nazianzeac,
625 5539 675 5650 eiu
705 5593 736 5651 S.
768 5596 923 5654 Ambrosie

87 5675 138 5718 uc
195 5677 261 5720 un.

982 4663 1112 4719 lecticarii
1129 4679 1160 4716 se
1190 4662 1219 4716 ia
1248 4677 1410 4731 cervorum,
1436 4663 1496 4718 sive
1520 4663 1644 4720 alierum
1675 4665 1804 4721 serarum

983 4734 1115 4790 habitam
1129 4733 1291 4789 mutabant.
1307 4736 1343 4788 At
1362 4734 1418 4790 nisi
1446 4735 1470 4790 si
1501 4733 1599 4790 Cereus
1627 4736 1663 4790 de
1686 4735 1804 4790 nomine

983 4805 1069 4862 ludus
1086 4805 1134 4860 ille
1151 4804 1299 4886 pepuleris
1316 4810 1384 4860 tunc
1400 4804 1604 4878 appellaretur,
1616 4807 1693 4878 quod
1709 4809 1804 4862 vetere

982 4876 1263 4950 aliquotcstrmcaio
1288 4877 1473 4947 probandum
1500 4877 1529 4932 in
1554 4877 1657 4950 primis
1687 4877 1802 4942 luisset,

981 4965 1033 5004 cur
1048 4955 1198 5005 sumerent
1212 4963 1229 5000 a
1243 4963 1326 5002 caerae
1342 4963 1458 5012 nomen,
1476 4965 1531 5002 aea
1549 4965 1565 5003 ο
1584 4947 1677 5011 leone,
1703 4963 1802 5073 capra,

981 5027 1047 5092 ete,
1064 5022 1114 5093 qui
1133 5025 1207 5074 ieras
1226 5019 1502 5090 promiscueomnes
1525 5017 1712 5074 induebant?
1757 5035 1803 5074 ru·

982 5093 1047 5163 pias
1064 5109 1129 5148 vcro
1145 5091 1215 5146 mibi
1242 5090 1356 5143 ridetur
1376 5089 1482 5144 librum
1514 5089 1690 5161 inscriptum
1712 5088 1802 5146 luisse

981 5165 1119 5231 Cereales,
1134 5163 1251 5218 nomiae
1264 5178 1282 5215 a
1300 5159 1398 5215 Gracco
1409 5153 1550 5234 κερδολεῑν
1567 5161 1706 5232 derivato,
1723 5161 1802 5233 quod

979 5235 1195 5294 estroauieiun',
1212 5237 1262 5288 aut
1276 5232 1448 5299 partialium,
1466 5233 1543 5288 uuile
1570 5225 1714 5306 κέρὸολος,
1743 5249 1801 5289 cer-

979 5309 1068 5376 vulus,
1084 5307 1258 5370 rcrrciciator,
1275 5303 1435 5358 maledicar.
1452 5303 1532 5358 cera
1549 5303 1603 5359 boc
1617 5320 1707 5360 sensu
1726 5305 1801 5361 ccci-

979 5379 1007 5450 pi
1024 5380 1060 5434 ab
1076 5377 1268 5450 ipsol’acinnc
1284 5376 1340 5430 sub
1357 5375 1473 5430 initium
1487 5375 1652 5433 Pareaetici
1665 5381 1802 5503 ορμοχείτ

1713 5468 1728 5499 ι
1769 5464 1803 5504 oc

1015 5521 1034 5556 ¹¹
1051 5523 1080 5578 lu
1097 5519 1194 5574 llcxtri
1211 5517 1363 5585 Chronico,
1381 5519 1457 5644 χιιοι]
1477 5523 1505 5572 ct.
1534 5518 1570 5575 rl.
1603 5517 1731 5577 Fabricio
1751 5535 1802 5576 nu·

978 5597 1071 5650 tatum
1087 5591 1175 5648 ested
1191 5607 1239 5646 aa.
1256 5589 1304 5646 391
1325 5607 1331 5646 :
1351 5611 1364 5642 a
1404 5590 1506 5648 aciaao
1523 5587 1732 5652 barcinonensi
1741 5589 1802 5664 epi·

978 5680 1066 5739 secpc
1076 5663 1191 5740 percuti
1206 5676 1271 5722 msc
1287 5661 1419 5723 succedit
1428 5663 1577 5738 templus.
1596 5689 1610 5718 a
