4064 6158
132 249 184 318 ms
595 277 601 282 ·
669 243 880 314 bovansos
905 241 1143 314 tumultuati
1165 245 1240 310 LIB.
1262 231 1289 310 l.

1768 226 1842 310 stt.

132 381 294 446 substantia
310 395 370 459 qua
383 393 462 442 auno
477 381 599 454 utimur,
619 381 687 441 licet
711 383 823 440 auctior
843 382 949 457 gloria.
963 384 993 451 Α
1006 382 1066 439 tius
1081 382 1270 456 disputasset,
1288 379 1323 436 ad
1338 381 1502 436 extromum
1517 373 1619 436 intulit
1634 393 1641 434 ε
1655 371 1760 452 infelix
1776 389 1824 450 eoa

131 477 197 535 lt'am
213 480 243 534 ot
258 475 392 533 Salvator
406 474 437 532 in
457 478 572 530 tantum
595 473 694 546 ipsum
720 490 826 546 corpus
847 471 951 529 habuit

131 570 191 642 post
204 565 318 622 inieras
334 566 353 632 ¹,
369 564 398 619 in
415 580 472 636 quo
488 567 517 620 et
533 562 688 618 crucifixus
709 567 763 631 est,
788 567 821 618 ut
846 577 951 618 manus

130 649 951 730 perforatasolam‘sotlaterisvulnusostenderet.Porrosi

130 745 239 803 clausis
250 743 402 816 ingressus
410 745 456 796 est
466 740 634 813 ostiisquod
645 740 842 795 bumanorum
854 755 953 810 corpo-

131 851 198 892 rum
212 837 317 890 natura
331 847 390 887 non
404 829 525 902 patitur,
540 844 608 901 ergo
623 833 651 885 at
666 833 785 885 Petrum
810 834 839 884 et
853 826 951 884 Domi-

134 941 202 981 num
216 936 360 994 negaram
375 936 443 975 vera
457 917 595 975 habuisse
610 915 952 990 corporaquianmbula·

131 1014 232 1070 verunt
246 1025 339 1083 super
353 1025 455 1081 aquas,
473 1008 549 1081 quod
567 1011 667 1062 contra
682 1011 818 1063 naturam
847 1011 900 1061 est.
920 1007 952 1062 ln

130 1102 328 1159 remotione
343 1106 523 1164 omriuorum,
549 1113 605 1152 nou
631 1097 734 1153 nubent
762 1112 848 1168 neque
876 1095 953 1152 296

128 1192 272 1258 uoluitur,
289 1193 336 1244 sea
351 1187 458 1242 similes
482 1189 561 1240 erunt
588 1187 694 1256 anpelis
717 1183 950 1256 (Mutiluxrubtl),

131 1280 210 1346 Quod
225 1277 274 1336 alli
290 1281 394 1350 postea
407 1274 438 1329 in
454 1273 534 1331 omlis
549 1273 641 1330 iuturi
656 1278 736 1344 sunt,
754 1273 808 1329 hoc
823 1273 952 1344 virgines

132 1369 163 1426 in
176 1373 253 1425 terra
266 1382 331 1423 esse
347 1367 508 1436 caeperunt.
525 1363 554 1420 Si
570 1362 835 1435 angelorumnobis
852 1359 953 1420 simili·

133 1458 201 1515 iudo
210 1453 395 1530 promittitur
404 1453 492 1524 (inter
504 1451 621 1525 angelos
631 1455 730 1508 autom
743 1459 855 1508 nonest
867 1466 953 1507 sexus

133 1543 307 1616 diversitas),
336 1547 389 1598 ant
414 1540 479 1597 sina
505 1557 575 1596 sexu
604 1541 727 1606 erimus,
756 1541 833 1613 quod
859 1536 954 1612 angeli

131 1639 215 1692 sunt:
235 1637 290 1690 aut
305 1636 393 1698 certe,
409 1629 487 1702 quod
500 1628 611 1701 liquido
627 1629 845 1701 comprobatur,
861 1645 956 1684 resur-

1008 472 1162 544 bomo,qnis
1176 488 1219 527 me
1231 468 1398 526 liberabitur
1412 484 1522 540 corpore
1531 470 1626 526 mortis
1641 469 1716 527 201
1733 467 1829 542 hujus?

1010 560 1104 617 Gratia
1121 561 1170 616 Dei
1189 561 1351 633 perieram
1377 557 1516 614 Christum
1536 558 1682 614 Dominum
1704 565 1829 615 nostrum

1011 649 1089 720 (ibid.
1104 651 1150 716 24,
1165 650 1221 721 25).
1239 650 1273 704 Et
1297 649 1414 713 iterum,
1439 649 1497 719 lpse
1518 648 1606 716 ipitur
1628 649 1718 704 mente
1739 649 1828 704 sernia

1011 739 1065 808 topi
1092 741 1150 807 Dei,
1179 755 1260 794 carne
1280 741 1370 793 autem
1385 738 1438 809 topi
1451 737 1555 806 peccati
1583 735 1697 804 (ibid.)
1725 737 1771 804 Εἰ,
1781 737 1828 792 Ni·

1010 829 1252 885 bitdamnationis
1272 831 1310 883 est
1333 827 1386 896 bis,
1409 828 1458 898 qni
1476 834 1541 882 sunt
1564 828 1594 882 in
1620 825 1729 883 Christo
1755 829 1829 895 iesu,

1012 919 1061 987 qui
1074 933 1129 975 non
1138 917 1287 973 secundum
1302 931 1417 972 curnem
1430 916 1582 970 ambolant.
1607 916 1752 970 benonim
1773 916 1831 986 spi-

1010 1009 1083 1062 ritus
1098 1009 1125 1063 in
1143 1006 1248 1062 Christo
1263 1011 1332 1062 iesu
1353 1005 1478 1060 liberauit
1502 1019 1545 1060 me
1566 1021 1583 1058 a
1607 1005 1664 1076 teuc
1689 1005 1832 1076 percutiet

1012 1099 1109 1153 suariis
1123 1097 1209 1168 (Rom.
1226 1113 1288 1163 vnr,
1312 1092 1339 1162 l,
1356 1093 1394 1164 t).
1409 1097 1449 1148 Ao
1471 1092 1657 1150 manifestius
1680 1093 1710 1149 in
1732 1109 1833 1150 conso·

1013 1186 1171 1258 quentibus
1187 1186 1280 1254 docet,
1296 1183 1480 1240 Christianos
1494 1199 1551 1238 nou
1567 1182 1718 1239 ambulare
1728 1199 1832 1240 socun-

1013 1275 1084 1331 dum
1097 1290 1225 1342 carnem,
1243 1273 1293 1329 sod
1309 1272 1471 1328 secundum
1491 1269 1627 1344 spiritum
1643 1270 1743 1328 diceus
1759 1288 1765 1327 :
1781 1273 1835 1342 Qui

1013 1381 1087 1419 emm
1101 1363 1250 1420 secundnm
1273 1377 1385 1418 carnem
1407 1367 1480 1427 sont,
1505 1377 1565 1432 quo
1586 1363 1651 1416 sunt
1671 1363 1766 1416 cornis
1788 1377 1834 1416 sa-

1009 1456 1101 1526 piunt.
1118 1455 1170 1522 Qui
1184 1467 1245 1508 uero
1260 1452 1408 1507 secondum
1420 1451 1562 1520 spiritum,
1579 1466 1638 1520 qua
1662 1457 1726 1506 sunt
1747 1451 1832 1522 spiri-

1011 1552 1054 1599 ius
1068 1545 1201 1599 sentiunt.
1217 1543 1286 1598 lla-m
1299 1539 1448 1612 prudentio
1468 1540 1570 1604 camis,
1594 1555 1667 1594 mors
1688 1545 1727 1597 esi
1744 1555 1836 1611 ;pro-

1013 1633 1106 1688 dontio
1126 1636 1217 1687 autem
1240 1631 1364 1704 spiritus,
1388 1629 1445 1684 vito
1471 1630 1496 1683 et
1517 1644 1575 1699 pao
1591 1646 1597 1697 ;
1613 1630 1745 1702 moniam
1766 1645 1834 1701 pru·

129 1729 228 1799 gastim
246 1723 278 1778 in
291 1719 411 1794 proprio
420 1735 502 1789 seru,
514 1735 600 1774 sexus
614 1735 672 1774 non
688 1718 847 1790 iungamur
861 1717 956 1773 officio
1012 1723 1105 1780 nentia
1119 1721 1220 1782 carnis.
1234 1719 1384 1775 inimicitia
1395 1721 1434 1774 est
1448 1719 1478 1772 in
1506 1719 1591 1774 Deum
1617 1719 1638 1772 ⁸.
1648 1759 1657 1770 .
1668 1719 1734 1790 Lepi
1762 1719 1837 1774 enim

161 1815 204 1868 37.
223 1811 340 1868 Verum
356 1808 426 1880 quid
441 1807 557 1881 agimus
569 1807 763 1880 argumentis,
779 1811 808 1862 et
823 1806 956 1880 proposi·
973 1779 998 1844 Β
1014 1813 1062 1869 oei
1076 1825 1131 1866 non
1145 1809 1303 1880 subjicitur,
1328 1823 1377 1862 aar
1398 1807 1473 1862 enim
1495 1810 1591 1878 potest.
1615 1808 1669 1876 Qus
1691 1811 1782 1864 omem
1804 1809 1834 1864 in

128 1903 222 1959 boues
238 1896 402 1956 adversarii
418 1893 524 1950 callida
538 1897 674 1967 cupimus
700 1895 890 1968 responsione
907 1911 957 1951 su·
1013 1907 1180 1963 carnerunt,
1198 1899 1251 1953 Deo
1268 1896 1375 1969 placere
1397 1911 1453 1952 non
1471 1899 1592 1968 possunt.
1619 1897 1666 1952 los
1689 1904 1782 1954 autem
1805 1897 1837 1952 in

127 2006 231 2064 parare
245 1989 261 2043 ‘l
274 1990 368 2045 Vetera
387 1986 572 2052 ministrum»
596 2000 655 2040 ⁶0⁶ss
677 1983 755 2059 sacta
780 1987 843 2040 siml
867 1985 960 2040 omnia
1014 2005 1097 2046 cume
1110 2004 1165 2044 sion
1181 1989 1254 2053 estis,
1270 1985 1316 2041 sed
1332 1987 1361 2040 in
1375 1987 1487 2058 spiritu,
1502 1987 1528 2042 si
1547 1989 1639 2042 tamen
1656 1986 1771 2058 spiritus
1785 1987 1835 2042 Dei

131 2096 204 2136 nona
218 2078 255 2151 (11
269 2077 327 2134 Cor.
344 2092 371 2143 u,
388 2075 446 2146 17).
461 2076 581 2129 Curram
597 2091 648 2146 per
670 2072 869 2146 apostolorum
894 2089 959 2128 sen·
1014 2074 1348 2147 habitatinoobistlbict.
1373 2075 1391 2130 5
1416 2076 1511 2146 sequ),
1541 2079 1569 2130 et
1598 2072 1713 2147 reliqua
1742 2091 1836 2147 usque

133 2167 254 2234 matius,
272 2163 460 2236 etquomodo
476 2161 505 2216 in
522 2160 837 2234 Salomonisexemplis
860 2161 960 2216 breves
1015 2168 1049 2223 ad
1075 2163 1160 2221 illum
1184 2163 1293 2231 locum,
1318 2163 1348 2218 iu
1368 2179 1426 2234 quo
1450 2161 1490 2219 ait
1506 2179 1512 2218 :
1528 2164 1608 2236 Erpa,
1628 2166 1739 2235 [ratres.
1761 2163 1839 2222 debi-

131 2252 381 2330 expositiunoulas
396 2250 525 2320 subdidi,
542 2251 580 2312 ob
592 2249 773 2324 intelligendi
791 2248 960 2306 facilitatem
1016 2263 1194 2312 lacessamus
1207 2268 1262 2308 non
1281 2252 1370 2316 carni,
1395 2259 1426 2306 ut
1447 2251 1598 2307 secundum
1624 2268 1738 2308 carnem
1759 2253 1838 2308 viva-

130 2347 173 2403 ita
192 2348 224 2402 et
248 2357 331 2399 nuno
355 2339 501 2397 castitatis
523 2342 551 2395 et
574 2338 758 2395 continentiae
789 2339 961 2395 Christiana
1015 2359 1087 2400 mus.
1104 2342 1133 2398 Sc
1148 2343 1223 2396 enim
1238 2339 1388 2396 secundum
1401 2341 1653 2406 camernoiaem'tis,
1667 2341 1837 2398 moriemini.

132 2431 268 2507 exempla
283 2429 445 2504 replicabo,
460 2433 489 2484 et
503 2427 539 2484 do
555 2427 658 2484 mullis
676 2427 852 2484 testimoniis
878 2426 961 2499 quusi
1016 2434 1047 2489 Si
1059 2439 1151 2488 autem
1165 2431 1267 2502 spiritu
1279 2428 1356 2503 sacta
1369 2429 1462 2484 cornis
1474 2429 1716 2500 mortificaveritis,
1733 2429 1837 2486 uinetis.

133 2515 964 2592 uuumoorpusesficinm,quoctnihilquodadpudici-
1016 2523 1178 2591 Quicunque
1209 2519 1465 2590 enimspiritulloi
1491 2525 1621 2589 opuntnr,
1649 2519 1681 2574 m·
1707 2519 1762 2591 filii
1790 2519 1840 2576 Dei

133 2612 201 2669 tiam
216 2604 614 2684 pertineatpraetermittum,
632 2609 661 2661 et
675 2604 771 2660 nimia
787 2604 963 2678 prolixitatis
1017 2606 1297 2681 suntilbid.ll,lt).
1326 2607 1356 2664 si
1384 2606 1539 2679 prudentia
1562 2607 1668 2669 carnisf
1683 2607 1838 2664 inimicitia

132 2699 279 2757 declinem
306 2694 470 2752 fastidium.
489 2692 596 2750 Scribit
624 2693 700 2750 inter
722 2701 825 2750 catera
854 2693 963 2750 Paulus
1018 2695 1839 2768 estinDeum,etquiinourncsuntdeoplaceranon
1944 2723 1950 2731 ·

131 2787 288 2863 apostolus
303 2785 341 2840 ad
358 2785 524 2840 Romanos:
541 2783 625 2852 Quem
640 2799 704 2852 erpo
714 2785 835 2854 fructum
850 2783 964 2838 babuis-
1019 2791 1144 2860 possunt
1161 2786 1303 2854 ;arbitror
1317 2801 1366 2842 eos
1380 2785 1430 2857 qui
1446 2785 1576 2842 serviunt
1586 2785 1682 2842 alticio
1692 2786 1840 2860 conjugali

131 2882 165 2936 n's
178 2885 249 2934 sanc
263 2877 296 2930 in
313 2875 373 2928 iilis
390 2874 410 2939 ⁹,
427 2874 455 2927 in
482 2873 579 2944 quibus
600 2889 673 2927 nunc
695 2872 854 2928 erubescitis
869 2876 882 2926 i
896 2873 965 2927 Nom
1019 2875 1096 2948 quod
1113 2873 1300 2947 prudentiam
1313 2873 1411 2930 carnis
1426 2873 1561 2948 diligant,
1577 2877 1606 2930 et
1620 2873 1649 2929 in
1666 2891 1753 2932 earne
1768 2874 1838 2930 sint.

104 2997 108 3006 ·
132 2969 194 3038 finis
209 2967 331 3022 illamam
346 2978 420 3018 mors
433 2965 482 3017 est.
498 2962 576 3017 Nunc
590 2976 651 3017 uero
677 2961 787 3017 liberati
806 2979 823 3016 a
845 2963 963 3034 peccato,
1019 2970 1043 3019 Α
1059 2981 1116 3037 qua
1131 2980 1184 3019 nos
1199 2961 1351 3018 retrahens
1361 2960 1696 3036 Apostolus‚etjungeus
1710 2961 1839 3035 spiritui,

132 3058 203 3114 serui
230 3055 330 3109 aalma
358 3051 409 3106 liei
440 3051 517 3121 iacti,
551 3049 655 3105 trabalis
690 3053 812 3120 fructum
847 3058 965 3106 oestrum
1019 3053 1157 3124 deinceps
1172 3050 1454 3123 loquitur:0bsecro
1469 3066 1525 3118 vos,
1549 3054 1659 3123 fratres,
1682 3067 1733 3123 per
1755 3053 1841 3108 mabe-

133 3149 161 3202 in
188 3141 463 3213 sanctificationem,
506 3138 590 3208 finem
631 3155 695 3194 vern
724 3141 806 3194 citam
834 3141 964 3195 amanam
979 3141 1001 3209 c
1019 3142 1168 3200 ricoroium
1188 3141 1236 3197 Dei
1259 3141 1279 3208 ⁸,
1307 3144 1338 3195 nt
1361 3140 1512 3197 exhibeatis
1537 3156 1650 3214 corpora
1670 3147 1760 3198 oestro
1782 3141 1841 3198 lios·

133 3237 224 3306 (Raro.
260 3248 303 3300 vr,
336 3229 382 3296 al,
417 3227 473 3297 22).
509 3227 580 3283 Puto
614 3228 692 3300 quod
731 3235 760 3284 et
793 3229 964 3301 nuptiarum
1018 3233 1088 3288 tiam
1108 3232 1251 3293 uiuentem,
1270 3237 1402 3297 sanctam,
1420 3231 1472 3286 lieo
1493 3231 1655 3303 placentem,
1677 3230 1842 3288 rationabile

134 3323 206 3380 finis
222 3336 307 3378 mors
322 3317 370 3374 sit.
390 3318 511 3372 Fructus
526 3319 625 3372 autem
646 3317 898 3380 sanctificationis,
914 3315 966 3389 qui
1020 3321 1177 3391 obsequium
1193 3323 1359 3376 uestrnmbt
1371 3319 1457 3376 nolite
1470 3319 1841 3390 consonantissimam,

136 3411 183 3469 vel
198 3411 236 3467 ad
251 3407 464 3482 virginitatem,
479 3403 523 3460 vel
538 3405 573 3462 ad
599 3405 807 3461 continentiam
830 3405 965 3477 partinet,
1020 3409 1067 3466 sert
1078 3409 1273 3480 reformamini
1288 3410 1318 3462 in
1332 3410 1451 3465 novitate
1465 3425 1561 3465 sensus
1582 3411 1674 3475 nestri,
1699 3416 1729 3464 ut
1750 3410 1845 3481 probe·

136 3501 204 3557 sita
221 3500 365 3571 pensatur
391 3499 509 3550 aterna.
533 3495 573 3550 Ao
594 3495 699 3551 deinde
716 3511 721 3549 :
737 3497 840 3566 ltaque.
865 3497 968 3566 [ratres
1023 3500 1058 3554 tis
1083 3513 1146 3570 qnae
1168 3499 1203 3552 sit
1226 3498 1352 3553 voluntas
1376 3497 1426 3552 Dei
1457 3498 1536 3563 bona,
1558 3506 1586 3553 et
1608 3498 1794 3570 beneptacens,
1819 3501 1845 3554 et

144 3589 217 3654 mei,
234 3585 488 3655 etrosmortificati
501 3585 565 3639 estis
581 3585 635 3656 tepi
651 3600 701 3658 por
721 3601 818 3656 corpus
840 3583 967 3640 Cirristi:
1020 3590 1154 3660 perfecta.
1171 3586 1235 3642 llico
1251 3588 1325 3642 onim
1337 3603 1388 3658 per
1409 3589 1530 3657 qratiam
1552 3585 1693 3660 qnaedoto
1706 3593 1744 3643 est
1777 3587 1847 3642 mibi

146 3675 258 3733 atritis
273 3673 389 3742 alanus,
405 3675 455 3746 oui
468 3687 503 3728 eo
517 3675 633 3729 mortuis
648 3675 802 3728 resurrecti
827 3690 833 3727 :
862 3677 890 3728 ut
905 3673 967 3745 srn-
1024 3678 1150 3732 omnibus
1165 3677 1292 3746 quisunt
1311 3676 1385 3730 inter
1408 3691 1473 3730 uos:
1488 3689 1544 3730 non
1565 3674 1628 3746 plns
1654 3690 1846 3747 superaquam

143 3765 298 3836 ctr'ficemus
312 3761 364 3834 (Al.
381 3761 639 3834 transimennum.
664 3762 731 3817 Cum
754 3763 828 3817 enim
853 3777 970 3817 erremus
1025 3767 1127 3837 oportet
1142 3778 1247 3834 sapere,
1257 3763 1303 3817 snt
1318 3778 1415 3833 sapere
1429 3763 1464 3819 aa
1486 3762 1650 3834 pudicitiam
1671 3762 1740 3836 (non
1754 3762 1790 3818 ad
1803 3778 1846 3819 so-

140 3857 172 3912 in
185 3869 282 3922 corne,
295 3850 462 3924 passionos³
477 3865 538 3922 pon
550 3867 600 3922 per
611 3852 696 3922 tepens
714 3859 803 3920 erant,
820 3851 969 3923 operobnn-
1026 3854 1173 3909 brietotem
1183 3850 1295 3906 otmale
1305 3850 1850 3925 inLatiniscodicibuslegitur),sodso-

137 3949 189 4001 tur
215 3944 246 3998 in
274 3940 407 3997 osemtris
436 3940 546 4006 nostris,
576 3943 608 3995 ut
640 3941 843 4010 fructificarent
878 3940 970 4004 morti,
1024 3956 1099 4012 pere,
1117 3941 1225 4011 inquit,
1242 3941 1278 3996 aa
1290 3939 1453 4012 pudicitiam
1465 3940 1849 4014 (llam.x11‚l-3)‚Siquidem

141 4038 226 4092 nune
237 4039 333 4087 auton
348 4029 435 4085 satuti
445 4044 540 4084 snmus
554 4045 571 4083 a
586 4029 643 4100 iepe
667 4029 772 4094 mortis,
799 4031 829 4084 in
850 4045 904 4100 qna
926 4027 973 4084 cte·
1028 4030 1124 4086 Graece
1139 4029 1282 4101 scriptum
1294 4029 1395 4096 estat<
1409 4029 1440 4082 τὸ
1456 4034 1614 4107 σωφρονεῖν.
1625 4031 1851 4088 Consideremus

141 4121 327 4180 timiamate:
344 4125 374 4174 ut
396 4118 549 4172 sarciamus
574 4118 603 4172 in
626 4119 745 4173 nouitate
768 4119 894 4190 spiritns,
919 4133 974 4172 non
1028 4117 1174 4176 sententia
1189 4115 1345 4190 Apostoli;
1362 4118 1851 4191 Resonnomini,inquit,innovitate

142 4213 175 4266 in
192 4213 326 4266 carimate
341 4207 444 4264 littera
458 4207 545 4278 (aon.
562 4222 612 4276 vn,
628 4207 754 4278 irena).
771 4206 850 4274 Cnm,
866 4205 973 4277 inquit,
1028 4207 1223 4274 reservaverim,
1241 4209 1270 4261 ut
1283 4207 1403 4278 probetis
1417 4224 1477 4280 qum
1491 4209 1528 4263 sit
1542 4208 1665 4264 ootuams
1679 4208 1730 4263 liei
1744 4207 1853 4264 bosraet

144 4313 263 4356 assam
279 4297 310 4352 in
326 4311 420 4361 come,
435 4298 465 4349 et
479 4310 537 4350 aon
552 4294 848 4366 innouitatospiritos‚
875 4294 926 4349 scd
947 4294 974 4350 in
1031 4295 1258 4368 temptauerunt
1280 4297 1409 4367 perfecta.
1436 4296 1516 4361 Quod
1543 4296 1623 4366 dicit,
1648 4295 1853 4368 hujuscemodi

146 4391 280 4445 vestutate
293 4387 410 4452 littera,
426 4382 604 4440 faciebamus
620 4399 653 4439 ca
682 4385 858 4456 quuoarnis
883 4385 975 4448 erant,
1032 4390 1087 4442 est.
1104 4384 1242 4442 Concedit
1257 4383 1376 4456 quidem
1392 4385 1468 4441 Deus
1484 4384 1614 4458 nuptias,
1625 4383 1758 4441 concedit
1772 4383 1854 4458 diga·

145 4481 177 4536 et
193 4474 451 4532 [rucfifioabamus
467 4471 564 4528 morti.
581 4472 663 4528 Nunc
674 4476 772 4529 autem
789 4471 1135 4572 quiamortuiDmiam,
1151 4480 1188 4543 et,
1204 4474 1229 4531 si
1245 4491 1362 4530 necessa
1378 4474 1475 4542 suerit,
1506 4473 1692 4531 tornicationi
1721 4472 1798 4532 2⁰8
1827 4477 1856 4530 et

143 4581 255 4626 summ
271 4563 340 4638 legi,
359 4579 411 4636 por
426 4577 531 4634 corpus
546 4561 664 4629 Christi,
681 4561 893 4617 fructificemus
907 4560 976 4628 Deo,
1033 4563 1176 4621 adulterio
1196 4563 1311 4637 profert
1334 4563 1422 4620 etiarn
1445 4564 1623 4637 trigamiam.
1649 4564 1705 4621 Sed
1729 4579 1783 4620 nos
1806 4561 1857 4637 qui

143 4659 180 4714 ot
196 4657 294 4712 simus
310 4653 378 4725 ojus
394 4650 446 4724 qui
462 4667 495 4706 ex
517 4651 642 4706 mortuis
667 4650 835 4706 resurrexit.
861 4650 977 4706 Necnon
1032 4668 1153 4724 corpora
1169 4657 1270 4708 nostra
1283 4651 1419 4710 exhibere
1434 4653 1574 4710 debemus
1601 4653 1728 4710 bostiam
1750 4651 1859 4720 vivam,

143 4749 177 4802 ot
193 4743 294 4800 iaalio
309 4740 377 4798 looo
393 4755 460 4795 oum
477 4739 667 4811 praedixisset,
684 4739 744 4794 Scio
769 4741 834 4811 quia
862 4740 909 4794 len
923 4741 979 4810 spi·
1033 4745 1177 4808 sanctum,
1201 4739 1364 4813 placentem
1388 4742 1456 4809 Deo,
1482 4741 1655 4799 rationabile
1681 4738 1859 4811 obsequium

147 4833 266 4888 risoriis
280 4837 321 4888 est
333 4827 415 4902 (itia.
439 4828 483 4900 lt)
501 4845 508 4883 :
524 4831 554 4883 et
577 4843 644 4883 oum
664 4829 700 4883 de
723 4826 860 4884 violentia
883 4827 980 4884 carnis
1035 4833 1181 4898 nostrum,
1197 4847 1254 4885 non
1270 4830 1340 4902 quid
1357 4831 1498 4888 concodat
1523 4832 1608 4896 Deus,
1625 4829 1675 4886 sed
1692 4827 1763 4900 quid
1779 4827 1860 4894 velit,

147 4921 234 4996 qnod
248 4921 352 4978 crebro
370 4933 426 4974 nos
441 4914 573 4990 impellat
587 4916 680 4973 facero
695 4917 772 4990 quod
788 4916 927 4985 nolimus,
943 4916 982 4973 la·
1037 4917 1255 4975 consideremus
1272 4922 1326 4974 :ut
1340 4919 1498 4990 probemus
1513 4935 1577 4990 quo
1600 4917 1639 4973 sit
1652 4915 1789 4973 voluntas
1807 4914 1860 4973 Dei

190 5173 199 5207 ¹
218 5173 312 5226 Vetus
327 5165 419 5225 editio
430 5168 656 5224 resurrectionem
679 5181 730 5238 pro
754 5167 858 5236 inferos
886 5165 983 5222 babet.
1075 5165 1141 5222 ‘lix
1157 5163 1345 5222 Casanatensi
1362 5167 1391 5220 ct
1414 5166 1502 5220 veteri
1528 5165 1656 5222 editione
1677 5165 1734 5241 logi
1760 5166 1863 5225 malim

189 5239 348 5298 ’uoculae
367 5241 396 5296 in
410 5240 469 5296 iltis
485 5255 557 5295 mss.
576 5253 632 5296 non
647 5241 820 5310 agnoscunt.
1041 5239 1156 5294 irrimica
1170 5246 1209 5294 est
1221 5239 1285 5306 Deo,
1304 5234 1348 5292 vol
1374 5237 1405 5291 in
1433 5238 1526 5292 Densa.
1557 5237 1654 5295 Gracc
1677 5254 1794 5312 quoquo
1819 5243 1865 5298 est

191 5315 205 5348 ⁸
235 5313 305 5369 Mos.
338 5309 444 5377 nostri,
474 5312 618 5366 Passiones
642 5318 824 5381 pcccatorum,
854 5325 913 5380 quor
939 5325 989 5380 por
1041 5308 1136 5384 ἐχθρά.
1157 5309 1197 5364 lta
1209 5314 1238 5364 et
1251 5306 1342 5380 poulo
1358 5313 1433 5380 post.

149 5388 246 5457 tepens
261 5383 452 5456 operabuntur
467 5383 496 5438 in
510 5380 650 5443 amnicis.
662 5385 716 5437 eto.
733 5396 800 5436 cum
814 5378 903 5436 veteri
927 5381 988 5436 odi·
1079 5381 1089 5415 ⁵
1105 5379 1281 5436 Veronensis
1296 5378 1426 5452 plurium
1452 5397 1574 5437 numero
1591 5397 1640 5454 per
1662 5382 1865 5439 misericordias

152 5459 241 5514 tione
255 5456 382 5528 etjuxta
405 5457 536 5510 Graecum
564 5457 675 5508 textum
703 5451 736 5504 ccl
764 5452 912 5524 παθήματα
934 5456 988 5504 τῶν
1045 5453 1094 5506 aei
1109 5467 1176 5506 curn
1194 5451 1292 5507 Graeoo
1307 5447 1350 5506 διὰ
1364 5455 1418 5504 τῶν
1439 5450 1587 5527 οἰκτιρμῶν
1612 5455 1661 5506 τοῦ
1685 5456 1762 5508 Θεοῦ.
1789 5453 1867 5509 lnsra

154 5529 318 5660 ξὲιιρτιὼν,
336 5526 411 5598 quin
426 5524 514 5584 etiam
530 5523 689 5598 vulgatum
709 5539 825 5597 quoque
849 5524 989 5597 intorpre·
1047 5525 1335 5598 constantcrptocens
1350 5523 1437 5582 habet
1452 5541 1504 5598 pro
1519 5525 1704 5598 beneptacens.
