4064 6158
539 293 590 362 na
610 291 830 378 rannerus
843 289 1098 360 iinainiiien
1119 295 1156 358 a.
1179 291 1316 358 ninia
1337 291 1465 358 ciana.

488 641 549 743 S·
595 637 937 742 EUSEBII
984 631 1494 742 nimociensi

713 863 995 926 Si'itiDONiiNSiS
1018 863 1266 926 PiiiiSilY'iliiti

382 1063 819 1190 paenitenitia
862 1063 1250 1180 licentiati
1288 1065 1339 1177 Β.
1381 1063 1595 1177 itinn

589 1282 595 1288 ’
662 1312 958 1400 iocansne
988 1309 1322 1400 Heinioiuii

853 1519 970 1580 niueo
991 1519 1097 1580 UNUS
1110 1517 1129 1576 ¹.

165 1813 249 1871 m
266 1815 293 1871 i.
309 1811 410 1886 Nuper
425 1817 546 1886 rogatus
561 1829 577 1868 a
595 1812 746 1882 iratribus,
772 1816 805 1868 ut
825 1813 966 1868 adversus
980 1813 1008 1880 Α
1023 1810 1159 1866 soliorum
1187 1810 1329 1866 tradenda
1354 1809 1492 1882 iiunimis,
1518 1816 1551 1867 ut
1573 1812 1667 1878 discat
1689 1813 1847 1886 aliquando

131 1902 269 1960 libellum
296 1901 455 1973 cujusdam
480 1900 603 1958 Helvidii
633 1899 971 1974 responderem,=,taeerc
1026 1900 1102 1956 206
1118 1897 1247 1965 reticere,
1265 1899 1313 1971 qui
1330 1916 1482 1972 nunquam
1499 1900 1601 1957 didicit
1615 1901 1706 1975 loqui.

135 1991 264 2048 distuli:
283 2007 341 2048 non
358 1992 436 2063 quod
452 1988 572 2046 difficile
593 1990 690 2058 luerit,
715 1991 865 2046 hominem
881 1989 970 2046 rusti·
1061 1991 1088 2042 2.
1105 1987 1197 2059 Igitur
1212 1992 1332 2044 sanctus
1348 1986 1420 2043 inibi
1435 1989 1620 2047 'invocandus
1643 1995 1689 2048 est
1710 1992 1849 2065 Spiritus,

140 2096 264 2146 carium,
279 2083 306 2135 ct
322 2079 370 2134 vix
385 2077 491 2150 primis
503 2094 619 2152 quoque
634 2079 780 2135 imbutum
794 2077 910 2146 litteris,
923 2095 972 2136 su·
1026 2080 1059 2131 ut
1074 2076 1163 2132 beate
1181 2076 1277 2131 itariae
1300 2075 1496 2148 virginitatem
1522 2095 1576 2135 suo
1597 2096 1695 2148 sensu,
1719 2097 1768 2138 ore
1785 2097 1849 2138 meo

139 2185 199 2243 per
214 2169 272 2225 veri
284 2167 446 2224 assertione
460 2168 629 2225 convincere
641 2169 708 2224 :sed
718 2185 754 2224 ne
769 2167 972 2241 respondendo
1027 2164 1173 2228 defendat.
1191 2164 1374 2221 invocandus
1388 2170 1433 2222 est
1447 2165 1589 2224 Dominus
1610 2169 1707 2237 iesus,
1729 2173 1762 2225 ut
1775 2170 1850 2230 sacri

134 2259 251 2330 dignus
266 2256 361 2328 tieret,
378 2255 429 2328 qui
442 2255 615 2314 vinceretor.
637 2257 699 2312 Huc
718 2258 874 2313 accedebat
893 2257 972 2329 quod
1027 2252 1136 2309 ventris
1151 2253 1323 2326 hospitium,
1340 2255 1424 2324 cujus
1440 2254 1538 2310 deceni
1564 2258 1717 2314 mensibus
1733 2257 1851 2317 inhabi-

132 2346 244 2402 boino²
260 2343 463 2410 turbulentus,
484 2348 513 2400 ot
535 2342 616 2401 solus
641 2345 671 2400 iii
696 2345 833 2401 universo
862 2345 972 2401 mundo
1026 2349 1104 2400 tator
1118 2343 1198 2409 tuiti,
1215 2344 1251 2398 ab
1268 2343 1346 2400 omni
1363 2344 1537 2402 concubitus
1548 2345 1714 2418 suspicione
1724 2351 1850 2403 tueatur.

136 2435 198 2490 eibi
217 2438 249 2490 et
263 2432 359 2489 laicus
374 2437 403 2488 et
421 2433 558 2489 sacerdos
573 2433 635 2508 (qui
648 2438 681 2489 ut
705 2435 746 2488 ait
759 2431 818 2501 iiie,
843 2433 973 2507 loquaci·
1028 2435 1093 2505 lpse
1108 2445 1224 2504 quoque
1243 2433 1319 2488 ileos
1335 2432 1419 2488 Potor
1432 2437 1477 2488 est
1498 2433 1716 2505 imprecandus,
1743 2441 1776 2490 ut
1789 2452 1851 2491 ina-

137 2523 256 2580 tatem⁸
286 2521 455 2578 incundiam
484 2522 632 2578 existimat
667 2524 720 2595 [At.
750 2523 916 2596 existimet],
946 2530 975 2580 et
1028 2526 1102 2576 trom
1118 2519 1182 2575 Filii
1200 2519 1257 2590 sui,
1272 2520 1415 2592 virginem
1432 2521 1568 2577 ostendat
1591 2521 1682 2578 luisse
1704 2524 1770 2595 post
1784 2539 1851 2596 par·

137 2610 326 2668 maledicere
356 2611 505 2679 omnibus,
535 2612 616 2666 bonae
646 2611 829 2668 conscientiae
855 2613 973 2686 signum
1028 2607 1667 2684 tum,quaiiuitmaterantequamnupta⁶.
1694 2611 1852 2668 Noricam-

135 2699 321 2770 arbitratur)
347 2702 466 2771 accepta
489 2700 612 2756 materia
640 2700 821 2773 disputandi,
847 2701 974 2774 amplius
1029 2716 1100 2772 puin
1130 2697 1265 2755 rhetorici
1281 2698 1483 2754 desideramus
1500 2699 1618 2772 eloquii,
1642 2717 1700 2757 non
1722 2700 1852 2758 dialecti-

137 2789 292 2861 inciperet
306 2786 523 2859 blasphemare,
538 2792 567 2844 et
581 2789 666 2861 quasi
683 2790 719 2846 de
734 2789 853 2846 sublimi
871 2789 934 2846 ioco
945 2790 974 2846 iii
1029 2804 1131 2845 corum
1145 2787 1321 2858 tendiculas,
1337 2803 1390 2844 nec
1410 2787 1574 2844 Aristotelis
1599 2789 1715 2862 spineta
1729 2789 1853 2862 conqui-

136 2883 239 2934 totnm
255 2877 359 2932 orbem
386 2877 462 2932 serre
483 2878 680 2934 sententiam:
705 2895 800 2951 neque
821 2879 890 2952 quia
904 2880 975 2936 veri·
1031 2877 1143 2933 rimus:
1165 2876 1230 2949 ipsa
1252 2876 1470 2950 seripturarum
1493 2878 1581 2934 verba
1605 2879 1740 2950 ponenda
1763 2883 1851 2935 sunt:

138 2971 281 3022 isteron
297 2959 406 3038 posset,
419 2964 558 3022 laceraret
579 2965 638 3040 [At.
663 2966 802 3040 lacerare]
826 2968 974 3024 conviciis.
1032 2966 1104 3038 ipsis
1119 2965 1227 3038 quibus
1241 2965 1396 3022 adversum
1417 2981 1470 3022 nos
1495 2982 1568 3022 usus
1591 2970 1637 3022 eet
1664 2966 1852 3036 testimoniis,

142 3056 262 3112 Verum
279 3055 350 3126 quia
377 3053 420 3110 he
436 3060 609 3112 omnestam
621 3056 975 3128 justaesiientiimeicau·
1032 3054 1205 3121 revincatur,
1231 3058 1263 3109 ut
1291 3051 1445 3126 intelligat,
1475 3069 1506 3110 so
1533 3059 1562 3110 ot
1584 3053 1694 3128 legerei
1717 3055 1849 3128 potuisse

142 3163 198 3214 sae,
217 3144 257 3200 ob
283 3142 457 3200 scandalum
483 3145 617 3212 fratrum,
642 3146 692 3218 qui
716 3146 752 3202 ad
776 3147 840 3218 ejus
864 3147 976 3203 rabiem
1032 3160 1096 3216 quae
1111 3144 1220 3216 scripta
1235 3146 1314 3209 sunt,
1331 3147 1358 3198 ct
1377 3159 1434 3198 non
1451 3143 1582 3215 potuisse
1596 3161 1660 3217 quae
1684 3143 1793 3216 pietate
1807 3157 1854 3198 ro·

137 3233 353 3303 movebantur,
367 3232 485 3302 justiori
499 3233 557 3290 ssiie
572 3240 734 3302 cessarunt,
742 3235 805 3307 jain
816 3236 851 3292 ad
863 3236 978 3294 radices
1031 3235 1134 3289 borata
1148 3235 1234 3312 suut,¹
1243 3247 1425 3306 cognoscere.

138 3324 344 3379 infructuosae
363 3321 478 3378 arboris
502 3322 648 3396 Evangelii
673 3324 785 3380 securis
807 3330 852 3381 est
876 3325 976 3381 admo·
1066 3320 1260 3377 tiletanus.
1287 3351 1320 3361 -
1348 3310 1446 3376 Prima
1478 3321 1543 3392 ejus
1582 3321 1742 3395 propositio
1779 3321 1853 3378 tuit:

139 3411 242 3468 aenda
281 3409 385 3481 (eain.
427 3425 471 3477 iii,
511 3411 567 3480 io),
597 3417 626 3468 et
653 3429 720 3468 cum
749 3413 978 3469 infecunditate⁴
1032 3409 1218 3468 «Mattheus
1243 3409 1391 3481 loquitur:
1418 3410 1520 3468 Cinaei
1542 3416 1633 3468 oeten
1656 3413 1797 3482 penetotio
1817 3411 1856 3467 sic

186 3571 196 3603 ¹
216 3569 287 3624 iidd.
302 3568 438 3626 liertiae.
454 3574 484 3626 et
498 3571 621 3627 Vaiiurs.
646 3572 754 3628 haberit
776 3572 916 3629 titulum:
933 3575 977 3628 in·
1065 3571 1122 3625 ‘Et
1143 3585 1207 3624 cnm
1235 3569 1445 3640 infecunditate,
1469 3573 1522 3626 etc.
1546 3569 1683 3643 Disputat
1706 3569 1856 3626 Marianus

145 3641 302 3712 ripittiber
314 3640 344 3696 S.
362 3642 463 3698 Hieron
482 3645 523 3698 nii
548 3643 677 3700 adversus
702 3645 855 3701 Helvidium
867 3644 900 3700 tie
917 3647 978 3702 Vir·
1033 3641 1161 3697 hocloco
1186 3645 1287 3695 contra
1302 3639 1456 3696 iirasnium
1470 3659 1477 3708 ;
1489 3646 1519 3696 at
1531 3641 1856 3712 errorestinutroque,

143 3715 248 3784 qt'mic
272 3711 305 3766 B.
334 3711 427 3768 idori'ae
477 3731 531 3770 uir.
558 3746 592 3754 —
625 3717 684 3771 inci
703 3717 724 3770 ii
749 3717 839 3784 Liber,
861 3722 914 3772 etc.
946 3717 978 3772 in
1033 3731 1091 3769 noii
1117 3712 1195 3768 enini
1220 3712 1308 3767 sicum
1330 3711 1543 3769 infructuosam
1568 3711 1781 3782 Evaagciicam,
1806 3715 1858 3767 aut

141 3787 292 3856 quatuor.
309 3787 359 3863 aiut
373 3784 503 3856 quinque
516 3733 732 3859 exemplariss’us
747 3803 820 3842 mss.
843 3787 977 3842 inscribi·
1033 3785 1128 3840 viruin
1140 3785 1257 3854 justum
1274 3782 1361 3855 primi
1376 3781 1485 3838 Psalmi
1500 3784 1620 3856 respicit
1642 3779 1854 3856 iiicronvinus:

141 3863 199 3911 tar
224 3853 275 3909 bic
303 3853 386 3921 iiber,
416 3857 438 3911 E
464 3857 539 3913 ‘toto
567 3856 595 3912 S.
623 3859 804 3930 Hieronymi:
834 3858 979 3923 hocideo,
1034 3854 1498 3919 sedioiiaverborumorationis,
1516 3871 1641 3927 quorum
1661 3854 1857 3912 infecunditas

140 3925 229 3998 quod
246 3925 325 3980 inter
337 3927 432 3998 episto
446 3943 489 3996 as,
506 3928 566 3984 sive
578 3927 607 3984 in
623 3929 775 3986 codicibus
788 3929 979 4000 epistolarum
1035 3930 1096 3983 orat
1111 3925 1141 3980 in
1158 3924 1287 3980 Helvidio
1303 3925 1462 3993 rusticano,
1476 3942 1529 3982 nec
1553 3927 1690 3985 facundo.
1712 3927 1856 3983 Mancini«.

139 3997 297 4068 scriptum
312 3995 399 4053 tuerit
413 4014 530 4070 semper
543 3999 623 4056 istud
643 3999 830 4073 opusculum.
847 4001 981 4058 Meminit
1035 4029 1068 4039 -
1083 3995 1203 4066 Aliudit,
1221 3997 1298 4068 quod
1313 3997 1533 4068 apertissimum
1547 4004 1602 4054 est.
1618 3997 1798 4068 Mattheiiii,
1812 3995 1857 4052 10.

140 4069 245 4140 bajus
261 4065 328 4122 iibri
345 4069 450 4150 sapius
467 4070 496 4126 in
518 4071 743 4128 Commentariis
762 4073 825 4128 suis
841 4071 979 4147 Hieronp-
1033 4071 1095 4125 lom
1117 4069 1192 4122 enim
1215 4069 1318 4123 securis
1342 4068 1377 4123 od
1401 4067 1520 4124 redicens
1543 4071 1674 4126 erbonim
1697 4071 1786 4142 posito
1806 4075 1856 4124 ert.

140 4153 232 4202 mus,
254 4138 329 4193 etin
345 4140 469 4211 epistola
487 4142 731 4212 adibistochium,
756 4149 810 4199 etc.
837 4143 979 4200 Mineruia.
1036 4141 1129 4198 Omnis
1150 4153 1215 4208 erqo
1239 4139 1320 4193 ortior
1345 4155 1404 4210 quac
1427 4155 1481 4195 non
1510 4141 1577 4211 socii
1599 4143 1723 4212 fructum
1747 4142 1857 4205 bonnm,

184 4209 277 4264 ’Ilua
302 4212 454 4278 accedebat,
484 4213 554 4284 qnod
582 4215 670 4279 beaw,
708 4219 762 4270 otc.
797 4215 874 4270 iiditi
900 4215 979 4271 bunc
1034 4211 1185 4276 excidetur,
1214 4211 1239 4264 et
1269 4211 1299 4264 in
1326 4211 1417 4280 iqnein
1445 4213 1578 4266 mittetur.
1612 4210 1857 4267 Inibcunditatein

143 4282 255 4338 iocum
272 4279 314 4335 ita
326 4279 446 4354 legunt:
463 4285 520 4340 iiue
540 4283 691 4350 accedebat,
715 4284 785 4356 quod
807 4287 930 4354 medor,
946 4301 982 4342 ne
1035 4283 1171 4339 foliorum
1187 4284 1270 4336 vocat
1286 4278 1422 4336 soliorum
1440 4281 1534 4354 ipsam
1559 4283 1672 4354 copiam
1698 4297 1732 4338 ac
1755 4295 1857 4352 euper-

139 4353 230 4409 bomo
245 4352 433 4415 turbulentiis.
448 4359 474 4411 et
488 4357 561 4412 cotio
577 4359 606 4412 iii
632 4359 756 4414 aniverso
780 4357 882 4414 mendo
896 4358 981 4414 iirniii
1035 4354 1190 4418 fluitatem,
1207 4368 1270 4424 quc
1286 4356 1379 4408 totuin
1395 4352 1553 4410 humorum
1577 4353 1606 4408 in
1631 4352 1701 4409 solia
1718 4350 1860 4409 convertit

139 4425 241 4480 inicus
267 4427 295 4504 et
316 4423 460 4482 sacerdos:
479 4429 527 4498 qni
549 4427 591 4553 {nt
615 4431 655 4484 oit
680 4427 749 4500 ipae)
774 4427 979 4499 loquacitatem,
1035 4428 1146 4497 absque
1161 4425 1267 4506 tructii.
1283 4424 1456 4506 Huiusmodi
1471 4428 1534 4482 erat
1549 4425 1621 4482 iioue
1645 4425 1691 4482 cui
1715 4422 1859 4486 Dominus

138 4502 203 4552 etc.
220 4493 344 4550 Codices
367 4511 439 4552 mss.
466 4503 548 4554 secut
581 4516 695 4565 sumus,
718 4499 769 4571 qui
794 4516 851 4556 noa
879 4499 980 4574 legunt
1039 4496 1198 4554 maledixit.
1218 4496 1365 4552 Libentius
1380 4495 1469 4568 igitur
1492 4497 1670 4554 Erasmiauae
1691 4497 1860 4579 interpreta-

139 4566 277 4623 verbnm
311 4567 424 4624 uerebor
460 4570 606 4626 additum*
626 4571 656 4626 in
680 4570 776 4640 editis,
801 4575 829 4625 et
854 4571 904 4643 qui
929 4587 981 4643 pro
998 4553 1020 4620 C
1039 4568 1111 4624 tioni
1127 4567 1281 4632 assentior,
1300 4569 1415 4624 tametsi
1428 4570 1517 4624 terme
1530 4567 1565 4624 de
1576 4567 1667 4624 nihilo
1678 4571 1798 4642 questio
1810 4565 1856 4623 sit

136 4639 236 4718 norst
256 4651 361 4694 omnes
383 4639 510 4697 retinent
535 4641 599 4708 aiiii,
627 4653 756 4716 congruo
785 4657 979 4698 sensu:iiain
1070 4639 1202 4695 ‘Oideit
1222 4637 1358 4706 Gellium,
1383 4645 1411 4694 et
1432 4655 1496 4712 que
1521 4639 1551 4694 iii
1575 4639 1728 4714 epistolam
1750 4639 1801 4695 127
1816 4640 1859 4693 ut·

138 4707 307 4768 Helvidius
322 4707 378 4766 eibi
393 4715 457 4768 erat
471 4710 564 4770 laicus
577 4717 605 4770 et
615 4715 762 4781 sacerdos,
774 4729 832 4769 non
843 4713 979 4770 dociesie
1035 4727 1092 4782 que
1103 4709 1171 4764 alibi
1187 4709 1324 4766 adnouia
1339 4719 1417 4767 sunt.

139 4777 275 4844 Christi,
300 4796 317 4834 a
340 4781 378 4836 ud
413 4799 501 4854 quam
527 4790 692 4842 monstrum
725 4784 898 4854 habebatur,
923 4803 980 4842 non
1070 4780 1240 4858 ‘Nimirum
1265 4781 1336 4852 quia
1360 4797 1394 4838 cx
1421 4781 1530 4854 Spiritu
1558 4785 1658 4841 sancto
1686 4780 1860 4851 conceperat

138 4849 302 4906 saoeidoe.
319 4797 457 4910 Kiiariiiu.
472 4887 506 4895 -
522 4854 703 4914 Vetustiores
724 4855 793 4912 editi
821 4857 891 4928 qnod
905 4873 981 4914 oere-
1035 4857 1193 4933 antequam
1210 4868 1244 4906 ex
1259 4868 1368 4922 sponsa
1384 4854 1465 4909 beret
1480 4871 1552 4909 uiior
1569 4851 1698 4934 iosepiii.
1716 4850 1792 4906 Sunt
1805 4865 1856 4932 aii-

141 4920 446 4980 oarutomouioc
469 4927 616 4984 Victorius
637 4929 725 4984 simul
746 4927 816 5000 legit
840 4945 892 5002 pro
915 4930 981 4992 ribi,
1035 4930 1161 4994 temqui
1185 4923 1287 4978 nubere
1312 4927 1476 4995 otnaptoni
1518 4941 1549 4979 ro
1570 4923 1680 4978 carnali
1704 4937 1770 5003 curn
1790 4935 1859 5003 ‘viro

142 4994 231 5067 quod
248 4997 417 5052 tamennon
435 4996 593 5070 improbat,
609 5003 698 5072 atquo
713 4999 742 5055 in
768 5016 839 5056 mss.
858 4999 980 5056 inveniri
1035 4995 1139 5068 copula
1160 4993 1316 5066 accipiant,
1342 4995 1419 5049 undo
1444 4995 1473 5048 in
1495 4941 1619 5050 gationis
1643 4995 1673 5050 S.
1699 4990 1799 5065 Cyriiii
1823 4990 1859 5048 de

138 5063 320 5121 notabiles
334 5065 513 5125 Veronensis
536 5071 681 5143 precipue
705 5071 792 5127 iidem
818 5071 980 5143 sequimur,
1036 5065 1239 5124 iucarnationa
1254 5063 1380 5126 Domini.
1395 5081 1420 5120 c.
1437 5066 1491 5120 25:
1513 5087 1527 5115 a
1549 5051 1641 5120 Natus
1664 5068 1710 5122 cst
1732 5061 1810 5120 euim
1826 5077 1861 5118 ex

139 5135 205 5208 qui
221 5151 327 5217 omnes
347 5137 392 5220 ad·
408 5137 482 5196 lianc
507 5141 584 5198 diom
608 5143 742 5216 cognitos
766 5141 939 5212 antiquitate
953 5147 982 5198 et
1036 5139 1164 5212 Virgine,
1180 5143 1209 5192 et
1224 5135 1305 5216 scios
1319 5136 1406 5192 babet
1422 5135 1543 5193 iiiatreni
1555 5136 1720 5208 innuptam.
1739 5134 1859 5218 oldest,

138 5207 424 5336 prr'rae'isffliililigliioiiiiei
442 5218 607 5356 {Esfiixpraersasio
633 5285 749 5341 nornine
771 5281 914 5355 designat,
933 5282 982 5354 qiii
1036 5213 1518 5344 giliiffisuciltjtlitilimm'ii'grttouiliggffigffsaiii
1542 5205 1861 5352 aggyoliligtnilcofuilitniililiiici

139 5349 231 5404 libro
243 5347 375 5408 aduersae
389 5353 598 5428 itermopenein,
614 5373 638 5412 c.
657 5359 690 5412 1:
717 5379 730 5404 ιι
748 5355 850 5418 Ηοιιιο,
876 5357 981 5426 inquit,
1036 5353 1069 5406 de
1084 5349 1259 5424 impudicitia
1276 5353 1394 5408 iiairem
1407 5350 1504 5406 liniare
1528 5353 1577 5408 liei
1599 5351 1687 5422 fitium
1715 5365 1861 5411 asserens.

137 5421 177 5476 in
196 5419 306 5476 seculo
318 5427 347 5476 et
358 5429 462 5481 natura
473 5444 592 5500 quoque
603 5427 766 5492 hacreticus,
779 5425 865 5480 atiani
880 5427 981 5481 turbu·
1036 5425 1129 5488 eliani,
1143 5422 1247 5494 inquit,
1263 5440 1346 5493 quoni
1361 5422 1503 5479 eiiiciiiitur
1526 5424 1633 5489 liutein,
1657 5439 1713 5480 ιιιιιι
1728 5422 1861 5492 nupserat

136 5492 332 5564 lentos,qni
356 5493 564 5567 loquacitatem
591 5499 758 5555 facundiam
783 5495 984 5560 existimabat
1072 5491 1272 5550 literonensis
1295 5493 1379 5550 iiber.
1408 5495 1441 5551 iit
1470 5511 1525 5552 iion
1558 5496 1713 5568 inteiiiqerc
1738 5491 1861 5566 potuisse

138 5563 371 5636 impudentiam
387 5570 582 5628 consentiam
607 5572 735 5646 deputet,
757 5573 787 5625 et
809 5567 983 5627 maledicere
1036 5579 1098 5642 qaae
1111 5567 1213 5640 scripto
1227 5567 1301 5624 aunt.
1319 5568 1415 5624 Primo
1433 5565 1501 5641 ejus,
1519 5571 1573 5626 etc.

143 5633 285 5712 singna
298 5635 431 5700 officium
444 5641 528 5702 boae
543 5641 727 5704 conscientia
738 5639 882 5716 iudicet.»
