4108 6174
241 355 322 426 tona
987 361 1197 433 arrnunrx.
1837 342 1896 443 rar

240 496 375 554 Celatura
390 491 508 566 dicitur,
525 494 603 570 quod
618 494 716 558 intrat.
1078 509 1107 574 Α
1325 517 1361 558 na
1377 517 1471 560 uanis
1490 515 1737 561 ramtrromrrou.

238 566 403 651 ⁵⁰U¹l³i¹¹rfl2
419 567 496 650 quod
513 568 631 627 eminet·
784 642 789 652 ,
932 641 937 654 ,
1118 595 1174 647 Pre
1190 594 1300 658 octava,
1317 591 1415 660 idest,
1432 591 1591 650 novissime
1606 593 1654 650 dia
1668 595 1832 667 azymorum.

236 638 400 722 Anaglrppa
414 641 615 732 diciturquod·
635 640 719 698 valde
733 646 842 698 eminet
853 658 938 716 quast
950 659 1061 716 penna.
1118 663 1150 720 1„
1167 665 1268 732 pastos,
1284 662 1452 736 dignitates,

238 711 402 780 letrrarum,
420 711 551 768 unalana
567 729 651 768 nerra
663 713 772 784 plectas
787 713 954 787 gnmdlunt.

236 781 364 839 Comites
379 798 496 909 ryaoque
511 789 580 841 cant
594 785 705 840 dicunt.
1426 787 1461 826 ⁰⁸
1480 787 1638 827 ⁸⁶¹⁴⁰M0N⁸·

272 853 368 920 Canis.
398 853 510 927 otgunt·
1116 879 1288 941 Panaretus,
1305 875 1491 948 sapientiam.

236 923 366 1006 Meduli,
383 942 450 998 nep.
485 995 490 1007 ,
670 997 676 1008 ,
1114 951 1308 1017 (luncuernet,
1324 947 1531 1004 accitaverunt.

235 995 276 1052 lte
299 1013 348 1053 rna
363 995 466 1064 Sabas,
482 997 512 1051 td
529 999 583 1060 est,
599 995 779 1068 AEthropum.
1114 1017 1195 1081 Areo,
1212 1017 1303 1074 herba
1317 1025 1371 1074 est,

234 1011 332 1138 reiis,
348 1067 495 1142 longiores
510 1071 658 1139 suntque
674 1075 757 1124 scuta
773 1074 872 1126 raostro
887 1071 987 1128 tunde.
1115 1089 1206 1147 3100,
1223 1090 1341 1156 dicim,
1358 1106 1408 1162 per
1423 1105 1513 1172 quam
1526 1105 1605 1162 aqu,
1618 1089 1718 1150 „ul-yyy,

235 1138 340 1203 Lenito,
357 1156 407 1195 vas
427 1139 551 1194 vitreum
575 1139 605 1194 io
631 1139 825 1196 similitudine
851 1141 1000 1206 flasconis,
1016 1141 1059 1198 vel
1114 1165 1146 1217 yn
1160 1177 1297 1218 acervum
1311 1159 1460 1226 Memmi,
1485 1159 1595 1217 habent
1622 1161 1842 1218 wmueyuyynym
1853 1181 1898 1220 m,

271 1210 368 1282 palli&
414 1281 420 1291 ,
531 1278 536 1292 ,
717 1281 723 1294 ,
746 1281 751 1293 ,
1149 1231 1286 1288 balantes
1301 1231 1330 1287 in
1346 1231 1392 1287 via
1420 1231 1470 1287 ubi
1485 1231 1648 1289 Mercurius
1672 1232 1795 1304 sepultus
1812 1239 1857 1298 eet,
1869 1235 1898 1290 la·

232 1280 395 1363 cancellus,
412 1278 628 1354 mimelingen,
646 1279 836 1338 subttvrtrane
852 1300 947 1352 versu,
963 1283 1007 1340 vel
1023 1285 1060 1340 de
1149 1304 1247 1375 pidem
1258 1303 1371 1374 juetam
1394 1274 1425 1359 in
1441 1318 1578 1360 acervum
1606 1303 1711 1376 ipsius,
1733 1305 1898 1378 unusquisque

269 1352 331 1408 lore
346 1358 423 1408 sicut
438 1359 506 1407 retr.
1149 1392 1242 1431 unum
1258 1391 1310 1446 pm
1324 1374 1443 1430 honore,

234 1421 343 1506 Elide&
357 1421 472 1478 affellifl·
754 1495 759 1506 ,
1113 1445 1245 1512 Lamuel,
1261 1461 1405 1518 agnomen
1416 1445 1593 1514 Salomonis,
1609 1446 1686 1503 sieut
1700 1445 1898 1503 Ecclesiastesab

233 1494 368 1550 Latrrnas
384 1492 508 1561 cloacas,
525 1511 608 1620 ayne
619 1495 734 1561 duetus,
752 1495 781 1550 td
796 1499 850 1564 est,
866 1512 967 1568 grona.
1149 1518 1272 1573 poppone,

233 1564 334 1622 Musae
347 1564 472 1634 sabbati,
488 1565 644 1622 adiiciam
661 1567 709 1622 ubi
726 1567 871 1622 miserunt
895 1583 976 1639 reges
991 1585 1057 1624 mu·

267 1653 338 1692 nera
352 1637 486 1706 sabbate,
503 1638 621 1710 quando
637 1637 842 1710 ingrediuntur
856 1638 1011 1710 templum.
1400 1621 1436 1661 ΒΕ
1455 1619 1646 1662 'mmmm'

230 1706 303 1764 Nam
317 1709 428 1764 Gerban
445 1707 562 1776 dieitur,
580 1708 628 1764 ubi
644 1715 706 1764 erat
719 1709 844 1790 pecunia
859 1710 1054 1767 sacerdotnm.
1111 1710 1341 1784 Gontignatinm,
1357 1711 1444 1768 tectio
1464 1711 1580 1768 demus.

230 1779 307 1834 Edra
319 1778 427 1835 dicitur
440 1778 562 1836 interior
576 1780 660 1835 sedes
676 1781 725 1834 ubr
741 1779 818 1852 Papa
833 1781 914 1836 sedet
1110 1782 1260 1855 Capparis,
1277 1782 1368 1839 herba
1387 1787 1430 1838 est
1446 1782 1482 1838 ad
1498 1782 1668 1839 cibandum.

229 1849 363 1922 Tignani,
380 1849 431 1922 qui
447 1850 528 1922 tigna
545 1849 665 1918 iaciunt,
681 1851 709 1905 id
726 1855 780 1917 ost,
797 1857 914 1906 restrae.
1070 1885 1093 1949 B

229 1920 321 1991 Talet‚
342 1937 448 1976 neman
464 1920 565 1993 templi
582 1921 662 1988 idoli,
679 1919 723 1978 vel
738 1921 941 1978 loeilarurum.

233 1989 325 2062 allae,
342 1991 477 2065 gregani.
1112 1993 1286 2062 Fascinatio,
1302 1994 1367 2050 laus
1382 1993 1483 2065 stulta,
1500 1993 1597 2064 idest,
1615 2011 1777 2052 maacrune.

229 2062 356 2132 Trullas,
382 2063 593 2136 pannundiul'e.
1113 2065 1269 2138 Malagma,
1286 2066 1379 2123 multa
1393 2065 1489 2122 herba
1503 2065 1617 2122 vulneri
1632 2067 1781 2140 imposita.

1322 1905 1357 1944 DE
1382 1905 1542 1945 sumomonte
1563 1905 1721 1946 mutuante.
1733 1959 1738 1966 ι

884 2402 1285 2501 EXPLANATlO

1001 2643 1031 2682 m
1052 2635 1163 2684 nlnauru

628 2793 674 2850 DE
694 2793 773 2852 SlTU
793 2795 839 2852 ET
858 2745 1054 2854 NOMINIBUS
1074 2795 1241 2854 LOGORUM
1260 2792 1531 2852 nunattcotttttu.

261 3133 388 3190 nitriae
402 3133 479 3190 bocia
495 3133 633 3190 lletrnr‘cia
662 3131 776 3214 primns
805 3135 906 3189 auctor
930 3132 1051 3189 luitllu·
1106 3131 1288 3204 alphabetica
1304 3131 1484 3202 Lexicorum,
1508 3131 1580 3188 etin
1601 3130 1676 3187 libro
1703 3129 1900 3210 quequelicui·

226 3204 325 3260 sebius
336 3209 530 3277 cognomento
549 3202 705 3286 Pamphili,
723 3203 772 3274 qui
802 3202 838 3258 de
857 3204 1051 3260 sanctnScri·
1105 3221 1173 3260 aum
1195 3205 1395 3260 llcbraicoram
1426 3220 1442 3258 a
1466 3203 1543 3259 Bada
1571 3207 1670 3259 nostro
1700 3203 1769 3260 olim
1803 3201 1899 3272 digesto,

226 3277 314 3346 ptura
330 3276 462 3330 omnium
479 3289 553 3354 pene
567 3275 697 3338 urbium,
714 3273 870 3336 montium,
883 3274 1049 3342 fluminum,
1106 3275 1182 3332 edito
1198 3279 1295 3332 autem
1312 3279 1391 3329 tomo
1408 3277 1457 3341 tlt,
1480 3291 1548 3330 cum
1563 3273 1628 3330 aliis
1643 3274 1781 3347 operibns
1794 3271 1900 3344 ejusden

225 3344 399 3410 viculorum,
414 3349 443 3400 et
456 3345 638 3399 diversorum
654 3342 785 3400 locorum
795 3344 935 3400 voeabula
948 3346 977 3400 in
996 3345 1050 3402 boo
1106 3347 1266 3418 scriptoris.
1284 3345 1503 3403 consentientes
1529 3344 1619 3419 igitur
1643 3344 1756 3418 reperio
1771 3343 1899 3400 Eusebium

226 3414 407 3488 opusculum
424 3414 628 3487 congregavit;
645 3414 778 3470 indicens
807 3431 870 3488 quae
890 3415 933 3472 vel
948 3407 1086 3474 eademG
1106 3418 1238 3475 Graecum
1264 3417 1532 3488 Hieronymumque
1554 3417 1703 3488 Latinum,
1720 3419 1899 3489 quantnmpa·
1997 3449 1998 3470 r

227 3490 356 3555 maneat,
372 3485 414 3542 vel
431 3486 587 3541 immutata
615 3489 685 3542 sunt
710 3489 820 3558 postea,
843 3486 886 3542 vel
902 3487 1049 3560 aliquaex
1103 3489 1176 3546 titur
1204 3489 1273 3545 ordo
1298 3487 1462 3544 litterarum
1489 3487 1642 3560 Alphabeti
1669 3487 1775 3558 nostri,
1796 3485 1861 3559 qnod
1880 3483 1900 3539 in

227 3563 309 3630 parte
331 3562 478 3630 corrupta.
497 3555 707 3613 lluncldusebii
725 3557 830 3614 librum
847 3560 1049 3630 cumquidem
1105 3557 1521 3633 multisdiscrepataGraco‚
1547 3563 1610 3615 tum
1656 3565 1900 3631 repterconsenan·
1997 3631 1998 3634 Ἴ

224 3629 273 3684 vix
284 3628 387 3702 primi
411 3629 544 3685 imbutus
567 3627 672 3685 litteris
699 3645 790 3684 ausus
813 3629 917 3686 luisset
932 3631 962 3686 in
979 3631 1049 3688 bati·
1103 3637 1147 3688 tas
1162 3649 1194 3688 as
1215 3632 1317 3703 iratas,
1332 3636 1395 3687 tum
1421 3635 1539 3704 prepter
1563 3647 1615 3686 voc
1645 3647 1677 3688 es
1703 3635 1901 3708 extensasque

226 3717 294 3757 nam
310 3700 441 3774 linguam
457 3717 515 3756 non
533 3698 631 3756 Latine
645 3705 766 3766 vertere,
782 3700 964 3758 occasionem
980 3717 1049 3758 oau—
1103 3704 1180 3776 apud
1196 3649 1219 3759 il

225 3788 349 3844 samque
372 3772 497 3855 prebuit
523 3772 696 3844 Hieronymo
721 3787 827 3828 novam
843 3788 875 3828 ac
890 3772 1048 3830 doctiorem
1103 3778 1152 3830 tur
1165 3774 1285 3848 digesta
1298 3791 1305 3843 ς
1322 3771 1448 3846 exempli
1461 3788 1561 3843 cansa,
1575 3793 1592 3827 κ
1607 3790 1624 3829 a
1638 3771 1669 3836 t...
1687 3793 1700 3826 ε
1715 3773 1762 3842 ab,
1776 3793 1793 3838 η
1808 3769 1863 3824 aab
1875 3787 1900 3832 a,

225 3843 387 3900 adornandi
414 3843 547 3899 Latinam
576 3842 808 3898 translationem.
835 3843 915 3900 Unde
931 3845 1049 3900 Euaebii
1103 3849 1171 3915 ate,
1186 3861 1253 3901 cum
1265 3844 1432 3902 subendam
1449 3842 1581 3901 litterale
1600 3843 1775 3929 anturapnd
1788 3841 1900 3898 Latinos:

223 3913 317 3988 ipsius
332 3913 514 3970 admirabilis
529 3913 583 3968 viri
599 3918 716 3970 secutus
728 3913 871 3981 studium,
885 3916 1047 3972 secundum
1102 3933 1117 3974 e
1131 3932 1259 3989 namque
1273 3920 1302 3972 et
1316 3932 1330 3972 e
1346 3915 1472 3972 vocales.
1499 3915 1558 3972 sive
1581 3863 1675 3989 ionga
1701 3921 1771 3982 emt,
1786 3911 1900 3993 sivebre·

223 3985 357 4042 ordinem
374 3985 548 4050 litterarum,
566 3990 598 4040 ut
612 3989 692 4050 eunt,
709 3985 738 4040 in
755 3985 864 4050 Gracc,
881 3985 982 4043 Latine
997 4004 1047 4044 vo·
1103 4004 1163 4056 ves,
1180 3989 1312 4044 eamdem
1329 3987 1453 4043 lerinam
1467 3987 1704 4057 retinent,etune
1719 3993 1780 4042 loco
1795 3982 1901 4060 ecnbun·

223 4056 323 4112 lumen
339 4055 490 4113 transtulit
505 4055 693 4128 :relinquens
710 4072 744 4112 ea
757 4070 820 4128 qna
836 4057 924 4129 digna
939 4073 1048 4114 memo·
1102 4063 1160 4114 tur.
1177 4063 1217 4114 lla
1232 4063 1302 4114 sunt
1318 4059 1461 4130 precipue
1477 4075 1541 4130 qua
1554 4058 1590 4114 de
1611 4057 1760 4114 veteribus
1779 4055 1901 4124 scriptori·

224 4127 341 4185 manen
367 4127 551 4194 videbantur,
575 4131 603 4182 et
648 4126 766 4198 leraque
800 4133 928 4184 mutans.
954 4129 1048 4186 Semel
1103 4130 1158 4186 bus
1177 4127 1243 4185 libri
1262 4130 1402 4185 Locorum
1419 4145 1597 4200 praemonere
1615 4128 1765 4186 voluimus
1786 4127 1899 4183 lectorem

223 4199 302 4255 enirn
318 4198 390 4254 etin
407 4201 585 4271 Temperum
616 4145 691 4254 libro
721 4198 859 4270 praelatus
888 4200 1048 4266 ostenaet
1103 4200 1405 4258 studiosum:cuine
1424 4201 1496 4256 torte
1517 4199 1817 4257 excidantdeeodem
1831 4209 1901 4274 arguy¹

224 4269 412 4343 interpretem
429 4286 504 4336 esse,
520 4269 563 4325 vel
579 4269 644 4324 nevi
671 4270 767 4350 operis
791 4271 980 4327 conditorem.
1002 4273 1048 4327 ttic
1102 4277 1200 4329 mento
1216 4288 1310 4343 nuper
1325 4271 1433 4344 scripta
1445 4270 1769 4328 inPrelationeJacobi
1784 4271 1902 4326 ltontram

222 4342 499 4398 autamaecnndnm
524 4341 655 4396 ordinem
681 4339 857 4407 litterarum,
881 4346 999 4399 uteunt
1018 4343 1046 4398 in
1102 4345 1142 4400 ad
1153 4359 1242 4400 suum
1259 4345 1459 4408 damaesttcon,
1489 4343 1583 4399 multa
1612 4359 1647 4399 ex
1671 4339 1902 4408 ecdsmoxccrpu

221 4413 331 4480 Graec,
343 4429 402 4468 sna
418 4413 524 4486 lingue
539 4411 710 4468 hominibus
731 4411 852 4467 tradidit
866 4412 1046 4484 Opusculum
1101 4414 1180 4471 hica
1203 4429 1309 4487 ponere
1324 4413 1447 4486 perutile
1463 4413 1535 4469 mihi
1549 4413 1645 4471 visum
1660 4419 1717 4470 est.
1805 4469 1811 4474 .
1857 4478 1863 4488 ,

221 4483 441 4552 Eusebianum3
466 4487 498 4539 ut
512 4486 609 4538 tamen
637 4482 742 4539 seriem
765 4482 928 4539 litterarum
945 4484 1046 4558 alpha·
1139 4508 1150 4535 ι
1191 4490 1219 4542 at
1234 4491 1329 4541 autem
1347 4485 1394 4540 bie
1408 4484 1492 4552 liber,
1520 4483 1616 4557 inquit
1636 4483 1814 4550 Benlrarius,
1826 4491 1901 4551 prame

221 4554 281 4611 beti
297 4555 402 4623 Latini,
416 4571 473 4610 nen
489 4553 620 4611 ordinem
632 4554 721 4610 Gracci
738 4554 915 4611 subsecutus
926 4556 974 4612 sit.
992 4557 1045 4612 Ne·
1102 4556 1138 4612 ab
1153 4555 1277 4612 Eusebio
1302 4555 1472 4612 essariensi
1495 4555 1592 4611 Graece
1606 4555 1745 4628 scriptus,
1755 4558 1788 4610 ut
1799 4553 1902 4624 ipsemet

241 4641 278 4683 ue
292 4641 360 4683 varo
376 4626 486 4688 Latinis
509 4625 651 4693 scribens,
678 4628 728 4680 ant
752 4623 850 4680 Graeca
870 4627 1048 4699 exemplaria
1103 4627 1295 4702 llieronymus
1310 4628 1340 4682 in
1356 4626 1423 4682 libri
1433 4627 1523 4698 hujus
1538 4626 1680 4684 Prammio
1691 4629 1822 4694 testatur,
1833 4633 1902 4701 qrteffl

220 4642 323 4755 Eatino
338 4714 473 4754 sermone
497 4701 678 4760 convertens,
705 4699 782 4752 recto
803 4695 915 4766 judicio
931 4715 1047 4770 perver·
1102 4698 1295 4772 Hieronymus
1311 4697 1339 4753 in
1355 4713 1456 4753 eornm
1471 4698 1596 4770 gratiam
1612 4699 1662 4770 qui
1674 4712 1822 4755 sacrarum
1836 4693 1903 4769 bitte

220 4773 280 4826 tera
296 4770 390 4841 potuit
412 4768 545 4826 ordinem
569 4767 735 4824 litterarum
761 4766 909 4839 alphabeti
941 4769 1046 4837 nostri,
1061 4783 1085 4847 Ι)
1101 4785 1199 4826 rarum
1216 4768 1313 4825 stadie
1329 4769 1523 4836 delectantur,
1534 4769 1564 4824 in
1578 4769 1712 4826 Latinam
1725 4759 1901 4841 lingumsrbr

220 4845 253 4896 nt
268 4841 389 4898 nemina
405 4858 469 4896 una
487 4838 632 4912 incipiunt
657 4853 708 4910 per
721 4857 749 4911 γ,
765 4854 794 4911 g,
817 4840 895 4921 apud
920 4839 1044 4908 Grecos,
1099 4841 1270 4898 vertendum
1287 4855 1351 4897 esse
1366 4839 1494 4912 putavit:
1521 4857 1587 4897 eum
1611 4845 1711 4896 autem
1727 4839 1770 4896 ita
1782 4835 1867 4915 vertit²
1879 4835 1903 4885 ul

218 4914 428 4986 tertioquequa
441 4912 503 4969 loeo
515 4909 704 4982 reponeretin
716 4909 906 4967 suaeditrona
922 4911 1044 4980 Latina,
1099 4917 1198 4969 tamen
1213 4913 1249 4968 de
1264 4928 1317 4968 suo
1333 4927 1390 4968 non
1408 4927 1500 4984 panea
1529 4910 1685 4978 addiderit,
1710 4905 1848 4967 nonnulla
1859 4917 1901 4958 rm·

218 4983 380 5056 eodemque
395 4985 482 5040 modo
498 4983 629 5038 Graecum
645 4981 776 5036 ordinem
793 4980 959 5038 observaret
973 5003 999 5051 κ,
1012 4982 1043 5050 a,
1100 4983 1232 5050 mutarit,
1244 4981 1378 5054 quadam
1395 4998 1545 5055 perperam
1560 4983 1637 5040 diota
1650 4981 1817 5046 correxerit,
1830 4968 1900 5056 ulytl

218 5072 236 5120 η
252 5058 281 5109 at
294 5075 328 5122 ω,
344 5061 372 5113 at
388 5055 546 5121 similibus,
564 5071 627 5126 qua
642 5069 709 5109 cnm
732 5051 923 5123 aspiratione,
938 5053 981 5110 vel
996 5071 1046 5126 por
1099 5055 1129 5112 in
1154 5053 1297 5110 Prooemio
1312 5055 1375 5136 ipse
1403 5055 1438 5109 da
1454 5070 1484 5109 se
1500 5054 1617 5120 fatetur,
1645 5054 1689 5111 vel
1704 5070 1741 5109 ex
1755 5050 1819 5108 libri
1832 5048 1899 5126 butt

219 5129 372 5182 extensum
387 5127 566 5184 elementum
582 5125 729 5198 leguntur.
743 5123 846 5194 ltaque
861 5124 989 5251 prudens
1005 5125 1044 5183 le·
1099 5127 1223 5183 decursu
1240 5125 1335 5198 colliga
1352 5128 1465 5197 potest;
1482 5125 1529 5180 cni
1554 5128 1655 5197 utpote
1670 5121 1805 5181 acerrimi
1816 5118 1894 5192 judicit

220 5197 284 5248 otor
307 5213 342 5252 aa
367 5198 396 5252 in
412 5215 539 5254 errorem
564 5195 749 5270 pertrahatur
771 5195 859 5250 subo
882 5211 967 5252 souro
982 5213 1044 5252 vcr-
1097 5198 1169 5269 viro,
1183 5202 1212 5253 et
1226 5197 1378 5270 regionum
1409 5195 1526 5252 illarum
1546 5196 1738 5269 locorumque
1757 5191 1896 5268 spectatae.

219 5262 324 5320 borum
341 5269 504 5342 llieronymi
522 5267 680 5335 intellectu,
707 5266 818 5322 noverit
839 5271 973 5323 sanctum
989 5269 1042 5324 do·
1098 5269 1158 5326 imo
1174 5266 1261 5323 annis
1277 5267 1411 5340 pluribus
1439 5267 1469 5323 in
1493 5267 1597 5324 iisdem
1621 5273 1748 5336 versato,
1774 5255 1898 5334 magutfi·

219 5339 329 5392 ctorem
346 5337 375 5392 in
392 5355 425 5393 cc
441 5345 555 5396 tantum
580 5340 711 5397 ordinem
737 5338 911 5404 litterarum,
928 5342 960 5394 ut
975 5345 1045 5396 sunt
1097 5340 1149 5397 des
1164 5339 1264 5396 haberi
1277 5341 1389 5412 potest:
1406 5337 1608 5412 utplurimum
1619 5343 1718 5396 tamen
1730 5338 1849 5414 Hieron,
1873 5340 1899 5381 tt

219 5404 375 5474 inGraeco,
400 5409 579 5479 observasse,
606 5409 683 5482 quod
713 5409 840 5480 primum
866 5413 1044 5466 recensuerit
1097 5410 1265 5482 interpretis
1289 5409 1384 5465 officia
1401 5409 1528 5483 longiae
1545 5409 1707 5482 profitetur.
1726 5411 1808 5465 Forte
1842 5415 1898 5458 tert·

220 5476 341 5535 nomina
355 5482 383 5532 et
399 5477 528 5536 locorum
553 5480 702 5546 vocabula,
720 5498 783 5552 qua
799 5481 835 5536 ab
851 5481 975 5537 Eusebio
991 5499 1042 5555 po·
1098 5498 1203 5557 aymus
1220 5481 1303 5537 initia
1327 5479 1394 5537 aliis
1418 5481 1636 5538 characteribus
1659 5497 1713 5536 sua
1736 5477 1809 5536 ascri
1843 5474 1897 5555 etti

219 5552 332 5606 nentur
358 5565 392 5604 ea
416 5549 531 5617 Genesi,
546 5553 651 5608 deinde
666 5553 701 5608 dc
722 5551 827 5615 littorio,
844 5557 872 5608 et
887 5553 927 5608 ita
941 5570 1042 5610 conee—
1095 5554 1140 5610 vel
1154 5552 1294 5609 asterisco
1321 5556 1481 5622 notaverat,
1496 5569 1560 5624 qua
1577 5557 1687 5625 postea,
1711 5555 1746 5607 ut
1772 5550 1800 5604 in
1834 5555 1896 5619 nyte-

219 5624 342 5694 quanter
357 5625 472 5676 servato
494 5622 594 5677 ordina
623 5639 772 5678 sacrarum
796 5622 967 5680 Bibliorum.
992 5629 1042 5680 Sc·
1097 5622 1398 5696 modisaepeaccidit‚
1420 5623 1449 5678 in
1473 5639 1566 5680 unum
1588 5639 1693 5697 cerpus
1716 5613 1895 5692 cumlluseb¹5

219 5693 315 5750 cundo
332 5691 464 5750 ordinem
493 5693 687 5748 Eusebianum
713 5693 847 5749 imitatur
870 5697 899 5749 in
916 5696 1041 5769 singulis
1095 5697 1192 5753 verbis
1207 5695 1420 5751 conlluxerunt.
1437 5694 1502 5750 Fuit
1525 5693 1644 5767 quidem
1659 5700 1686 5752 et
1700 5693 1765 5765 ipse
1779 5687 1892 5747 lluscbrnr

218 5765 334 5829 littaris,
355 5781 381 5818 v.
408 5781 436 5836 g.
452 5761 565 5834 incipit,
592 5765 673 5834 juxta
694 5763 862 5830 Eusebium,
879 5767 915 5821 ab
930 5768 1040 5834 droant,
1096 5767 1126 5823 in
1143 5766 1298 5825 Palaestina
1313 5766 1361 5822 diu
1387 5769 1531 5830 versatus,
1556 5770 1656 5839 utpote
1679 5754 1894 5820 desertarum

219 5835 496 5906 Acbad,rlaei,etc.‚
513 5834 579 5888 ine
607 5831 751 5911 similiter,
772 5848 789 5887 a
808 5835 910 5913 udaiei,
934 5839 1039 5906 Bettct,
1094 5839 1177 5896 atina
1205 5838 1379 5910 episeopus;
1406 5837 1499 5894 multa
1520 5841 1617 5894 mmen
1652 5837 1890 5910 argumentosae·

219 5907 300 5976 flssllt
317 5912 372 5963 θῐθ·
389 5906 455 5971 Quae
479 5901 570 5962 elium
596 5900 727 5957 ordmem
756 5901 887 5960 obtinent
909 5906 939 5963 in
966 5909 1040 5966 serie
1094 5927 1158 5983 que
1174 5911 1299 5969 suadent
1310 5909 1470 5967 Eusebium
1484 5925 1541 5966 nen
1556 5925 1621 5968 eam
1636 5909 1725 5966 luisse
1740 5907 1890 5964 necamur

1222 3719 1310 3758 raaces
1332 3703 1426 3775 spatie
1447 3718 1552 3774 magno
1567 3701 1765 3759 intercedente
1779 3701 1903 3757 inremun-
1997 3721 1998 3732 κ
