4100 6156
157 351 225 417 aar
710 348 919 417 aavaasus
939 347 1181 416 rovraraanu
1204 347 1278 416 arn.
1301 350 1340 416 a.
1814 340 1873 422 aba
1930 329 1933 340 '

171 487 238 554 sias,
266 487 437 560 Smyrnam,
461 489 648 562 Pergamum,
673 487 855 560 Thyatiram,
884 486 993 556 Sardis,
1011 491 1035 554 Α
1051 493 1080 542 et
1095 485 1288 560 alienigenam
1304 488 1360 544 sihi
1375 504 1409 545 ex
1424 488 1561 562 gentihus
1575 487 1732 546 Ecclesiam
1753 489 1874 564 copula·

172 574 416 648 philadelphiam,
435 578 600 634 Laodiciam
617 577 652 632 ad
674 575 875 648 paenitentiam
892 592 997 648 provo·
1051 575 1101 642 vit,
1128 579 1226 632 tamen
1251 577 1414 633 secundum
1437 576 1564 632 litteram
1587 582 1653 648 post
1668 578 1873 637 *sacerdotium

171 669 227 734 cat,
243 673 272 721 et
287 665 345 720 nisi
361 670 545 722 revertantur
560 668 594 722 ad
616 681 704 738 opera
723 665 859 737 pristina,
875 664 997 720 commi·
1051 663 1218 720 sontidatus
1245 665 1404 732 inducitur,
1434 671 1462 721 ct
1488 669 1546 721 stat
1573 665 1708 723 diabolus
1727 684 1743 723 a
1764 668 1873 728 dextris

173 757 272 810 natur.
299 755 332 810 lit
360 753 390 810 in
420 756 518 812 Sardis
546 771 656 828 paucos
682 753 788 810 hahere
804 753 929 820 sedicit,
946 753 996 825 qui
1051 754 1132 822 ojus;
1149 758 1177 808 et
1194 754 1317 809 candida
1333 755 1374 808 illi
1399 755 1574 810 vestimenta
1595 754 1731 828 deinceps
1746 757 1873 814 reddun-

174 858 235 898 noa
249 841 513 914 coinquinaverunt
541 841 598 913 [At.
629 840 892 914 coinquinaverint]
908 841 998 898 vesti·
1050 845 1108 898 tur.
1125 843 1313 914 Supertluum
1329 848 1374 899 est
1396 844 1432 899 ds
1455 843 1553 916 Moyse
1574 847 1603 898 et
1625 847 1722 899 Aaron
1737 845 1873 915 scrihere,

172 934 270 986 menta
285 947 346 995 sua,
363 936 393 987 et
409 931 588 988 ambulaturi
612 935 683 987 sunt
707 929 760 1004 [At.
786 930 856 1001 sint]
881 945 947 985 cum
963 943 996 984 eo
1051 931 1128 1002 quod
1145 930 1181 985 ad
1197 947 1305 1003 aquam
1321 931 1562 987 contradictionis
1581 931 1755 988 offenderint
1769 933 1872 1002 Deum,

171 1019 200 1074 in
230 1017 313 1086 albis,
343 1018 413 1092 quia
441 1019 521 1091 digni
552 1023 632 1076 sunt.
662 1018 715 1074 Cui
739 1023 836 1074 autem
856 1018 928 1074 dicit
942 1017 995 1089 [At.
1051 1023 1080 1074 et
1107 1023 1215 1074 terram
1246 1019 1482 1091 repromissionis
1512 1036 1569 1075 non
1595 1019 1784 1077 intraverint:
1805 1037 1873 1079 cum
1962 1084 1968 1090 ,

167 1106 302 1180 scribitl:
324 1107 456 1163 ltcmeato
480 1108 553 1164 uada
575 1107 712 1164 cecideris.
738 1107 783 1175 Et,
807 1108 876 1162 dccc
897 1109 996 1161 missa·
1051 1105 1154 1163 heatus
1168 1107 1224 1163 ioh
1240 1107 1358 1180 angelos
1374 1125 1490 1180 queque
1515 1113 1544 1164 et
1569 1123 1686 1166 omnem
1708 1115 1873 1168 creaturam

153 1211 211 1250 rus
227 1195 457 1252 estdiabotuseec
475 1197 551 1252 nobis
575 1199 775 1260 incurrerem,
800 1203 829 1250 at
854 1195 998 1250 tristemini
1049 1211 1168 1268 peccare
1196 1212 1282 1268 posse
1309 1202 1528 1263 commemoret,
1559 1198 1676 1254 dicens:
1693 1199 1764 1267 Quid
1786 1201 1873 1270 enim,

165 1284 246 1356 (laia.
279 1283 334 1354 10.)
364 1284 407 1352 m,
437 1285 500 1341 Scio
527 1285 577 1340 abi
612 1284 730 1350 habitas,
767 1284 816 1339 abi
850 1283 924 1339 sedas
956 1286 997 1338 est
1048 1283 1174 1356 nunquid
1202 1285 1407 1342 homo¹coraav
1435 1287 1487 1341 Deo
1515 1287 1634 1342 mundas
1663 1286 1730 1343 est?
1761 1289 1815 1345 Aut
1842 1290 1872 1345 ia

164 1372 277 1429 mmnae
316 1373 398 1445 (thid.
427 1374 483 1446 13.)
512 1374 557 1442 Εἰ,
584 1375 614 1429 la
652 1377 742 1429 mente
779 1373 850 1428 habe
877 1373 997 1443 penaliter
1048 1373 1443 1443 operibassaissinemncuta
1458 1371 1565 1430 cirisi
1582 1381 1676 1431 contra
1694 1391 1784 1432 seruos
1809 1391 1873 1433 suos

163 1465 317 1534 acoeperis,
332 1468 358 1517 et
371 1461 505 1533 audieris,
526 1471 552 1518 et
575 1478 664 1531 nemra,
690 1467 715 1517 et
734 1463 925 1534 paenitentiam
946 1477 997 1532 ape
1048 1476 1102 1516 noa
1128 1460 1225 1526 credit,
1244 1463 1269 1516 et
1288 1460 1433 1517 aduersum
1454 1447 1565 1533 capetos
1586 1477 1649 1518 suos
1668 1479 1786 1535 pravum
1806 1465 1873 1536 qaid

164 1549 247 1622 libid.
266 1566 308 1615 ar,
324 1550 367 1622 3,)
379 1555 408 1606 et
423 1549 536 1622 reliqua
552 1552 654 1621 utique
668 1549 693 1606 ei
709 1550 781 1606 dicit
795 1549 846 1622 qui
861 1549 995 1617 credidit,
1048 1551 1169 1620 reperit;
1186 1557 1286 1623 pacato
1301 1551 1392 1618 mayis
1412 1549 1567 1606 habitantes
1590 1553 1621 1606 ia
1641 1550 1766 1608 domibus
1790 1553 1873 1610 luteis

163 1643 190 1695 ct
215 1638 385 1712 baptizatus
407 1644 462 1704 est,
483 1643 511 1694 et
536 1643 616 1695 stant
640 1639 800 1710 quondam,
817 1637 928 1693 corruit
944 1653 995 1710 per
1049 1637 1118 1708 (iot.
1134 1656 1173 1706 vr,
1190 1639 1222 1692 17
1238 1641 1264 1694 et
1277 1638 1381 1710 ampl!
1399 1639 1434 1694 de
1452 1638 1561 1710 quihus
1585 1644 1614 1695 et
1634 1656 1687 1697 nos
1711 1658 1746 1698 cx
1768 1642 1872 1699 codem

149 1727 318 1783 delictum.
1051 1727 1113 1782 luto
1130 1729 1251 1783 sumusl
1270 1729 1384 1784 tentatio
1398 1736 1437 1784 est
1455 1729 1515 1783 vitu
1526 1727 1647 1785 hominia
1668 1745 1751 1802 saper
1769 1734 1873 1786 terram

193 1817 224 1872 l.
257 1817 355 1873 timaee
392 1823 464 1872 retro
496 1818 587 1872 sandi
623 1815 743 1884 ejusdem
778 1816 883 1882 aseriti,
916 1815 994 1886 majas
1048 1816 1117 1887 (lob.
1132 1833 1182 1882 va,
1214 1815 1249 1887 l).
1277 1816 1311 1870 llt
1332 1816 1437 1872 cecidit
1466 1815 1589 1882 Lucifer,
1601 1819 1651 1889 qui
1680 1817 1814 1875 mittebat
1834 1819 1872 1876 ad

160 1921 239 1961 aune
262 1905 426 1960 Christiani.
454 1905 583 1962 Salomon
608 1921 703 1960 amore
724 1906 874 1960 mulierum
897 1921 914 1960 a
939 1905 992 1959 ileo
1047 1904 1199 1960 universas
1226 1903 1369 1960 nationes.
1386 1905 1420 1960 m
1443 1903 1492 1960 ille
1518 1905 1567 1978 qui
1593 1905 1622 1960 iu
1648 1906 1784 1978 paradiso
1799 1905 1872 1962 deli·

162 1994 300 2050 diacessit.
327 1995 404 2050 iesus
431 1991 557 2050 Iosedech
582 1998 663 2065 typus
702 1992 862 2049 Saloutaria.
895 1993 993 2062 Anpeti
1046 1993 1156 2048 ciarum
1175 1993 1250 2048 inter
1264 1992 1417 2049 duodecim
1434 1991 1563 2049 nutritus
1578 1998 1623 2049 est
1637 1993 1759 2066 lapides,
1770 1994 1872 2052 vulne·

164 2085 282 2155 possunt
295 2085 416 2154 recipere
428 2085 580 2153 peccatam.
605 2113 640 2122 -
664 2081 815 2153 Paulisper
836 2082 872 2137 de
896 2081 991 2137 Veteri
1047 2085 1128 2137 ratus
1144 2099 1161 2136 a
1177 2085 1275 2137 nronte
1292 2081 1418 2147 bomini,
1434 2081 1471 2136 ud
1487 2081 1600 2138 interna
1614 2082 1773 2139 descendit.
1790 2083 1872 2141 Unde

168 2171 354 2226 Testamenta
369 2168 503 2242 exempla
519 2169 710 2238 distuleram
727 2170 796 2242 quia
816 2169 911 2227 solent
925 2170 992 2225 uhi·
1046 2175 1075 2226 et
1089 2170 1220 2226 Salvator
1236 2169 1264 2224 in
1292 2169 1465 2242 Evangelio:
1499 2171 1637 2238 Videbam,
1666 2171 1773 2244 inquit,
1791 2173 1872 2231 Sato-

168 2264 412 2331 cumquecontra
427 2275 477 2315 eos
492 2258 570 2325 iacit,
587 2259 701 2315 dicere:
724 2261 781 2314 Lea
803 2261 828 2313 et
852 2261 992 2331 Propheta
1045 2275 1116 2314 nam
1138 2259 1219 2331 quasi
1237 2258 1331 2328 tutpur
1353 2258 1385 2312 de
1414 2259 1480 2314 coeto
1502 2258 1642 2315 cadentem
1664 2259 1740 2330 (tric.
1763 2279 1791 2330 x,
1814 2262 1871 2336 l8.)

164 2364 253 2421 esque
278 2348 314 2402 od
341 2349 475 2405 ioannem
503 2348 609 2421 (ltatth.
626 2365 665 2415 xr,
689 2348 746 2418 13.)
767 2347 908 2402 (laterum
924 2347 991 2418 quis
1047 2347 1077 2402 Si
1098 2346 1244 2402 altissima
1266 2344 1317 2401 illa
1342 2345 1508 2402 sublimitas
1531 2347 1646 2412 cecidit,
1671 2349 1739 2421 quis
1767 2348 1871 2407 cadere

161 2437 283 2511 ignerat
310 2437 366 2492 suh
392 2436 484 2492 altera
510 2435 565 2510 [At.
596 2435 664 2506 alta]
693 2435 910 2509 dispensatione
929 2435 991 2504 Dei,
1047 2436 1275 2508 nonpossit‘lSi
1304 2435 1334 2491 in
1358 2434 1431 2492 cmlo
1457 2435 1559 2505 ruinae,
1590 2441 1699 2509 quanto
1729 2439 1823 2511 magis
1839 2439 1870 2495 in

162 2541 270 2582 omnes
289 2525 646 2595 retnrsanctosejusdem
663 2524 754 2580 luisse
778 2522 885 2588 meriti,
907 2523 993 2593 cujus
1046 2524 1147 2580 terra‘t
1170 2525 1203 2579 Et
1223 2528 1317 2581 tanuen
1342 2541 1404 2580 arm
1428 2525 1556 2580 ceciderit
1577 2526 1686 2597 Lucifer
1704 2526 1772 2598 (imo
1802 2531 1870 2600 post

161 2631 243 2671 nunc
274 2613 432 2670 Christiani
461 2613 555 2670 sunt?
584 2613 734 2680 Quomodo
758 2617 825 2668 ante
845 2612 991 2668 Abraham
1047 2629 1149 2669 casum
1174 2613 1294 2670 coluber
1322 2613 1486 2686 antiquus)
1508 2615 1596 2671 virtus
1615 2615 1695 2687 ejim⁸
1715 2616 1747 2670 ia
1770 2614 1872 2673 tumbis

161 2703 278 2777 placuit
293 2702 323 2757 in
339 2701 496 2774 coujugio;
514 2701 555 2758 sia
580 2717 658 2757 nunc
682 2701 809 2773 virgines
833 2699 949 2773 placent
963 2699 992 2754 in
1046 2703 1114 2773 ejas,
1136 2709 1160 2757 et
1180 2705 1296 2773 potestas
1317 2703 1376 2774 ejas
1395 2717 1477 2774 saper
1498 2703 1663 2758 umbilicum
1680 2705 1791 2760 ventam.
1818 2703 1872 2760 ab·

160 2795 312 2865 perpetua
341 2791 482 2846 castitate.
512 2789 634 2846 Servivit
661 2789 710 2845 illo
736 2788 793 2862 legi
822 2793 850 2845 ct
868 2788 992 2862 tempori
1047 2791 1212 2847 umbrantur
1229 2793 1257 2846 in
1289 2807 1319 2847 eo
1341 2791 1451 2847 arborea
1474 2808 1592 2862 saepae,
1615 2795 1641 2848 et
1665 2792 1872 2865 dormitionis

160 2897 220 2937 suc
235 2899 243 2950 ;
260 2879 428 2936 servimus
443 2881 450 2914 ¹
464 2883 492 2936 et
507 2895 560 2935 nos
575 2877 730 2952 Evangelio
753 2882 782 2933 ot
805 2878 929 2949 tempori
944 2893 994 2933 no·
1042 2882 1159 2952 juneo-m
1177 2884 1202 2934 et
1226 2880 1364 2935 achimam
1388 2886 1414 2936 et
1431 2881 1550 2936 caricem
1573 2881 1641 2952 (iob.
1664 2898 1693 2948 x,
1720 2882 1754 2936 10
1773 2884 1869 2954 seqq).

160 2973 238 3037 stro,
254 2967 287 3023 in
303 2983 379 3039 quos
395 2967 468 3023 lines
489 2966 662 3023 saeculorum
688 2966 880 3022 decurrerant
893 2967 916 3036 (l
931 2964 990 3021 Cor.
1046 2971 1108 3039 lpse
1121 2971 1160 3024 est
1188 2984 1238 3024 rea
1266 2971 1389 3024 omnium
1405 2985 1464 3041 aaa
1489 2971 1518 3025 in
1537 2971 1619 3040 aquis
1639 2977 1704 3025 sant
1720 2969 1784 3040 (iob
1811 2985 1868 3027 aar.

159 3075 190 3124 x,
208 3055 269 3128 11.)
286 3055 378 3112 David
398 3055 507 3112 electus
521 3055 684 3112 secundum
699 3071 749 3110 cor
763 3053 879 3110 Domini
895 3056 919 3126 (l
928 3055 991 3124 liey.
1046 3057 1110 3128 23):
1128 3055 1177 3112 uhi
1193 3055 1304 3112 scilicet
1327 3056 1462 3128 voluptas
1479 3061 1508 3113 ct
1526 3055 1652 3125 luxuria,
1673 3062 1702 3113 et
1729 3073 1869 3131 propago,

161 3147 241 3218 naq)
256 3145 308 3218 qui
323 3159 426 3202 omues
440 3147 504 3216 ejus
528 3145 635 3200 iecerat
657 3143 831 3212 voluntates,
852 3143 946 3214 etqui
962 3143 991 3198 in
1047 3148 1076 3202 et
1088 3143 1219 3217 irrigatio
1243 3145 1422 3217 nuptiarum.
1453 3147 1519 3214 Quis
1546 3147 1623 3201 enim
1650 3145 1799 3203 denudabit
1826 3147 1871 3218 fu·

163 3234 299 3308 quodam
316 3232 430 3306 psalmo
446 3233 575 3310 dixerat:
600 3231 696 3289 tmlica
711 3247 765 3298 me,
788 3232 912 3298 bomine,
929 3247 994 3302 qao·
1010 3214 1031 3281 G
1047 3235 1116 3290 ciem
1129 3234 1242 3289 vestitas
1257 3234 1332 3291 829
1346 3234 1430 3304 ejas?
1450 3235 1483 3290 dt
1502 3241 1595 3306 portas
1619 3234 1712 3290 cattas
1731 3235 1789 3306 ejus
1808 3235 1870 3308 quis

163 3327 245 3379 aiam
260 3337 308 3394 epo
336 3323 366 3377 in
381 3323 540 3378 innocentio
567 3336 628 3376 mea
653 3321 793 3390 inpressas
818 3335 889 3387 sum,
914 3322 939 3375 et
962 3321 993 3374 in
1046 3324 1171 3394 aperiet?
1184 3321 1354 3393 Sapiaaatar
1382 3323 1412 3378 in
1437 3338 1468 3379 eo
1496 3324 1648 3388 nationem,
1664 3326 1691 3379 et
1709 3324 1872 3396 partiantur

164 3413 283 3468 Domino
304 3426 419 3483 sperans
441 3425 498 3466 non
522 3410 695 3480 infirmabor.
718 3409 806 3464 Proba
820 3425 874 3474 me,
899 3408 992 3464 Derai-
1046 3427 1108 3466 eum
1136 3408 1296 3466 Phanoteam
1322 3413 1412 3479 pentes
1446 3410 1525 3482 (lbid.
1552 3413 1608 3467 2et
1634 3414 1730 3484 seqq).
1759 3413 1800 3467 Ac
1832 3429 1870 3469 ne

164 3517 213 3571 ne,
243 3504 269 3555 et
297 3507 373 3556 tenta
403 3501 459 3567 hie,
493 3515 544 3554 are
578 3515 657 3555 rencs
686 3497 764 3555 828
794 3512 866 3553 meos
895 3505 922 3553 et
947 3513 994 3552 cor
1047 3499 1168 3554 forsitan
1184 3497 1270 3555 tacite
1289 3497 1412 3572 legentis
1435 3498 1573 3572 cogitatio
1598 3503 1725 3572 putaret,
1741 3505 1873 3557 eastan-

168 3589 412 3660 meamtrmxv,
432 3587 512 3659 1,2,)
543 3591 642 3660 postea
671 3590 800 3642 tentatur
825 3602 842 3641 a
866 3584 993 3653 diabolo,
1047 3591 1109 3643 tum
1127 3587 1296 3644 thnicum
1311 3592 1413 3660 gentes
1441 3593 1469 3643 et
1500 3587 1623 3660 populos
1645 3589 1872 3662 AEthiopumsi-

170 3680 202 3732 et
217 3681 284 3748 post
297 3683 447 3748 peccatum
467 3675 613 3748 poecitons
628 3675 776 3747 loquitur:
793 3675 993 3742 llisereremei,
1047 3675 1190 3749 gnitlcari,
1206 3675 1315 3748 quihus
1330 3677 1417 3732 draco
1433 3675 1462 3730 in
1478 3690 1575 3732 cecam
1600 3676 1687 3732 datus
1706 3676 1756 3744 sit,
1772 3677 1872 3732 statim

165 3767 252 3833 Deae,
302 3765 452 3821 secundam
490 3781 620 3836 acapnum
658 3763 878 3819 misericordiam
918 3771 995 3819 tuam
1048 3763 1084 3820 ds
1098 3763 1145 3820 his
1160 3765 1209 3836 qui
1227 3780 1278 3835 per
1304 3780 1385 3819 mare
1410 3762 1501 3835 hujus
1525 3763 1623 3820 saculi
1647 3767 1802 3820 transcunt
1817 3764 1872 3836 [a.

165 3853 256 3926 (Pani.
273 3871 299 3922 a,
316 3856 355 3920 1.)
375 3857 511 3926 Magnum
527 3858 679 3926 peccatum
705 3867 812 3926 magna
831 3851 918 3908 deleri
934 3850 997 3906 vult
1049 3852 1250 3919 transieruntl,
1265 3852 1344 3911 etad
1361 3858 1478 3925 portum
1501 3850 1604 3908 salutis
1625 3853 1775 3925 pervenire
1792 3852 1875 3910 lesti-

167 3942 383 4000 misericordia.
410 3941 556 4008 Salomon,
582 3939 716 3996 amabilis
744 3939 872 4006 Domini,
897 3945 926 3996 et
949 3939 995 3995 cui
1051 3944 1131 4006 nant,
1149 3938 1307 3995 dicitur:⁵
1335 3942 1368 3995 Et
1397 3942 1425 3995 ia
1453 3940 1570 3997 nauibus
1593 3943 1761 4013 piscatorum
1791 3945 1875 4014 eaput

167 4027 688 4100 hisDeusiueratrevelatus;quia
712 4032 824 4084 amator
839 4028 995 4084 mulierum
1049 4029 1108 4101 ejas
1135 4029 1188 4083 stat
1211 4029 1290 4083 incus
1315 4027 1365 4094 [rt.
1395 4028 1505 4098 incudo]
1534 4029 1720 4098 inimicabilia
1739 4045 1746 4085 :
1767 4031 1876 4102 reputat

166 4119 234 4187 fuit,
250 4136 269 4176 a
283 4117 338 4176 Dei
355 4117 772 4174 amorcdiscessit.ldanasssu
784 4116 997 4189 impiissimam
1049 4120 1155 4189 serrum
1174 4121 1206 4170 ut
1217 4116 1324 4188 pateas,
1350 4121 1377 4172 et
1401 4118 1471 4172 sicut
1486 4118 1595 4188 liparem
1617 4120 1698 4188 putre
1712 4117 1766 4189 (dt.
1785 4119 1875 4190 putri·

165 4225 266 4282 regem
279 4206 560 4281 postcaptivitatem
572 4205 788 4280 Babylonicum,
801 4205 997 4278 inpristinam
1050 4206 1127 4278 dum)
1148 4221 1195 4260 aes.
1217 4205 1249 4260 Et
1270 4219 1349 4260 omne
1370 4221 1469 4260 aarum
1490 4206 1577 4260 maris
1597 4205 1647 4260 sab
1663 4221 1702 4271 eo,
1731 4207 1804 4260 sicut
1831 4205 1877 4262 tu·

168 4298 345 4370 dignitatem
360 4295 445 4352 Liber
455 4295 571 4352 illerum
583 4295 816 4367 (Paralipomena)
827 4295 997 4350 restitutum
1052 4299 1121 4350 tom.
1148 4298 1306 4350 Feruescere
1324 4293 1397 4364 facit
1423 4295 1562 4365 abyssum,
1586 4293 1656 4350 sicut
1680 4309 1727 4349 aas
1747 4309 1875 4350 cneum:

171 4385 269 4440 retem.
284 4385 321 4441 Et
335 4384 351 4440 J
355 4385 433 4440 osias
446 4383 490 4440 vir
504 4388 635 4450 sanctas,
657 4381 688 4437 in
711 4398 812 4454 campo
827 4382 947 4454 Magada
962 4380 999 4438 ab
1051 4384 1174 4440 aestimat
1188 4397 1266 4436 mare
1280 4381 1367 4436 sicat⁰
1386 4379 1519 4448 deletum,
1534 4387 1561 4436 et
1577 4385 1714 4437 tartarum
1737 4381 1829 4453 abyssi
1847 4383 1878 4438 ut

169 4474 393 4548 AEgyptiorege
409 4473 584 4529 confoditur.
606 4471 694 4528 Jcsus
717 4487 835 4542 quoque
856 4471 999 4526 flliusJo-
1052 4473 1200 4542 captiuam.
1227 4471 1313 4525 timae
1335 4469 1425 4525 attam
1459 4469 1531 4525 videt
1558 4469 1637 4540 (lbid.
1670 4470 1703 4524 t8
1729 4470 1825 4542 seqq).
1845 4469 1878 4525 lit

167 4561 289 4631 sedech,
312 4560 452 4617 sacerdos
489 4577 624 4634 magnus,
664 4575 833 4631 quanquam
864 4560 893 4614 in
931 4558 1214 4646 typoDarbitratur
1227 4556 1400 4613 ,Iovinianus
1415 4573 1498 4613 meus
1525 4557 1608 4614 tacite
1630 4557 1685 4614 sihi
1709 4573 1775 4614 eum
1792 4573 1878 4630 posse

165 4649 322 4724 praecessit
337 4647 508 4719 salvatoris,
524 4649 574 4722 qui
600 4652 701 4705 nostre
725 4651 843 4720 peccata
860 4647 996 4720 portavit,
1054 4646 1253 4702 succumbere.
1283 4645 1357 4709 Ouid
1385 4644 1489 4718 loquar
1512 4647 1547 4702 de
1576 4646 1685 4703 sanctis
1703 4639 1879 4703 viris'etde

206 4808 523 4865 ¹casenatcnsiscum
548 4805 719 4870 Veronensi,
742 4807 892 4862 serviamus
912 4811 1000 4864 ctaos
1089 4806 1323 4861 ⁸Etinaanibus
1340 4807 1519 4877 piscatorum.
1549 4808 1590 4863 Ex
1618 4807 1672 4862 hoc
1699 4804 1773 4873 loco,
1790 4820 1879 4876 quem

168 4883 227 4952 teci
237 4885 267 4936 et
279 4881 399 4951 tempori
412 4885 514 4937 nadre.
1055 4875 1175 4950 replicat
1186 4882 1398 4948 consequenter
1411 4877 1616 4950 Hieronymus,
1632 4876 1707 4933 scire
1718 4891 1879 4948 possumus

206 4952 411 5007 ’Veronensis
426 4967 518 5008 corum
546 4951 663 5008 Domino
687 4950 809 5004 mundas
823 4951 873 5017 est,
898 4957 946 5006 aaut
966 4949 1000 5004 ab
1055 4952 1166 5030 quanta
1182 4948 1289 5030 tuerint
1304 4948 1500 5018 praetermissa
1513 4947 1544 5002 in
1565 4947 1644 5028 libro,
1662 4946 1717 5003 ioh
1729 4947 1815 5030 juxta
1828 4951 1877 5030 Se-

171 5022 468 5158 mamam&
482 5101 521 5150 est
536 5109 588 5166 pro
602 5093 670 5166 ejus.
1055 5023 1220 5158 ξὲιξῗξιιιῗῐὶῃᾶ
1234 5018 1880 5172 ghtcgllvsilrlrlaarlrlr]gibfitontlllrfencgffipffigssrtrfflis,

208 5165 376 5237 ‘Expungo
396 5164 442 5221 hic
457 5180 556 5221 vocem
572 5165 740 5234 AEthiopam,
766 5176 855 5232 quam
871 5161 1003 5216 subdant
1057 5163 1106 5219 uhi
1123 5179 1176 5217 suo
1192 5160 1255 5216 loco
1270 5160 1367 5215 editus
1382 5167 1426 5215 est
1442 5159 1513 5215 liher
1527 5157 1582 5214 Joh
1606 5175 1672 5215 cum
1689 5165 1838 5216 asteriscis
1850 5163 1881 5216 et

171 5239 330 5307 hucusque
345 5235 436 5303 editi;
453 5235 481 5291 in
498 5253 569 5292 mss.
595 5251 661 5290 vero
687 5231 786 5298 nullis,
807 5247 902 5303 neque
915 5233 1001 5288 veteri
1056 5233 1159 5291 obelis.
1649 5235 1790 5287 Macrian.

170 5306 619 5378 editioncinvenitur‚eamque
647 5322 699 5361 nec
728 5304 866 5360 llehraeus
895 5307 1001 5371 textus,
1092 5295 1564 5428 ⁸Gracscstiicilcmapcqgucd
1582 5305 1627 5357 cst
1650 5301 1880 5374 unguentariam

172 5377 417 5436 necvcrsicnlla
437 5379 556 5451 recipit;
580 5378 638 5432 imo
658 5373 764 5432 ncilla
789 5374 907 5447 quidem
927 5373 1003 5430 anti·
1056 5393 1118 5439 vas,
1139 5374 1264 5430 testibus
1289 5370 1406 5427 Polluce
1434 5376 1463 5428 ct
1513 5373 1602 5428 uida:
1652 5372 1881 5429 uemadmodum

170 5467 246 5524 qua,
263 5465 353 5521 quam
377 5465 445 5504 cum
469 5447 561 5505 chelis
583 5453 613 5504 et
637 5445 784 5504 asteriscis
809 5445 1003 5518 Hieronymus
1058 5452 1087 5503 et
1101 5446 1149 5502 alii
1167 5445 1339 5515 interpretes
1352 5447 1439 5514 atque
1454 5443 1625 5515 ipseinnuit
1668 5445 1835 5518 leronymus
1849 5444 1880 5499 in

171 5521 430 5592 edidit,etquam
452 5536 544 5592 opera
561 5519 686 5593 pretium
711 5517 766 5572 erit
791 5517 921 5572 conterre
936 5531 1002 5572 cum
1058 5518 1190 5572 versione
1214 5531 1248 5569 cx
1275 5513 1403 5570 Hebraeo.
1434 5513 1489 5570 Scd
1518 5520 1601 5570 vetus
1631 5516 1752 5572 latinus
1790 5515 1880 5570 inter·

171 5593 421 5652 hisceextlraco
434 5591 620 5649 testimoniis.
637 5590 701 5646 hlox
717 5587 849 5656 Gravius,
863 5604 915 5664 pro
925 5589 1004 5646 datas
1055 5605 1126 5724 pres
1150 5585 1227 5642 sacili
1252 5584 1402 5641 oculorum
1426 5582 1512 5659 lapsu
1539 5585 1619 5660 legit,
1645 5583 1810 5658 ἐξάλειπτον,
1834 5584 1881 5646 de·

167 5666 227 5764 sit,
243 5662 316 5746 tegit
330 5662 438 5723 danim
449 5672 497 5722 ea.
1070 5667 1153 5736 etym,
1170 5658 1207 5718 ah
1222 5651 1364 5750 ἐξαλείφω.
