4108 6174
137 241 217 315 usu
655 223 864 319 arconem
884 225 936 316 ux
958 249 1159 316 senuaar.
1183 253 1222 314 ιιι
1244 251 1327 316 reo.
1758 217 1839 318 'ists

139 385 179 442 sit
194 387 224 442 ct
238 383 323 458 quasi
338 383 368 440 ln
394 377 472 442 nube
486 385 581 444 latens
597 403 649 460 per
672 385 827 460 caliginem
839 387 961 460 judicet.
978 386 1003 453 Α
1019 387 1100 444 Sicut
1124 389 1299 443 vestimentu
1323 401 1440 458 eorpus,
1470 385 1512 444 sic
1535 385 1612 443 hona
1637 403 1723 460 opcra
1747 393 1841 460 prote·

139 475 216 546 Ideo,
246 473 323 548 quod
360 473 438 531 inter
465 491 519 532 nos
555 479 584 532 et
617 475 723 532 coelum
751 476 836 534 aeriae
865 479 961 547 parles
1020 481 1094 548 gunt
1118 477 1257 533 animam.
1275 473 1406 531 Haeretici
1430 474 1621 549 itaquc,cum
1645 477 1842 548 quorumdam

138 567 217 634 sunt,
234 567 271 633 et,
287 563 489 636 superioribus
508 565 649 636 intentus,
666 563 765 620 minus
781 564 877 620 videat
891 563 961 632 ima,
1021 567 1096 623 bonu
1117 583 1205 640 opera
1229 566 1394 637 destruunt,
1410 565 1583 622 vestimenta
1610 565 1723 621 tollunt.
1741 566 1844 635 Quibus

136 649 181 710 vel
196 651 329 708 ambiens
345 651 479 710 cardines
494 651 569 726 cosli,
586 651 723 710 interiora
743 669 800 710 non
816 651 962 726 respiciat.
1018 673 1073 712 nan
1097 663 1136 712 est
1158 657 1355 728 operimentum
1375 656 1404 709 in
1428 655 1542 726 [ripere.
1559 654 1777 726 operimentum
1807 655 1844 710 ad

382 741 653 815 acceptastis,
671 741 714 798 16.
1017 745 1165 817 justitiam
1189 744 1326 818 pertinet,
1351 743 1444 816 frigus
1471 744 1507 799 ad
1536 743 1663 816 culpam.
1690 744 1773 816 Alget
1800 760 1845 800 er·

172 829 306 902 liubanici
332 833 456 887 semitam
492 833 656 890 sacculorum
683 831 820 889 ctutodire
852 831 967 903 cupis?
1020 851 1067 909 gc,
1097 838 1126 892 et
1153 835 1272 909 tegitur,
1303 833 1355 904 qui
1382 850 1417 888 ex
1445 831 1501 889 alio
1531 849 1617 904 opere
1650 831 1783 889 fervescit
1809 833 1847 889 ad

137 918 221 976 Sicut
248 918 354 976 semita
382 919 576 993 redemptoris
600 920 773 992 humilitas,
798 921 838 976 ita
862 920 967 978 semita
1017 923 1176 994 justitiam,
1200 940 1234 978 cx
1257 921 1313 978 alio
1340 922 1470 994 frigescit
1495 922 1532 977 ad
1556 921 1684 993 culpam.
1700 921 1755 978 Sed
1781 934 1848 977 cum
1909 929 1913 941 ·

138 1005 311 1065 seculorum
338 1009 487 1081 superbis.
511 1009 805 1081 Seculorumltuque
829 1009 967 1065 semitam
1021 1012 1148 1070 haeretici
1177 1011 1286 1068 talibus
1315 1012 1391 1067 bona
1426 1027 1513 1083 opera
1540 1011 1730 1080 subtrahunt,
1759 1013 1852 1084 agunt

136 1095 192 1152 virl
209 1095 302 1170 iniqui
327 1095 452 1169 calcont,
468 1098 538 1170 quia
564 1116 615 1172 per
628 1097 718 1170 hujus
741 1099 806 1154 vite
822 1098 969 1155 desideria
1022 1117 1058 1157 ne
1095 1101 1125 1156 in
1163 1099 1269 1172 trigone
1303 1099 1431 1155 habeant
1460 1099 1536 1153 nude
1571 1097 1743 1153 vestiantur.
1780 1097 1850 1166 Quos

137 1175 169 1240 in
196 1183 322 1242 elatione
355 1182 572 1258 perambulant.
602 1187 656 1256 Qui
684 1188 790 1243 subiate
815 1197 879 1243 sunt
905 1191 969 1243 anie
1022 1189 1124 1246 imbres
1153 1190 1288 1244 montium
1311 1190 1412 1260 rz'parrt,
1441 1187 1469 1242 id
1494 1190 1548 1252 est,
1576 1186 1687 1243 lluenta
1710 1185 1849 1259 praedica-

138 1274 413 1346 tempussuum,qui
435 1279 607 1348 presentem
634 1275 723 1331 vitem
749 1273 968 1349 diligunt,lon-
1022 1283 1117 1334 torum
1156 1281 1282 1334 socrant.
1311 1278 1343 1332 Et
1380 1291 1433 1332 non
1464 1275 1591 1332 liobcntes
1622 1275 1756 1343 uelamen,
1785 1291 1849 1330 am·

137 1361 220 1436 glore
245 1362 302 1418 sihi
327 1362 423 1436 spatia
448 1363 580 1436 ejusdem
606 1364 669 1419 rita
694 1365 881 1437 promittunt.
911 1365 967 1421 Sed
1020 1369 1170 1440 placantur
1194 1365 1309 1438 lapides.
1342 1365 1414 1419 Dicit
1438 1363 1525 1420 fortes
1549 1363 1577 1419 in
1604 1361 1734 1420 Ecclesia
1758 1363 1847 1434 viros,

139 1469 208 1508 cum
223 1467 273 1508 eos
289 1453 497 1524 superveniens
514 1469 593 1510 mors
616 1452 772 1524 subtrahit,
789 1469 889 1508 corum
905 1454 968 1508 vitro
1024 1461 1056 1511 ut
1075 1461 1229 1528 martyres.
1246 1454 1298 1520 Qui
1323 1453 1424 1525 itaque
1448 1453 1483 1509 de
1498 1451 1579 1508 nullo
1605 1468 1691 1524 opere
1706 1468 1759 1508 suo
1783 1468 1849 1508 con·

138 1541 243 1613 spatie,
260 1557 324 1612 que
349 1540 379 1597 in
400 1543 577 1613 cogitatione
601 1543 793 1612 tetenderant,
810 1541 967 1598 intercidit.
1024 1545 1127 1610 fidunt,
1145 1545 1195 1600 scd
1211 1543 1247 1598 ad
1268 1547 1436 1598 sanctorum
1461 1545 1622 1613 martyrum
1638 1541 1848 1613 protectionem

138 1631 172 1685 st
209 1630 312 1699 fluuius
340 1631 471 1686 subuertit
509 1631 701 1702 pedamentum
727 1647 830 1686 cornui.
862 1629 967 1702 Iniqui,
1024 1634 1133 1688 orando
1157 1635 1289 1698 currunt,
1307 1630 1377 1702 quid
1403 1630 1452 1684 isti
1480 1629 1600 1698 iaciunt,
1617 1629 1674 1684 nisi
1691 1629 1741 1701 qui
1766 1629 1848 1684 bonae

139 1718 209 1774 dum
225 1719 382 1791 praeseutia
397 1719 519 1792 fugitiva
542 1736 679 1776 essenon
707 1718 867 1786 intuentur,
885 1735 967 1774 men·
1023 1722 1148 1778 actionis
1163 1719 1294 1776 velamen
1311 1736 1368 1774 nun
1393 1718 1503 1773 habent
1517 1718 1527 1751 ³
1542 1715 1654 1788 lapides
1679 1717 1849 1790 amplexan-

137 1809 198 1866 tem
222 1807 253 1862 in
277 1823 376 1864 amore
401 1809 553 1881 praesentis
578 1809 641 1864 vitae
668 1807 805 1880 inllgunt,
832 1811 860 1864 et
883 1807 967 1880 quasi
1022 1817 1079 1866 tur.
1112 1812 1169 1867 Vim
1191 1812 1315 1882 secarunt
1337 1807 1524 1880 depredantes
1544 1807 1676 1878 pupillos,
1693 1809 1719 1861 et
1740 1806 1851 1878 tramam

136 1893 231 1968 longae
255 1895 445 1953 habitationis
473 1897 500 1952 in
526 1914 559 1954 ca
575 1897 632 1952 sihi
657 1895 882 1968 fundamentum
898 1913 966 1952 con·
1019 1917 1168 1972 pauperem
1190 1897 1386 1971 spoliaverunt.
1409 1895 1539 1951 Haeretici
1565 1895 1767 1966 depraedantes
1791 1895 1850 1950 vim

139 1981 965 2053 struunt.Sedssrrviussubvcrtittundamentumcorum3
1022 1988 1132 2044 iaciunt
1155 1988 1224 2060 quia
1249 1987 1302 2058 [lt.
1326 1986 1400 2056 qtae]
1425 1988 1527 2040 contra
1553 1983 1686 2038 infirmos
1716 1981 1846 2040 fidolium

139 2072 212 2146 quia
226 2073 288 2146 ipse
304 2089 409 2130 cursus
419 2074 627 2130 mutabilitatis
638 2077 748 2130 statum
764 2074 828 2143 ejus
844 2075 943 2130 subrui
957 2073 964 2108 ¹
1021 2079 1134 2134 mentes
1148 2077 1302 2132 vorborum
1319 2079 1347 2130 ει
1370 2089 1490 2145 operum
1506 2071 1644 2126 violentia
1659 2075 1844 2144 grossantur.

138 2177 234 2234 prava
250 2161 488 2219 constructionis.
1020 2165 1147 2238 Vulgum
1167 2179 1324 2237 pauperum
1342 2161 1479 2234 spoliant,
1495 2160 1575 2232 quia.
1591 2160 1661 2214 dum
1678 2159 1771 2215 doctis
1788 2165 1846 2214 noti

415 2250 455 2306 Ab
471 2251 536 2322 Cup.
551 2251 626 2319 llllll,
644 2255 685 2310 lb.
1021 2253 1185 2326 prevalent,
1216 2251 1348 2307 indoctos
1376 2267 1393 2304 a
1418 2247 1563 2304 velamine
1586 2247 1653 2302 lidei
1681 2245 1842 2304 denudant.

175 2341 228 2409 Qut
251 2339 356 2396 sublati
381 2344 445 2396 sunt
471 2343 537 2396 onte
562 2344 668 2413 tempos
692 2359 783 2398 saum.
809 2341 965 2398 Sciendum
1019 2344 1149 2400 liudiset
1172 2342 1361 2397 incedentibus
1375 2339 1476 2410 absque
1499 2339 1638 2392 restituet
1656 2336 1844 2393 esurientibus
1942 2363 1951 2374 ι

137 2429 219 2500 quod
245 2429 361 2486 ordinat
375 2431 386 2464 ¹
400 2445 493 2486 annos
517 2429 594 2486 Deus
605 2431 691 2502 juxta
715 2431 818 2488 merita
834 2429 965 2503 singulo·
1021 2433 1144 2488 traiciunt
1161 2432 1262 2503 spicas.
1279 2428 1333 2495 Qui
1358 2443 1410 2483 uec
1425 2428 1502 2483 bona
1526 2441 1579 2481 nec
1596 2425 1674 2481 mala
1697 2429 1846 2498 operatur,

140 2533 218 2589 rum,
234 2517 364 2590 disponit
387 2522 416 2574 ει
440 2515 610 2588 terminum,
628 2524 659 2575 ut
674 2525 703 2576 et
727 2519 823 2576 malus
843 2519 967 2575 breviter
1021 2521 1119 2576 nudus
1134 2523 1180 2576 cst
1193 2523 1223 2575 et
1243 2519 1374 2586 otiosus;
1389 2515 1440 2588 qui
1465 2511 1542 2588 mala
1557 2513 1627 2587 agit,
1645 2513 1742 2569 nudus
1768 2513 1846 2570 ince-

136 2606 229 2674 vivat,
248 2623 284 2663 ne
299 2605 434 2680 pluribus
451 2611 563 2675 noceat,
578 2606 621 2663 vel
641 2607 735 2664 honus
751 2609 862 2665 diutius
878 2609 964 2675 vitiat,
1020 2610 1080 2679 dit,
1090 2610 1159 2682 quia
1175 2609 1237 2664 sine
1252 2593 1479 2663 veluntins‘boni
1504 2603 1601 2676 operis
1616 2619 1667 2676 per
1683 2603 1738 2660 iter
1751 2601 1846 2676 pravi·

136 2700 172 2751 ut
196 2695 330 2768 pluribus
356 2695 645 2769 prosit3velrursus
672 2697 768 2754 malus
794 2698 966 2766 diutius‚ut
1024 2698 1093 2754 tatis
1129 2697 1238 2770 pergit.
1266 2694 1470 2752 Esuriantibus
1499 2697 1528 2749 ει
1565 2709 1617 2766 ρει
1645 2691 1846 2764 paenitentiam

139 2783 221 2842 malo
245 2790 360 2858 augeat,
377 2785 485 2857 quihus
509 2785 578 2842 boni
601 2787 773 2859 probentur,
797 2791 827 2843 et
850 2787 904 2860 [tr.
922 2789 965 2859 ut]
1021 2785 1160 2861 pabulum
1176 2785 1254 2843 verbi
1278 2782 1553 2857 concupiscentibus
1567 2783 1587 2852 ⁸,
1604 2780 1734 2837 heretici
1749 2779 1846 2854 spicas

137 2873 235 2930 honus
257 2872 343 2929 eitius
359 2873 554 2944 subtrahitur,
571 2892 607 2932 ne
631 2875 654 2930 si
671 2876 782 2932 diutius
798 2875 884 2942 vivat,
901 2893 965 2932 rna·
1019 2875 1136 2944 tollunt,
1153 2877 1223 2950 quia
1237 2875 1267 2929 in
1291 2889 1392 2930 eorum
1417 2876 1514 2928 mente
1539 2871 1657 2928 Petrum
1683 2870 1844 2926 sententias

136 2957 202 3017 litia
225 2965 440 3034 corrumpatur.
455 2963 490 3018 Et
515 2967 648 3020 mutatur
673 2964 818 3022 sententio
839 2964 897 3034 Dei,
914 2966 964 3022 sed
1020 2967 1184 3033 destruunt,
1201 2981 1264 3036 qua
1281 2979 1332 3036 per
1347 2961 1442 3034 spicas
1453 2960 1667 3034 significantur.
1684 2958 1757 3026 Quia
1771 2958 1843 3015 dum

138 3067 198 3107 non
214 3049 371 3106 consilium
387 3053 540 3110 aternum.
1022 3071 1074 3128 per
1094 3053 1218 3126 figuram
1242 3051 1357 3123 eloquia
1380 3049 1578 3122 proteruntur,
1594 3048 1628 3103 ab
1654 3048 1691 3104 iis
1715 3047 1842 3120 tegimen

395 3139 436 3196 rid
452 3124 517 3214 Cup.
533 3141 616 3211 xxti,
632 3143 707 3198 511.
979 3134 1000 3200 C
1020 3143 1131 3211 littere,
1157 3141 1241 3216 quasi
1264 3140 1420 3196 aristarum
1444 3137 1553 3210 paleas,
1578 3136 1791 3205 subtrahimus,
1811 3135 1844 3192 ut

135 3228 197 3284 Atti
228 3229 308 3301 quasi
332 3231 431 3298 ooapri
454 3231 484 3284 iu
508 3230 612 3288 deserto
638 3231 817 3301 cprecliuntur
839 3233 874 3289 od
896 3249 963 3306 opas
1020 3230 1148 3287 medulla
1175 3229 1296 3302 spiritus
1321 3225 1497 3283 reficiamus.
1519 3227 1591 3280 inter
1615 3240 1722 3281 aceruos
1746 3239 1843 3281 comem

136 3333 229 3374 suum.
246 3317 321 3373 Sunt
345 3318 423 3374 enim
449 3317 587 3391 haretici,
604 3319 653 3392 qui
669 3320 785 3392 populis
810 3322 964 3379 admisceri
1018 3320 1160 3376 rneridiati
1181 3321 1254 3387 sunt,
1275 3318 1324 3389 qui
1337 3317 1449 3372 calcatis
1463 3315 1646 3371 torcularibus
1660 3315 1767 3370 sitiunt.
1787 3314 1842 3378 Qui

137 3405 299 3479 refugiunt,
316 3405 366 3462 scd
383 3423 532 3463 secessum
548 3407 611 3462 vita
627 3407 791 3466 secretioris
807 3414 920 3482 petunt,
936 3415 965 3467 ct
1019 3408 1176 3464 Ecclesiam
1207 3408 1433 3478 persequuntur,
1462 3403 1591 3459 torcular
1618 3403 1741 3458 calcant.
1768 3403 1842 3459 Nam

136 3509 172 3550 eo
186 3493 316 3567 emplius
340 3501 419 3566 peste
435 3512 493 3551 suc
521 3496 720 3568 persuasionis
747 3497 891 3568 inliciunt,
907 3513 963 3570 quo
1019 3498 1088 3553 dum
1110 3495 1212 3567 injusti
1224 3498 1323 3566 justes
1338 3494 1517 3565 deprimunt,
1535 3492 1633 3547 botros
1649 3492 1705 3546 suh
1719 3492 1843 3563 pedihus
1914 3533 1919 3550 .

136 3583 224 3656 quusi
257 3597 291 3638 ex
320 3583 386 3638 vitae
423 3583 536 3640 meritis
575 3586 782 3642 reverentiores
818 3586 963 3642 videntur,
1020 3586 1150 3655 mittunt,
1166 3583 1214 3657 qui
1236 3597 1322 3639 carue
1337 3581 1416 3637 exuti
1431 3581 1467 3636 ad
1489 3579 1618 3635 cmlestia
1633 3579 1711 3634 velut
1725 3580 1755 3634 in
1770 3596 1844 3652 apo-

137 3671 264 3744 Onagris
284 3675 381 3727 aulem
406 3677 623 3743 comparantur,
640 3673 716 3744 qrrod
740 3674 768 3729 in
786 3675 848 3731 suis
862 3675 964 3732 volun·
1019 3674 1117 3730 theam
1149 3677 1279 3728 currunt.
1311 3669 1431 3727 calcant
1459 3673 1556 3724 nutem
1593 3673 1623 3722 ct
1648 3667 1762 3735 sitiunt,
1793 3666 1844 3738 qui

138 3760 253 3818 tatibus
277 3759 392 3816 dimissi
421 3778 437 3816 e
461 3761 577 3817 vinculo
604 3763 670 3819 fidei
695 3763 867 3821 strationis
896 3767 966 3821 sunt
1020 3762 1132 3835 agendo
1153 3760 1283 3817 crudelia
1297 3777 1330 3816 co
1353 3758 1416 3831 ipso
1432 3754 1609 3812 crudeliores
1636 3756 1719 3824 fiunt,
1736 3759 1844 3829 etgra-

137 3846 240 3906 alieni.
267 3849 510 3917 Epreriiunturati
535 3865 601 3922 epus
616 3867 706 3907 suum.
724 3852 786 3908 Non
810 3853 888 3908 enim
905 3853 964 3922 liei,
1020 3839 1208 3908 vioralacere
1223 3849 1378 3915 ambiunt;
1395 3861 1468 3919 quos
1484 3862 1551 3901 cum
1567 3843 1844 3901 contracatholieos

137 3937 191 3994 sed
208 3951 283 4010 opus
297 3953 385 3992 suum
401 3944 555 4012 peragunt,
566 3940 637 3996 dom
650 3957 709 3998 non
724 3946 802 3998 recta
817 3941 964 4014 dogmata,
1021 3941 1146 3997 haeretici
1162 3955 1246 4013 agere
1270 3935 1401 3994 crudelia
1414 3935 1610 4008 conspiciunt,
1627 3933 1704 3990 inter
1727 3948 1844 3991 acervos

135 4024 324 4098 sedpropria
349 4025 494 4084 desideria
517 4033 691 4101 sequuntur.
709 4029 908 4103 i'ipiluntesque
932 4031 966 4086 ud
1020 4045 1121 4086 eurum
1150 4028 1351 4084 meridiantur.
1382 4027 1434 4095 Qui
1457 4026 1569 4082 catcatis
1597 4023 1779 4080 tornatoribus
1805 4025 1845 4079 si-

133 4113 274 4188 prcedam,
288 4120 449 4188 properant
467 4131 569 4188 patrem
593 4117 695 4174 liberis.
711 4120 753 4174 Ad
780 4120 907 4192 praedam
923 4120 966 4174 vi·
1019 4121 1104 4184 itant,
1120 4117 1190 4190 quia
1205 4133 1306 4173 eorum
1323 4131 1354 4172 se
1372 4113 1553 4171 multitudini
1580 4113 1754 4186 adjungunt,
1771 4123 1845 4184 quos

137 4203 244 4276 giloni,
260 4204 310 4276 qui
333 4205 422 4261 verbe
444 4206 591 4276 justorum
609 4207 644 4263 ad
670 4223 790 4264 sensum
815 4209 965 4282 proprium
1020 4208 1119 4264 vident
1142 4206 1242 4280 gravia
1258 4222 1353 4280 agere,
1370 4208 1399 4260 et
1422 4203 1537 4260 adhunc
1561 4202 1694 4275 graviora
1710 4199 1802 4272 sitire,
1818 4205 1847 4258 et

137 4308 259 4366 semper
286 4308 387 4365 rapere
416 4299 568 4364 conantur,
599 4301 632 4351 ut
656 4311 708 4368 ρει
734 4297 795 4352 haec
825 4297 967 4371 perversis
1021 4312 1201 4368 cumpcrse
1224 4300 1422 4368 conpescunt
1445 4291 1845 4365 persecutioncmsuscilare,

141 4379 215 4436 tiliis
230 4395 335 4454 panem
360 4381 466 4439 erroris
494 4389 605 4456 parent.
622 4385 724 4456 Aprum
738 4401 794 4442 non
816 4401 897 4442 stram
920 4387 965 4442 de·
1022 4391 1152 4457 potentes
1178 4384 1276 4441 sarculi
1301 4385 1336 4440 nd
1362 4384 1417 4439 huc
1439 4383 1575 4450 excitant,
1597 4397 1724 4452 quorum
1753 4381 1848 4436 terror

136 4472 256 4524 metant.
276 4468 344 4542 Agri
362 4474 404 4526 vel
421 4470 510 4525 vineae
537 4474 655 4527 nomine
671 4472 798 4530 Ecclesia
821 4474 965 4546 signetur,
983 4500 1006 4565 D
1022 4476 1093 4530 dum
1118 4491 1217 4531 eorum
1244 4473 1389 4530 desideria
1417 4472 1514 4539 satiat,
1541 4471 1569 4526 io
1594 4486 1695 4526 corum
1720 4469 1845 4539 actibus,

137 4573 231 4631 quam
257 4558 384 4630 perversi
410 4559 612 4632 predicatores
639 4563 799 4632 demetunt,
816 4567 844 4618 et
868 4567 967 4620 aucto·
1023 4565 1106 4636 quasi
1124 4565 1152 4618 in
1170 4562 1301 4629 meridie,
1317 4561 1480 4634 quiescunt.

138 4661 205 4702 rem
221 4647 286 4718 ejus
298 4647 327 4703 in
343 4647 484 4704 membris
495 4647 686 4722 opprimenda
699 4651 898 4720 vindemiant;
916 4651 967 4724 qui
1260 4649 1301 4708 rid
1317 4651 1381 4723 Cap.
1398 4651 1482 4718 ltiit'l,
1498 4651 1526 4718 2,
1541 4651 1567 4716 s,
1584 4651 1609 4704 1.

138 4735 288 4792 creatoris
307 4736 431 4810 gratiam
443 4745 663 4811 persequentes,
679 4741 750 4798 dum
765 4745 909 4815 quosdam
932 4745 968 4800 de
1060 4743 1143 4814 Cujus
1167 4741 1277 4810 adiutor
1299 4743 1349 4796 es?
1363 4739 1488 4812 nunquid
1514 4738 1688 4795 imbecillis?
1711 4743 1764 4797 etc.
1788 4739 1846 4795 Ad·

137 4821 205 4896 illa,
230 4825 280 4896 qui
309 4825 379 4882 recti
408 4826 592 4894 videbantur,
620 4829 749 4902 rapiunt,
775 4833 844 4904 quid
875 4833 966 4900 aliud,
1019 4829 1315 4901 juvareimhecillem
1342 4829 1571 4896 charitatiscst;
1588 4829 1726 4900 adjuvare
1750 4832 1848 4901 poten·

138 4929 231 4986 quem
247 4913 355 4986 spicas,
369 4914 413 4971 vel
437 4917 536 4974 botros
559 4917 725 4974 animorum
741 4921 832 4991 [torte
852 4922 967 4978 anima·
1023 4925 1080 4976 tem
1104 4918 1335 4986 collaudationis
1359 4923 1404 4972 est
1429 4919 1465 4973 Et
1478 4922 1523 4973 est
1546 4917 1754 4973 sensualium
1778 4933 1846 4974 eum

138 5001 220 5074 rum]
237 5000 366 5060 tollunt?
380 5004 471 5062 Nullos
494 5007 637 5063 dimittunt
661 5007 794 5079 homines,
809 5011 969 5068 indumenta
1019 5011 1122 5080 juvere
1132 5008 1278 5073 intendas,
1290 5007 1345 5063 sub
1358 5007 1654 5079 cujusmagnitudine
1665 5006 1847 5074 succumbis,

138 5091 276 5160 tollentes,
301 5093 401 5165 quibus
429 5109 484 5150 uon
509 5099 549 5151 est
574 5097 771 5168 operimentum
797 5101 966 5171 intricare.
1024 5099 1100 5170 quod
1114 5097 1260 5169 impendis
1284 5096 1432 5164 solatium,
1449 5096 1485 5151 de
1509 5097 1703 5151 ostentatione
1718 5099 1771 5159 aet,
1789 5112 1847 5152 non

178 5215 187 5251 ¹
212 5213 364 5273 Constabit
389 5221 538 5290 utcunque
564 5235 680 5290 sensus,
697 5221 720 5278 si
746 5221 826 5295 legas
849 5223 966 5280 subruit.
1023 5238 1079 5277 non
1094 5220 1227 5276 babentes.
1244 5219 1438 5275 Nihilosecius
1453 5219 1613 5290 impeditus
1627 5216 1710 5274 valde
1725 5223 1770 5275 est
1785 5233 1850 5276 seu·

138 5289 278 5344 Fortasse
293 5291 392 5369 tamon
408 5287 564 5374 'scriptum'
586 5291 622 5346 ab
637 5299 754 5376 auctore
768 5298 812 5350 cst
835 5296 927 5351 innuit
942 5299 968 5352 et
1023 5310 1086 5359 sus,
1102 5297 1131 5375 et
1155 5296 1256 5349 centra
1279 5291 1429 5365 scriptoris
1456 5297 1595 5360 mentem,
1611 5291 1759 5364 vigilantii
1790 5293 1848 5348 lere

137 5357 495 5502 mvoeitiiiieiiiiswnm
520 5361 615 5418 edm
635 5363 690 5438 ¹2⁸¹
707 5365 768 5422 vum
788 5367 968 5440 sumamma
1022 5362 1393 5492 dotciiiiiiiiiciiesiirieciionts
1418 5433 1488 5490 vitio
1503 5431 1685 5493 laborantum
1710 5433 1790 5490 hunc
1804 5431 1849 5492 lo·

138 5445 313 5559 pri>litassent
326 5473 420 5586 oditur
436 5503 514 5574 Lips.
529 5505 607 5574 Quod
618 5505 683 5564 brim
695 5508 816 5567 ordinat.
1023 5524 1089 5566 cum
1106 5507 1147 5565 itu
1162 5507 1288 5566 restituit
1302 5505 1381 5580 lips.
1398 5506 1503 5564 editur.

177 5573 282 5631 ⁸ldern
306 5581 429 5648 reponit,
446 5576 506 5632 illisi
519 5577 589 5649 quod
613 5577 690 5638 bona
704 5583 821 5640 actionis
842 5585 966 5642 velamen

303 5699 436 5764 Persou.
462 5703 571 5764 xnttt.
1655 5710 1692 5768 ts
