4108 6174
129 339 208 411 iiii
630 343 666 409 a.
689 339 920 411 uunriiuni
942 339 1327 423 intermissionis.
1757 324 1835 409 iaia

124 477 289 538 valuerunt.
309 475 448 554 Origenes
464 477 582 552 quidem
601 483 672 537 toni.
690 478 724 549 V,
744 479 775 538 in
807 479 949 538 ioannem
963 486 991 555 Α
1005 480 1140 554 gistrum,
1158 496 1243 538 namo
1258 478 1315 537 nisi
1331 477 1486 608 imperitus
1498 477 1626 556 negabit.
1639 477 1718 539 luter
1730 483 1835 539 cetera

125 551 178 608 ubi
203 551 261 610 ait:
294 573 309 602 ι
334 551 514 626 Prorsusque
537 565 604 608 eum
640 553 768 608 ioannes
801 553 950 610 Christum
1006 553 1084 609 enim
1100 553 1210 627 ingenii
1242 553 1288 609 sui
1305 569 1445 625 precere
1472 556 1663 610 monumenta
1685 551 1773 611 etiam
1802 551 1833 610 in

125 625 266 693 ostendit,
278 623 365 680 homo
380 623 473 679 Deum
484 624 620 692 ostendit,
633 625 950 680 etservateremineor·
1006 624 1061 681 hoc
1076 624 1229 690 laboravit,
1248 629 1280 680 ut
1295 625 1374 694 quod
1391 623 1474 681 Philo
1498 626 1583 696 quasi
1611 625 1731 681 Judaeus
1759 625 1835 681 omi-

126 700 304 768 poreum,et
335 711 390 750 vox
414 710 590 751 sermonem.
618 694 653 751 Ut
678 700 776 752 autem
804 696 834 751 iu
863 696 950 752 rebus
1006 700 1094 763 serat,
1125 697 1173 751 hic
1202 701 1234 751 ut
1262 695 1445 752 Christianus
1471 696 1646 768 impleret.»
1689 697 1835 754 Omiseret

127 766 722 824 multisnomiuumevidentiaestutilis.
753 765 892 841 ltprlaipor
923 763 951 820 ii
1004 765 1521 824 iudaeusPhiloHebraioaNomina
1551 768 1741 824 iustrumenti
1766 766 1832 825 novi

126 837 208 912 αιιῇν
230 836 321 912 ὥσπερ
337 833 542 906 burrellina
569 839 623 890 τῶν
653 836 793 909 ὀνομάτων
819 837 860 891 iii
880 857 951 912 γεια,
1005 837 1539 910 quodnonreoipiebai;haecttutem
1554 838 1694 912 Origenes
1716 837 1834 912 collegit

124 908 652 982 siohocquoqueinlocoutileerit
670 909 778 976 videre,
798 857 877 980 quiri
900 913 950 965 Za·
1005 913 1037 964 ιιι
1051 909 1247 974 Christianus,
1266 912 1295 966 et
1310 908 1480 965 absolutum
1497 909 1706 967 hebraicorum
1730 909 1833 967 Nomi-

123 983 254 1049 oharias,
272 980 378 1052 quidve
391 980 519 1036 loannes
531 979 711 1052 significent:
741 980 856 1036 Etenim
883 997 951 1052 per·
1004 997 1076 1036 num
1092 980 1184 1036 edidit
1193 981 1340 1046 volumen,
1361 981 1440 1051 quod
1455 981 1651 1054 Hieronymus
1677 981 1832 1040 Latinitate

122 1054 194 1108 inde
209 1067 242 1108 aa
256 1053 281 1108 si
297 1051 492 1122 essetaliquia
511 1067 569 1106 nou
589 1053 840 1124 comtemnendus‚
871 1052 949 1122 quod
1004 1050 1134 1122 donavit,
1148 1051 1265 1108 hortatu
1282 1052 1400 1136 quidem
1416 1051 1711 1127 fratrum'Lupuliani
1728 1058 1756 1110 et
1774 1056 1832 1110 Ve-

122 1125 161 1180 ed
175 1122 304 1180 nominis
318 1123 504 1194 positionem,
520 1122 633 1193 attinet,
657 1126 742 1196 etna
772 1122 838 1178 Vim
859 1122 950 1205 igitpr
1003 1121 1125 1180 lariani:
1142 1123 1193 1179 sed
1208 1127 1294 1179 atrei
1314 1125 1403 1194 ipsius
1429 1125 1550 1180 utilitate
1575 1127 1732 1182 somniatus.
1761 1123 1831 1180 Sin·

39 1253 42 1258 ,
122 1191 527 1266 ιιοιιιιιιιιιιι,ιιιεὲιιργειαι,
555 1194 654 1258 idest,
683 1195 836 1264 efficaciam
863 1209 950 1266 agno·
1003 1193 1200 1268 gulaquoque
1213 1211 1265 1266 per
1279 1195 1413 1250 ordinem
1430 1195 1648 1267 scripturarum
1679 1195 1831 1253 volumina

121 1281 206 1323 scere
218 1266 249 1321 in
264 1265 354 1322 rebus
365 1263 465 1320 multis
480 1264 558 1320 haud
574 1264 678 1320 inutile
692 1267 776 1321 docet
798 1266 948 1338 Origenes,
1003 1281 1186 1337 percurrens,
1203 1269 1327 1322 etvetus
1342 1264 1499 1322 aedificium
1515 1283 1590 1324 nova
1623 1284 1694 1324 eura
1716 1267 1830 1324 instau-

122 1355 182 1394 non
202 1341 318 1392 tautum
334 1336 389 1392 hoc
404 1335 477 1402 loco,
495 1336 546 1392 sed
560 1335 637 1392 inira
650 1339 811 1393 Commeat.
824 1337 854 1391 iii
870 1353 950 1394 eum·
1003 1353 1083 1403 rans,
1100 1338 1202 1394 iecisse
1215 1353 1246 1393 se
1264 1337 1367 1394 merito
1396 1337 1572 1394 existimavit
1599 1339 1678 1412 quod
1703 1339 1830 1396 maxime

121 1410 191 1466 dem
204 1412 431 1464 ioannemtom.
446 1407 509 1462 vill
538 1408 635 1463 adhuc
658 1407 855 1463 manifestius.
873 1430 888 1457 a
904 1407 949 1463 ln·
1003 1407 1134 1464 aGraecis
1147 1408 1329 1480 appetendum
1343 1416 1422 1465 erut:
1438 1408 1510 1482 quia
1536 1409 1611 1466 liber
1636 1410 1686 1466 ille
1713 1411 1830 1467 Herhai-

120 1483 302 1552 terpretatur
322 1483 430 1546 autem,
447 1478 553 1548 inquit,
584 1476 703 1546 Geraesa,
734 1479 870 1534 hahitatio
897 1481 948 1552 eji-
1004 1495 1100 1536 eorum
1135 1479 1284 1536 Nominum
1324 1479 1416 1536 multo
1454 1479 1633 1554 castigatior,
1678 1481 1830 1554 multoque

121 1553 267 1618 cientium,
283 1551 406 1606 sortasse
419 1553 644 1623 cognomentum
659 1549 949 1622 sortitapropheticae
1004 1551 1116 1606 auctior
1130 1567 1163 1606 aa
1182 1551 1278 1607 aerior
1310 1550 1406 1607 editus
1430 1556 1475 1608 est
1499 1552 1535 1608 ab
1563 1551 1736 1636 Hieronymo
1761 1551 1830 1609 scri·

120 1621 269 1692 illiusrel,
312 1637 381 1678 uam
411 1620 541 1676 locorum
566 1621 642 1677 ciras
671 1636 740 1694 arga
766 1623 947 1677 Servatorem
1003 1626 1085 1694 piore
1100 1621 1210 1688 Latino,
1228 1637 1317 1693 quam
1332 1621 1478 1694 abaliquo
1494 1623 1659 1680 Grecorum
1672 1628 1830 1696 interprete

119 1695 263 1763 feserunt,
280 1638 467 1749 oiisecrantes
481 1708 559 1757 euni,
575 1697 636 1748 ute
653 1691 761 1747 linibus
781 1691 844 1748 suis
868 1707 947 1746 cice-
1003 1693 1047 1748 vel
1065 1697 1183 1748 auctora
1199 1693 1265 1747 libri
1281 1693 1451 1748 Nominum.

120 1767 216 1822 deret.
232 1763 302 1820 'l'ale
315 1763 441 1820 subinde
455 1767 583 1818 erratum
599 1763 629 1819 in
645 1763 720 1837 Lege
744 1767 772 1818 et
796 1763 948 1834 Prophetis
1039 1763 1179 1820 Hamdem
1196 1763 1354 1819 utilitatem
1369 1763 1509 1835 predicat
1523 1767 1643 1820 sauctus
1659 1764 1760 1820 doctor
1776 1762 1828 1822 lib.

120 1838 202 1894 eirca
213 1836 333 1893 nomina
351 1835 419 1890 licet
447 1849 572 1902 eernere,
591 1839 624 1890 ut
639 1839 774 1890 accurate
800 1834 947 1906 perspexi·
963 1861 987 1926 B
1003 1851 1032 1889 iv
1046 1833 1208 1890 Commeat.
1219 1833 1250 1890 in
1260 1833 1381 1906 ierom,
1397 1851 1461 1906 cap.
1477 1835 1531 1890 23:
1549 1857 1563 1886 u
1576 1834 1721 1912 Hxverbis
1730 1839 1829 1891 autem

120 1923 191 1964 mus
207 1909 242 1964 ab
258 1905 387 1963 Hebraeis
401 1905 495 1962 edocti
510 1905 718 1978 oumipeorum
729 1922 811 1962 exem
834 1905 947 1962 laribus
1003 1904 1109 1978 inquit,
1125 1910 1154 1961 et
1168 1905 1244 1962 inter
1265 1905 1407 1963 relatione
1422 1906 1587 1975 nominum,
1622 1922 1699 1979 sepe
1721 1922 1767 1964 res
1785 1923 1831 1964 os·

120 1984 225 2036 nostra
239 1978 447 2051 comparantis,
463 1993 527 2048 qua
550 1977 752 2033 testimonium
779 1923 887 2032 haireni
912 1978 948 2032 ab
1004 1977 1177 2047 tenduntur,
1193 1981 1226 2032 ut
1284 1977 1397 2045 raham,
1413 1977 1501 2043 Sara,
1513 1982 1542 2034 et
1557 1976 1643 2047 Petri,
1659 1981 1688 2034 et
1701 1977 1829 2034 liliorum

6 2085 8 2090 ,
120 2049 304 2108 editionibus
327 2047 676 2121 Aquilae,etSymmanhi,
693 2047 945 2114 etTheodotionis,
1001 2047 1298 2114 Zededaei,vocabula
1319 2053 1503 2104 commutata
1533 2047 1703 2122 significant
1730 2065 1828 2106 reruni

121 2139 190 2196 quae
204 2121 336 2177 nondum
352 2120 604 2193 suntdepravatae.
617 2120 712 2176 Pauca
722 2119 812 2200 igitur
823 2134 949 2192 appone·
1002 2120 1212 2176 mutationem:
1229 2123 1257 2174 et
1272 2117 1302 2173 in
1316 2118 1371 2174 hoc
1388 2119 1493 2175 eodem
1509 2119 1660 2191 propheta,
1686 2120 1826 2183 Phasias:

119 2191 588 2264 musinstudiosorumgratiam,
604 2189 942 2315 quoinhiadiligcutius
1001 2189 1109 2246 dicitur
1132 2205 1228 2262 parier,
1254 2188 1314 2245 sive
1343 2191 1500 2258 translatio,
1529 2195 1558 2245 et
1603 2191 1722 2260 colonus,
1767 2189 1827 2246 sive

118 2269 283 2323 versentur.
303 2261 606 2319 Unueilliorumhevi
635 2262 749 2336 primus
762 2261 945 2333 inparibus
1020 2262 1172 2331 ereprinus.
1191 2282 1204 2310 n
1225 2259 1702 2332 Ouautsaeiliusjuxtementem
1732 2259 1827 2317 sancti

118 2335 339 2409 exemplaribus
354 2333 437 2390 Geton
453 2333 623 2388 nominatus
637 2337 692 2402 est,
703 2349 753 2406 pre
765 2349 798 2389 eo
812 2332 890 2405 qnod
902 2338 947 2389 est
998 2279 1167 2406 ilierouyiii
1183 2331 1395 2406 intelligantur,
1412 2332 1583 2389 meminisse
1596 2330 1687 2389 debet'
1696 2332 1826 2405 prudens

120 2409 235 2476 Omana,
250 2406 382 2488 ejusdem
398 2403 526 2460 nominis
553 2405 680 2461 existens
704 2420 770 2462 cum
800 2404 946 2477 primoge·
1000 2402 1090 2460 lectur
1104 2403 1246 2476 scriptum
1262 2419 1325 2460 esse
1347 2403 1480 2460 ieremia
1504 2419 1567 2476 cap.
1588 2403 1666 2472 ix,3
1690 2407 1719 2460 et
1741 2420 1825 2478 seqq.

6 2489 8 2524 ῑ
119 2479 298 2545 mistionis,
314 2475 661 2560 nominavereutrisque
684 2475 791 2560 posito,
809 2475 946 2548 quedge-
999 2475 1058 2532 Non
1086 2475 1211 2559 Platean·
1233 2476 1338 2532 uocauit
1350 2475 1494 2558 'Dominus
1510 2490 1620 2558 'nonen
1648 2477 1737 2558 inum,
1779 2475 1827 2532 aed

6 2565 8 2596 2
118 2551 176 2608 niti
204 2549 329 2605 inissent
354 2565 384 2602 iu
406 2551 484 2602 terra
506 2546 601 2604 aliena
625 2547 799 2603 habitantes.
832 2547 945 2603 Rursus
997 2546 1271 2619 pauoremundique.
1303 2547 1373 2614 Quia
1400 2546 1458 2602 nac
1485 2545 1552 2602 dicu
1580 2551 1729 2604 Dominus:
1757 2547 1827 2603 ane

6 2659 10 2670 ·
117 2617 943 2691 Judesecuudusupudnosquidaminnanessedicitur‚
999 2617 1134 2700 equitatio
1159 2625 1184 2674 te
1207 2633 1346 2690 pauorem,
1377 2620 1433 2673 ste.
1453 2617 1710 2681 iinsnrminnur
1746 2615 1826 2674 enim

6 2779 8 2786 ’
118 2765 164 2821 Ad
180 2765 241 2820 haee
255 2763 285 2818 in
301 2761 529 2834 protectionibus

118 2693 199 2766 apud
214 2694 349 2748 Hebraea
363 2707 431 2746 vero
442 2690 531 2758 Onon,
545 2689 625 2815 gluod
641 2695 695 2756 est,
712 2691 942 2814 Lubfnipscrnm.
999 2705 1059 2815 iim
1069 2687 1202 2763 Φασχώρ,
1218 2693 1252 2772 ιιιΙ
1264 2688 1456 2816 Septuaginta
1478 2687 1590 2815 legunit,
1620 2689 1828 2815 interpretabili

119 2851 222 2894 rorum
238 2833 311 2890 libro
326 2835 504 2901 invenimus,
523 2765 824 2904 qiioiiorpiiiiiielcstriaguiii
835 2764 945 2888 {linii-
997 2775 1356 2898 ιιιιιθιῖοιιιίἕιῐοῃιιιιθιιοηῗιιζῑιιῑξενῖΞ
1375 2775 1567 2899 imminit,
1601 2761 1720 2899 iiiiii?
1728 2776 1825 2905 einia-

6 2939 8 2960 ι
119 2903 699 2974 ohoih;etcastrallneruntinlinthcn:
727 2919 794 2986 cum
823 2903 944 2959 Hebrai·
998 2904 1118 2974 regrina.
1135 2901 1223 2983 Hinc-i
1246 2917 1290 2958 em
1304 2902 1824 2985 Hieronymusineumdemieremia

6 2997 11 3034 ·.
117 2993 252 3051 cumpro
267 2977 385 3042 Badhan,
400 2978 499 3031 AEmnn
518 2972 633 3030 hebeat.
651 2976 686 3030 ιιι
707 2975 776 3057 quid
792 2989 840 3030 me
868 2991 943 3047 opus
999 2972 1095 3030 locum
1112 2977 1243 3046 apposite
1258 2974 1421 3056 observavit
1437 2990 1502 3056 qua
1518 2978 1702 3056 sequuntur:
1717 2997 1732 3025 ι
1758 2973 1824 3032 Mu·

6 3079 8 3104 ¹,
118 3054 166 3108 est
179 3049 342 3105 tardantem
357 3046 442 3118 plura
457 3061 612 3130 apponere,
625 3061 693 3108 oum
703 3049 866 3128 veritatem,
878 3063 942 3118 qus
999 3048 1077 3101 tatur
1091 3050 1188 3100 autem
1205 3061 1310 3101 numen
1326 3045 1484 3116 Pontifices,
1506 3049 1539 3100 ut
1552 3063 1586 3102 ex
1609 3061 1728 3103 nomine
1747 3044 1825 3102 iutu-

118 3123 205 3179 eatin
232 3118 413 3188 nominihus,
443 3133 533 3173 cuivis
550 3116 669 3186 volenti,
697 3121 760 3199 tum
783 3116 941 3199 inquirere,
998 3133 1063 3172 rum
1080 3115 1259 3189 supplicium
1275 3116 1503 3199 demonstratur.
1515 3116 1704 3190 Nequaquam,
1716 3116 1823 3189 inquit,

117 3198 364 3262 tumsguoscere,
381 3189 463 3244 sitin
481 3188 709 3260 promptu‘iSed
730 3205 760 3243 in
789 3187 943 3260 primissa
999 3187 1107 3244 habebis
1121 3203 1220 3243 nomen
1235 3189 1292 3243 oris
1304 3188 1487 3259 nigredinem,
1502 3191 1528 3244 et
1543 3190 1645 3260 iniquae
1675 3189 1825 3260 imperium

117 3264 337 3336 scripturarum
353 3261 417 3317 loca
431 3263 568 3333 suspecta
586 3259 692 3316 habere
714 3259 865 3330 debemus,
893 3259 942 3314 ubi
958 3228 979 3296 C
996 3260 1137 3331 potestatis
1147 3275 1157 3320 ,·
1172 3258 1218 3314 aed
1232 3260 1355 3332 captiuus
1370 3259 1479 3315 duceris
1498 3260 1530 3314 in
1559 3261 1746 3333 Babylonem:
1775 3258 1824 3316 hac

6 3361 9 3370 r
119 3334 230 3410 pariter
244 3331 498 3405 quamplurimum
513 3331 666 3386 nominum
681 3334 726 3386 eet
740 3329 942 3399 enumeratio,
998 3332 1073 3386 euim
1086 3332 1225 3402 significet
1239 3347 1326 3402 pauor
1347 3330 1477 3402 undique,
1506 3331 1563 3386 sive
1587 3347 1638 3402 par
1664 3331 1822 3398 cireneilum,

6 3433 8 3438 ·
119 3406 210 3464 veluti
224 3405 253 3460 in
269 3403 343 3459 libro
353 3405 424 3460 iesu
438 3408 515 3458 Nave
530 3405 610 3467 sunt,
626 3417 689 3474 quia
705 3402 740 3456 ad
769 3400 942 3456 divisionem
997 3405 1028 3456 ut
1041 3405 1160 3456 tremam
1174 3405 1200 3458 et
1213 3403 1335 3474 propriae
1363 3402 1463 3458 salutis
1476 3403 1607 3472 incertus,
1623 3402 1677 3458 inc
1703 3402 1824 3474 illucque

6 3509 7 3538 ς
118 3475 299 3535 haereditatis
314 3475 478 3548 pertinent:
495 3473 674 3546 etinprimu
703 3470 942 3544 Paralipomenon
997 3473 1212 3542 circiamspici'us,
1244 3475 1269 3528 ct
1298 3473 1432 3529 uenientes
1457 3475 1554 3529 centra
1583 3481 1608 3528 te
1647 3473 1823 3529 aduersarios

8 3577 11 3583 ¹
115 3568 134 3607 a
150 3547 293 3623 principio
308 3545 506 3619 perordinem
521 3561 614 3618 usque
629 3544 666 3599 ed
681 3561 724 3610 ea,
762 3561 804 3598 uae
817 3543 847 3597 iii
863 3543 941 3615 prin·
998 3541 1169 3613 reformides.
1187 3542 1240 3597 Pru
1254 3559 1358 3614 pauore
1381 3543 1459 3614 quod
1475 3543 1504 3598 in
1522 3541 1663 3598 Hebraico
1678 3543 1821 3616 seriptum

115 3620 194 3694 cipio
210 3623 280 3676 sunt
294 3633 416 3690 super...
435 3616 576 3673 Similiter
591 3620 690 3672 autem
713 3617 741 3669 in
777 3615 855 3670 sdra.
886 3613 943 3669 Nec
999 3613 1163 3684 aethelgar,
1181 3611 1248 3668 ixx
1276 3619 1306 3668 et
1333 3588 1514 3668 'theodotion
1541 3613 1677 3684 piscinea,
1706 3612 1736 3667 id
1765 3617 1820 3681 est,

6 3723 9 3758 5
113 3709 185 3749 vero
201 3689 437 3764 parvipendenda
451 3692 522 3744 sunt
537 3687 665 3756 uomina,
677 3703 743 3742 cum
758 3702 804 3742 res
816 3684 944 3740 utilasex
998 3687 1184 3757 migrantem:
1196 3683 1308 3755 Aquila
1337 3684 1465 3739 secunda
1492 3682 1590 3749 editio,
1617 3684 1822 3755 peregrinum:

113 3760 522 3836 eissigniiieenturlocorum
540 3757 783 3830 interpretationi.
801 3759 943 3813 Caeterum
1000 3758 1096 3830 prima
1135 3757 1423 3827 circumspicientem
1461 3753 1666 3826 Symmachus,
1691 3753 1823 3826 ablatum,

6 3881 8 3886 .
113 3835 197 3893 haud
214 3837 258 3891 est
281 3849 359 3888 uuna
388 3835 565 3903 opportuum
599 3829 753 3885 instituere
779 3843 944 3884 sermonem
1001 3827 1277 3897 siveconpraqatum,
1304 3831 1333 3882 et
1353 3829 1485 3892 coactum,
1510 3825 1693 3898 interpretati
1722 3828 1825 3881 aunt.»

114 3909 154 3964 de
169 3906 281 3961 ratione
295 3902 463 3968 nominum,
479 3901 640 3959 omittendo
656 3917 719 3974 quaa
745 3904 815 3956 suut
840 3917 891 3971 pra
914 3915 944 3954 o·
1000 3899 1062 3955 Non
1079 3913 1147 3970 ergo
1163 3898 1205 3954 sie
1219 3896 1427 3969 intelligendus
1444 3895 1528 3952 nobis
1543 3901 1598 3965 est,
1618 3896 1826 3970 Hieronymus,

113 3979 184 4034 sita.
196 3999 210 4026 n
228 3978 271 4032 lta
285 3975 425 4048 Origenes
442 3975 478 4030 de
493 3973 665 4030 Nominibus
692 3972 721 4028 iu
746 3971 878 4030 versione
893 3916 945 4027 ge·
1001 3975 1033 4026 ut
1044 3970 1225 4026 arbitremur
1235 3985 1341 4024 nomen
1351 3967 1826 4041 ninusPhaisur,sivei³tmnnar,

135 4047 483 4130 tungintaInterpretum
500 4044 676 4117 depravatis,
702 4044 796 4116 deque
823 4041 947 4098 utilitate
1001 4047 1052 4099 aut
1066 4041 1216 4112 Phaselim,
1248 4039 1412 4112 significare
1442 4049 1584 4167 finieram,
1601 4037 1826 4110 trammtionem,

113 4067 279 4178 ilominum
306 4116 515 4173 Hebraioorum
544 4113 747 4188 interprationi
788 4115 947 4186 Scripturas
1000 4115 1127 4170 colonum
1151 4117 1180 4196 et
1204 4112 1404 4196 peregrinum:
1425 4127 1442 4167 a
1464 4112 1552 4169 surde
1576 4113 1655 4169 anim
1679 4127 1768 4170 verna
1796 4115 1825 4167 S.

6 4187 8 4194 '
117 4188 354 4262 sacraeapprime
365 4186 607 4243 conducibilium.
1003 4183 1131 4241 doctoris
1146 4200 1187 4240 sic
1204 4182 1350 4240 intellecta
1365 4183 1544 4239 contrarium
1568 4182 1685 4256 penitus
1709 4199 1828 4240 sensum

158 4261 428 4334 interpretationem
456 4257 665 4314 Hebraiuorum
697 4255 850 4313 nominum
888 4273 947 4312 non
1003 4255 1201 4313 efficerentiis
1226 4253 1408 4326 quaedocere
1434 4253 1535 4310 voluit.
1564 4259 1622 4311 Nee
1647 4270 1714 4310 cuni
1742 4257 1829 4310 antea

118 4334 210 4392 modo
226 4332 326 4389 utilem
347 4330 439 4386 voluit
459 4331 567 4403 pariter
582 4333 683 4385 auctor
699 4329 883 4396 Qiioealionum
911 4327 948 4382 uit
1003 4327 1126 4384 dixisset
1140 4327 1265 4384 Phoianr
1288 4323 1473 4398 interpretari
1502 4327 1558 4382 aria
1576 4326 1749 4398 nigredinem
1772 4325 1828 4380 mi-

6 4413 10 4420 '
119 4405 299 4472 Orthodonos,
330 4404 380 4459 sed
410 4400 671 4475 pernecessariam
688 4413 805 4482 quoque
820 4397 949 4481 declarat
1005 4400 1083 4455 ninia
1112 4415 1129 4454 a
1156 4399 1255 4470 seipso
1284 4396 1430 4480 dissentit,
1460 4396 1739 4481 quando'eumdam
1767 4395 1825 4451 dici

6 4491 8 4496 ’
118 4481 226 4552 quast.
241 4477 286 4532 86.
303 4475 440 4539 Querens
455 4489 583 4544 namque
601 4489 666 4544 quaa
681 4475 720 4526 sit
748 4474 949 4543 interpretatio
1004 4472 1210 4552 severana-aut
1223 4485 1401 4540 peregrinum
1417 4472 1535 4525 mouet:
1549 4486 1618 4541 quia
1646 4473 1716 4550 tuno
1744 4467 1829 4550 Phru-

6 4567 7 4582 ¹
118 4546 331 4606 vocabulorum
359 4546 493 4602 istorum.
531 4548 608 4607 Mna,
638 4543 718 4614 Ephe,
746 4543 838 4608 nitet,
868 4543 949 4597 Seru·
1005 4557 1187 4600 surnomme
1205 4539 1473 4609 mutato,iioana
1494 4540 1619 4596 ieremis
1644 4541 1754 4597 dictum
1784 4555 1830 4594 iu·

116 4620 209 4704 phim,
225 4619 316 4686 Beael,
331 4621 398 4686 ele,
410 4617 565 4698 subjungit
579 4613 696 4670 statim:
710 4635 723 4662 ι
756 4613 953 4685 Utrorumque
967 4599 991 4665 D
1007 4612 1125 4686 telligit:
1144 4613 1220 4683 quod
1238 4627 1342 4667 nomon
1358 4619 1429 4673 iiim
1439 4611 1713 4684 liupurpereprinus,
1737 4613 1829 4665 trane·

6 4739 7 4744 1
119 4707 202 4749 enim
222 4690 307 4746 nohis
330 4703 547 4762 pernecessaria
576 4690 620 4741 est
643 4683 790 4758 cognitio:
826 4690 950 4756 utraque
1006 4687 1088 4752 talin,
1104 4683 1374 4754 etcircnimpici'eui,
1391 4683 1451 4739 sive
1465 4683 1554 4738 etiam
1566 4699 1652 4758 purior
1666 4697 1699 4738 ao
1713 4679 1830 4754 termido

8 4801 11 4808 -
120 4777 253 4833 namque
282 4762 311 4816 in
345 4758 504 4832 Scripturls
528 4757 752 4814 eontinentur.»
778 4759 858 4812 Hauc
883 4773 950 4812 uero
1005 4755 1127 4829 exprimi
1143 4759 1239 4828 potest
1261 4755 1347 4826 juxta
1374 4752 1581 4826 proprietatem
1612 4752 1755 4810 sermonis
1779 4754 1832 4806 He·

117 4833 360 4906 explanationem
392 4830 545 4887 nominum
567 4826 816 4912 pernecessariam
841 4826 950 4884 intelli·
1006 4827 1249 4899 braeorum,epud
1280 4841 1354 4897 quus
1383 4825 1466 4880 radix
1498 4835 1542 4887 ἰιι
1570 4842 1622 4896 pur
1648 4823 1758 4897 gaudet
1785 4821 1831 4878 his

121 4905 230 4982 gentiie
244 4903 519 4975 scripturarumah
534 4902 657 4984 Origene
681 4900 873 4955 mutuandum
891 4915 952 4955 mo·
1007 4899 1145 4956 omnihus
1160 4897 1344 4970 significatis.
1356 4895 1416 4952 Rex
1430 4896 1530 4970 itaque
1545 4913 1620 4979 sape
1634 4895 1832 4952 ostenduntur

118 4981 172 5034 nei
184 4975 344 5048 Responsio
358 4973 516 5040 Quaestioni
533 4973 663 5043 subjecta
678 4970 708 5025 in
719 4971 798 5026 hunc
809 4971 949 5026 modum:
1007 4970 1144 5027 exverbia
1169 4974 1199 5024 et
1226 4968 1465 5052 interpretatione
1492 4968 1701 5024 Hebraieorum
1730 4965 1834 5022 Nomi·

122 5071 139 5100 u
158 5046 350 5120 prositaest
369 5047 405 5101 ab
429 5044 563 5128 Origene,
579 5043 641 5098 viro
670 5040 816 5097 Hebraicae
846 5041 952 5114 lingua
1006 5059 1097 5110 num;
1129 5041 1206 5096 uude
1235 5053 1393 5096 maximam
1424 5039 1579 5095 conferunt
1606 5036 1766 5094 utilitatem
1797 5037 1834 5094 ed

145 5120 231 5188 erite,
248 5117 379 5173 omnium
397 5133 459 5188 quia
475 5132 504 5170 ιιι
520 5113 611 5171 sacris
632 5111 792 5184 scripturis
821 5113 954 5168 teruntur
1006 5127 1126 5171 sensum
1142 5111 1304 5196 genuinum
1320 5109 1474 5182 Scriptura
1490 5127 1578 5167 sacra
1591 5107 1831 5182 percipiendum:

123 5139 337 5249 iiahraicornm
352 5188 511 5243 Nominum
527 5191 555 5243 et
575 5199 781 5241 mensurarum
810 5183 953 5268 interpre·
1007 5190 1039 5242 ut
1052 5201 1086 5241 ex
1101 5189 1221 5240 recitato
1237 5182 1404 5240 hoceedem
1416 5179 1585 5254 Hieronymi
1601 5181 1836 5254 loooapprebace

125 5263 212 5320 tatio.
230 5263 299 5317 liam
317 5259 342 5316 si
358 5257 537 5332 requisieris,
558 5259 587 5312 in
603 5272 636 5312 aa
661 5254 793 5310 iuvenies
820 5272 954 5311 oninium
1011 5257 1203 5314 conabamur.

125 5349 232 5391 eorum
247 5333 283 5388 de
298 5331 407 5404 quihus
424 5329 596 5402 quaesivisti,
612 5325 846 5399 explanationem
858 5327 954 5382 nomi·
1042 5328 1106 5384 Jam
1124 5324 1203 5398 quod
1218 5325 1312 5380 sancti
1329 5323 1486 5394 Augustini
1501 5322 1706 5381 auctoritatem
1723 5326 1838 5408 spectat

125 5421 212 5464 num.
225 5427 238 5455 a
253 5403 410 5476 Origenem
422 5401 567 5459 sermonis
583 5398 693 5454 Hebraei
720 5397 847 5470 peritum
863 5398 954 5455 luisse
1009 5399 1043 5455 ad
1060 5395 1345 5454 commendationem
1357 5393 1424 5450 libri
1439 5393 1648 5452 Hebraioorum
1664 5395 1836 5466 Nominum,

123 5477 175 5534 vix
189 5475 382 5559 scriptoribus
398 5474 505 5530 Graecis
520 5471 679 5528 concedent
693 5470 818 5526 Hebraea
847 5465 954 5543 lingua
1009 5487 1093 5526 uenio
1107 5475 1152 5525 est
1166 5468 1244 5540 apud
1259 5467 1373 5548 Graecos
1384 5470 1436 5548 aut
1458 5466 1575 5524 Latinos
1603 5466 1653 5540 qui
1676 5465 1838 5524 voluminis

125 5547 277 5606 consulti:
295 5548 346 5603 aed
361 5545 469 5602 librum
484 5544 692 5600 Hebraicorum
709 5541 866 5598 Nominum
898 5541 955 5597 uti·
1010 5542 1099 5612 hujus
1110 5539 1264 5595 commodo
1278 5543 1307 5594 et
1321 5538 1494 5608 dignitatem
1522 5543 1584 5595 tam
1615 5539 1769 5595 manifeste
1790 5542 1835 5592 te·

125 5623 236 5678 lemao
255 5617 507 5692 pernecessarium
536 5629 639 5670 omnes
663 5613 842 5667 inlabuntur.
874 5613 956 5670 Unde
1009 5612 1079 5668 stari
1095 5611 1228 5666 voluerit.
1246 5609 1332 5664 Libro
1344 5625 1472 5692 namque
1489 5611 1618 5667 secundo
1633 5611 1669 5667 de
1698 5607 1836 5664 Doctrina

125 5692 333 5762 Hieronymus,
355 5690 519 5746 litterarum
541 5684 752 5742 Hebraioarum
782 5683 956 5741 callentissi·
1009 5683 1184 5752 Christiana,
1202 5697 1263 5752 cap.
1290 5681 1333 5748 lii,
1363 5682 1489 5738 mirilico
1518 5681 1651 5755 Origenis
1679 5683 1708 5736 et
1735 5677 1837 5732 Hiero·

129 5762 328 5829 mus,lntare
350 5777 380 5817 re
401 5759 957 5832 iaorigenianauionumcularccciisot
1010 5753 1088 5838 nymi
1115 5759 1275 5826 syntagma
1302 5767 1412 5812 vocum
1440 5753 1653 5832 hebraicarum
1689 5747 1838 5820 predicet,

128 5833 309 5909 opuseulum
322 5777 405 5900 iiiiii,
419 5833 536 5889 dicens:
553 5853 567 5881 u
586 5828 696 5886 imitari
708 5826 807 5884 voleus
826 5843 860 5882 ex
875 5831 956 5900 parte
1010 5829 1129 5882 dicans:
1148 5845 1161 5876 a
1177 5825 1208 5879 lu
1229 5822 1382 5880 transietis
1413 5841 1481 5884 icio
1502 5823 1606 5896 siguis,
1631 5839 1656 5875 ei
1682 5833 1740 5900 qua
1767 5818 1842 5872 iorte

130 5908 298 5981 origenem,
313 5921 399 5978 quem
411 5909 477 5979 post
491 5901 651 5977 apostolus,
667 5899 863 5958 Heclesierum
896 5915 957 5957 ma·
1010 5899 1145 5972 ignorata
1155 5893 1385 5970 cogunthasrerc
1395 5889 1663 5968 lecturam,partim
1673 5888 1843 5961 linguarum
