4056 6170
250 316 329 384 titt
867 317 900 382 S.
923 311 1079 383 eusanii
1100 311 1333 382 uluuouvm.
1839 313 1902 382 titt

249 451 301 510 llic
315 451 393 509 enim
409 467 477 526 pars
491 449 624 510 dextera¹
660 467 711 526 pro
743 451 819 509 bono
848 451 1006 522 accipitur:
1027 449 1067 506 ibi
1084 452 1110 518 Α
1125 453 1171 506 ata
1187 449 1269 506 sortis
1284 454 1313 506 et
1328 448 1451 522 rigidus,
1463 451 1491 506 et
1505 445 1769 524 irigocecaslitatis‘
1781 447 1904 507 dammam

247 557 314 598 vero
334 558 390 598 non
410 546 471 599 tam
491 543 616 608 dextera,
644 557 731 615 quam
760 540 913 598 declinatio
947 541 1069 596 dextera
1124 537 1283 612 voluptatis
1301 539 1462 612 exstingue.
1477 538 1653 596 llebrausiu
1668 539 1721 597 hoc
1734 537 1790 596 loco
1801 536 1852 595 tale
1866 553 1905 594 aa·

247 635 420 688 accusatur:
438 648 473 687 ne
489 630 555 704 plus
570 631 720 704 sapiamus
736 647 824 703 quam
841 645 1009 702 superenne
1025 645 1071 684 ne·
1123 627 1184 683 scio
1200 629 1271 702 quid
1287 631 1454 702 suspicatus
1468 633 1523 685 est.
1541 629 1570 685 Si
1586 628 1713 702 aliquam
1728 629 1756 684 in
1770 628 1863 684 mundo
1874 645 1907 682 ae·

247 734 328 774 cesse
340 723 403 774 est:
420 718 489 791 quia
503 717 624 774 vicinias
645 719 675 774 in
692 719 787 774 medio
809 718 908 786 sunt¹,
924 722 953 773 at
967 716 1069 772 nimie·
1124 717 1236 789 ceperis
1250 717 1433 790 dignitatem,
1459 723 1488 773 et
1510 718 1663 774 ordinatus
1684 717 1770 773 lucris
1788 717 1868 788 major
1886 717 1907 770 in

246 810 292 862 tas
311 807 408 862 omnis
424 807 453 862 in
469 807 538 862 vitio
559 811 613 862 est.
636 806 791 879 Sequentia
812 811 908 861 autem
933 805 1069 861 versiculi
1124 804 1252 880 populis,
1269 805 1328 861 noli
1344 805 1507 878 relinquere
1521 807 1618 879 priora
1643 821 1729 878 opera
1741 811 1797 872 tna,
1811 811 1835 860 et
1853 805 1909 860 nnti-

246 894 277 950 iu
294 912 350 967 quo
366 895 424 952 ait:
443 895 570 950 «Sedet
595 896 622 949 in
640 895 685 950 via
709 911 775 950 cum
802 895 911 950 stultus
925 894 1068 962 ambulat,
1123 912 1248 968 quarum
1264 894 1407 951 virtutum
1434 912 1470 952 ue
1497 895 1621 968 incipias
1640 894 1777 960 oblivisci,
1796 893 1910 948 laborem·

246 1000 296 1039 cor
307 985 371 1056 ejus
396 985 516 1054 indiget,
542 987 571 1038 et
595 983 684 1038 dicit:
709 985 805 1039 amuis
829 983 997 1056 insipientia
1013 989 1070 1051 est,
1123 1001 1180 1056 quc
1195 983 1352 1056 pristinum
1369 1000 1425 1039 non
1442 983 1566 1039 habere:
1593 984 1662 1055 quia
1680 983 1868 1055 peccatorum⁵
1880 997 1911 1035 re

244 1072 498 1144 aineinsipieus,u
526 1071 574 1126 bic
599 1077 644 1128 est
666 1089 790 1129 sensus:
815 1073 928 1128 Stultus
954 1076 986 1128 ut
1008 1072 1070 1144 ipsa
1124 1072 1304 1128 mediumex
1333 1071 1550 1128 conversatione
1576 1072 1653 1128 bona
1680 1072 1814 1134 nascitur,
1833 1073 1911 1123 etnon

245 1167 354 1232 peccat,
372 1166 469 1231 sperat
492 1176 595 1216 amnes
620 1177 739 1233 peccare
764 1161 910 1229 similiter,
932 1167 1021 1232 atque
1035 1177 1070 1216 ex
1123 1177 1157 1217 ex
1172 1161 1297 1216 tumenti
1314 1166 1343 1216 et
1365 1160 1514 1231 superllns
1528 1159 1680 1232 dignitate.

244 1266 299 1306 suo
316 1248 432 1319 ingenio
459 1248 611 1305 universos
631 1249 756 1321 judicat.
784 1250 912 1322 Denique
933 1250 1068 1322 Symma-
1160 1273 1173 1300 a
1190 1254 1240 1306 list
1256 1249 1366 1304 malum
1382 1249 1459 1320 quod
1471 1247 1529 1304 vidi
1545 1249 1600 1304 sub
1612 1245 1912 1320 sole,quasiignorantia

245 1336 319 1392 obus
336 1337 376 1392 ita
391 1338 599 1410 interpretatus
623 1343 685 1394 est:
713 1363 727 1389 a
743 1340 798 1394 Sed
815 1345 843 1395 et
857 1340 886 1394 in
901 1340 947 1395 via
962 1339 1069 1394 stultus
1123 1338 1276 1410 egrediens
1291 1355 1309 1393 a
1324 1337 1396 1392 faeie
1411 1337 1559 1410 potentis:
1583 1337 1645 1393 dari
1669 1335 1790 1392 stultum
1803 1335 1831 1390 iu
1843 1332 1912 1391 subii·

245 1426 1069 1499 cnmambulat,ipseinsipienssuspicatnrdeamnibus,
1125 1427 1416 1499 mitatibusmagnis,
1444 1425 1592 1482 etdiviles
1620 1427 1650 1482 in
1677 1425 1780 1481 humili
1797 1424 1913 1480 sedentes.

245 1515 316 1587 quia
330 1513 412 1570 stulti
435 1519 515 1570 sunt.
532 1536 546 1566 a
573 1515 764 1587 Septuaginta
788 1533 853 1571 vero
871 1515 1070 1571 aliumiecere
1123 1517 1190 1572 Vidi
1220 1532 1318 1571 servos
1344 1515 1374 1570 in
1401 1515 1495 1587 equis,
1524 1519 1553 1570 ct
1584 1515 1731 1587 principes
1762 1509 1914 1569 ambulantes

245 1619 377 1673 sensum,
402 1619 461 1674 qun
487 1603 637 1658 dicerent:
667 1624 678 1652 a
705 1603 810 1658 Omnia
833 1620 896 1674 qum
927 1603 1070 1674 iusipiens
1124 1603 1209 1678 quasi
1234 1619 1332 1659 scavos
1354 1619 1444 1675 super
1469 1607 1587 1658 terram.
1607 1625 1621 1652 a
1653 1607 1707 1658 Pro
1730 1619 1763 1658 eo
1787 1601 1855 1674 quod
1878 1615 1915 1654 cos

244 1691 362 1762 cogitat,
379 1707 442 1747 esse
457 1690 627 1746 vanissima.
646 1712 660 1741 s
1124 1691 1298 1766 posuimus:
1315 1715 1329 1742 «
1341 1691 1430 1755 Quasi
1444 1691 1610 1762 ignorantia
1622 1690 1774 1764 egrediens
1786 1687 1872 1745 aiacie
1883 1703 1916 1759 pc·

280 1807 294 1828 a
311 1777 340 1835 Si
356 1777 477 1850 spiritus
493 1779 629 1836 habentia
644 1783 818 1851 potestatem
841 1780 1005 1837 ascenderit
1020 1798 1071 1836 su·
1086 1817 1109 1882 B
1123 1781 1223 1849 tentis,
1242 1803 1255 1830 u
1283 1779 1388 1852 aquila
1411 1785 1439 1836 et
1465 1779 1626 1836 Theodotio
1653 1783 1684 1835 et
1698 1777 1875 1850 Septuaginta
1885 1775 1914 1828 in·

244 1882 295 1938 per
319 1870 357 1933 te,
381 1865 478 1923 locum
502 1874 586 1923 tuum
612 1883 647 1924 nc
678 1868 838 1936 dimiseris,
864 1869 933 1942 quia
959 1869 1071 1926 sanitas
1125 1869 1275 1941 terpretati
1299 1872 1417 1924 suctu
1445 1869 1534 1934 Quasi
1559 1884 1617 1924 non
1647 1861 1915 1939 spontaneuntait

243 1954 426 2026 requiescere
443 1955 511 2011 tacit
521 1961 638 2028 peccata
650 1973 766 2031 magua.
783 1983 793 2006 ·
812 1961 888 2014 410
904 1958 1070 2031 Principem
1125 1964 1181 2026 est,
1196 1956 1234 2018 ὡς
1251 1953 1386 2025 ἀκούσιον,
1404 1979 1417 2006 a
1434 1973 1451 2012 a
1475 1955 1548 2012 iacis
1571 1955 1725 2028 principis.
1743 1976 1757 2005 a
1772 1954 1821 2010 Cui
1832 1951 1914 2008 sabae

244 2043 346 2100 mundi
361 2043 458 2115 istius,
485 2049 513 2100 et
537 2050 679 2102 rectorem
704 2048 888 2103 tenebrarum
911 2047 1027 2114 barum,
1043 2051 1071 2102 et
1124 2052 1206 2102 ctens
1220 2045 1426 2120 Symmachus,
1443 2044 1502 2101 ait:
1522 2067 1532 2092 ι
1550 2045 1683 2100 Positum
1695 2042 1816 2100 stultum
1829 2041 1854 2095 in
1867 2039 1913 2094 sub

243 2137 413 2206 operantem
430 2132 458 2187 in
477 2132 546 2189 aliis
572 2133 751 2200 diffidentiae,
769 2136 854 2206 cujus
869 2141 897 2190 ot
913 2134 1071 2207 Apostolus
1125 2134 1248 2191 limitata
1264 2149 1388 2206 magna:
1414 2133 1519 2189 divites
1543 2136 1640 2188 autem
1667 2133 1767 2189 sedere
1781 2127 1914 2186 humiles·

244 2221 380 2277 meminit
403 2221 511 2293 (linitas.
540 2225 627 2292 u,2;
655 2237 695 2286 vt,
727 2224 779 2294 12),
810 2241 886 2280 nunc
916 2224 1070 2297 Scriptura
1125 2227 1159 2278 ut
1174 2222 1249 2280 hauc
1263 2239 1330 2294 erga
1347 2221 1530 2294 iniquitatem
1553 2238 1583 2276 se
1599 2221 1628 2276 in
1646 2220 1753 2277 seculo
1768 2216 1915 2292 perspexisse

243 2308 399 2382 significat
416 2311 497 2376 Quod
523 2309 547 2366 si
572 2312 600 2366 in
617 2328 666 2366 cnr
692 2317 825 2367 nostrum
852 2313 1026 2382 ascenderit,
1043 2317 1072 2369 et
1125 2315 1347 2379 commemorat,
1371 2311 1450 2380 quod
1475 2310 1608 2366 videatur
1630 2312 1705 2366 m
1728 2309 1862 2380 injustum
1873 2318 1917 2360 case

244 2399 360 2454 animus
384 2397 467 2454 malm
489 2400 674 2472 cogitationis
697 2401 804 2456 vulnus
832 2403 986 2474 acceperit,
1012 2418 1069 2456 non
1126 2400 1355 2472 Deijudicium:
1377 2404 1406 2454 et
1421 2399 1481 2454 sive
1496 2414 1547 2470 per
1568 2398 1793 2470 ignorationem,
1807 2397 1859 2451 sive
1872 2393 1917 2448 aba·

244 2486 387 2543 debemus
413 2487 466 2558 [lt.
492 2487 662 2561 debeamus]
687 2488 783 2544 lacum
810 2489 888 2546 ultra
910 2490 1038 2546 tribuere
1050 2491 1072 2560 ³,
1125 2505 1182 2562 qne
1198 2489 1263 2559 ejus
1279 2488 1341 2543 fieri
1358 2487 1518 2556 voluntate,
1531 2489 1563 2541 nt
1578 2485 1619 2542 rel
1636 2487 1666 2541 in
1683 2484 1786 2542 mundi
1800 2478 1918 2556 potestati·

246 2575 296 2630 sed
322 2591 452 2647 pugnare
481 2581 581 2631 eorrtra
609 2576 814 2648 cogitationem
841 2578 1012 2649 pessimam,
1044 2581 1073 2632 et
1126 2578 1215 2646 tibus,
1242 2576 1286 2632 vel
1310 2577 1339 2632 in
1366 2575 1499 2632 ltcclesise
1525 2575 1724 2647 principatn⁷‚
1740 2574 1769 2629 bi
1784 2571 1830 2644 qui
1843 2569 1919 2626 divites

243 2662 368 2718 liberare
384 2680 437 2720 uos
452 2681 468 2720 a
484 2670 601 2737 peccato
623 2665 761 2737 maxima,
785 2683 821 2722 ue
836 2666 947 2722 scilicet
962 2667 1071 2738 cogita·
1126 2665 1240 2722 suntin
1256 2680 1391 2721 sermone
1406 2669 1494 2736 atque
1519 2663 1675 2736 sapientia,
1704 2661 1806 2717 divites
1819 2655 1919 2714 etiamin

244 2751 353 2808 tionem
369 2768 455 2824 opere
479 2753 699 2825 compleamus:
717 2755 787 2826 quia
810 2753 890 2810 alind
907 2754 1071 2827 cstcogita-
1127 2754 1264 2832 operibus
1288 2753 1383 2820 bonis,
1410 2751 1554 2825 ignobiles
1580 2752 1712 2818 sedeant,
1739 2755 1767 2806 et
1783 2746 1920 2820 imprudens

245 2841 334 2908 tione,
351 2840 431 2896 uliud
447 2858 532 2914 opere
560 2859 687 2914 peccare.
704 2843 744 2898 De
760 2859 817 2914 quo
833 2844 937 2915 grandi
954 2847 1071 2914 peccato
1127 2844 1253 2916 quisque
1264 2843 1292 2896 iu
1307 2840 1434 2896 Ecclesia
1452 2839 1648 2913 principatum
1661 2844 1769 2896 teneat.
1781 2838 1835 2893 lloc
1848 2837 1919 2890 anun

244 2933 274 2985 et
286 2929 315 2984 ia
333 2929 447 2985 Psalmo
472 2930 632 2985 scribitur:
654 2932 685 2986 Si
710 2934 765 2986 mei
787 2947 840 2985 noa
865 2933 970 3001 scierint
984 2932 1070 2986 dorni·
1127 2932 1188 2986 deri
1204 2929 1361 3004 Apostolus
1378 2947 1435 2984 non
1459 2933 1568 2984 tacete
1591 2927 1720 2994 diabolo,
1738 2925 1828 2999 quiin
1842 2919 1920 2978 secolo

244 3020 315 3088 acti,
331 3021 396 3072 toric
416 3019 610 3074 immaculatus
635 3035 690 3088 ero,
716 3028 742 3076 et
760 3019 924 3074 emendator
938 3037 956 3074 u
970 3021 1071 3074 delicto
1126 3020 1213 3076 babet
1228 3022 1401 3090 potestatem
1416 3018 1436 3082 ⁸,
1454 3020 1487 3072 nt
1502 3016 1555 3089 [at.
1571 3017 1655 3086 dum]
1671 3019 1803 3087 potentes
1817 3020 1920 3084 quosque

243 3107 364 3161 maximo
398 3105 483 3176 (Paci.
527 3124 607 3172 xvrrr,
643 3107 680 3177 l).
713 3106 908 3179 Symmachus
950 3109 1070 3163 verbum
1125 3103 1921 3180 etdoctosvirospremat,uecsosinpopnlisappnrert

245 3192 417 3247 llebraicum
434 3193 542 3264 (asim)
559 3196 773 3265 uaaannqcod
790 3211 891 3251 omnes
904 3192 984 3267 ‘tepea
1011 3197 1065 3252 boc
1083 3182 1103 3248 C
1123 3195 1283 3268 permittat,
1306 3194 1370 3250 illus
1393 3209 1458 3250 vero
1486 3210 1560 3265 quos
1581 3192 1637 3248 scit
1661 3191 1857 3264 imprudentes
1875 3197 1920 3238 esst

242 3283 297 3346 est,
322 3281 466 3336 condatem
491 3281 535 3336 vel
560 3284 741 3353 curationem,
767 3283 904 3339 similiter
938 3289 1069 3340 transtu·
1127 3285 1156 3340 in
1181 3282 1327 3350 Ecclesiis,
1357 3282 1442 3338 iaciat
1464 3297 1528 3337 esse
1553 3282 1693 3353 majores,
1708 3284 1742 3336 ut
1756 3269 1920 3334 casinensis

244 3365 353 3434 lerunt,
369 3367 578 3440 interpretatus
602 3375 646 3424 cst
673 3372 707 3426 ad
733 3387 865 3440 sensum,
882 3377 910 3427 et
925 3373 966 3428 ait
987 3389 993 3427 :
1010 3397 1023 3424 a
1041 3374 1069 3428 Si
1126 3374 1273 3429 ducantur
1288 3372 1316 3426 in
1333 3372 1454 3426 ioveam.
1473 3371 1503 3425 ln
1519 3369 1597 3424 bunc
1612 3383 1736 3424 sensum
1753 3365 1818 3422 iacit
1828 3368 1853 3419 et
1868 3357 1919 3414 illut

243 3455 366 3528 spiritus
379 3455 521 3530 principis
538 3459 655 3514 irruerit
672 3459 781 3525 tibi,de
796 3459 859 3516 loco
875 3466 924 3516 tuo
942 3479 976 3516 ne
993 3479 1070 3518 rece·
1127 3462 1202 3535 qnod
1234 3459 1387 3532 sequitur:
1411 3482 1425 3510 «
1454 3458 1520 3513 Vidi
1551 3473 1649 3514 servos
1684 3449 1921 3528 superequos’.tt

243 3545 314 3601 das:
346 3543 416 3616 quia
438 3545 579 3618 pudicitia
599 3547 766 3618 comprimit
781 3552 897 3617 peccata
923 3564 1037 3620 magua.
1057 3571 1070 3598 a
1127 3549 1273 3623 principes
1289 3546 1439 3604 ambulare
1454 3546 1539 3618 quusi
1567 3561 1666 3601 servos
1693 3560 1783 3616 snper
1801 3546 1920 3597 terram-r

243 3633 273 3688 Id
299 3637 353 3696 est,
376 3631 401 3688 si
425 3632 587 3690 titillaverit
608 3639 735 3690 mentem
760 3639 843 3690 tuam
871 3635 1016 3703 diabolus,
1043 3641 1073 3694 et
1127 3640 1209 3707 Quod
1225 3637 1255 3692 hi
1271 3637 1320 3709 qui
1334 3635 1408 3692 servi
1424 3639 1494 3691 sunt
1507 3635 1644 3690 vitiorum
1662 3621 1922 3706 atquepeccati,sitt

242 3725 270 3778 te
282 3722 318 3778 ad
335 3721 487 3778 libidinem
513 3723 708 3787 concitaverit.
737 3741 773 3779 ne
800 3725 933 3796 sequaris
959 3727 1069 3798 eogita-
1127 3733 1188 3784 tam
1203 3726 1342 3790 humiles,
1358 3730 1391 3780 ut
1406 3725 1479 3780 servi
1497 3725 1533 3779 ab
1549 3723 1722 3778 hominibus
1737 3719 1920 3790 computentur.

243 3810 352 3866 tionem
368 3811 529 3882 pessimam
545 3817 574 3866 et
590 3811 787 3868 blandientem
805 3812 983 3885 voluptatem
998 3832 1004 3869 :
1022 3815 1071 3870 sed
1127 3816 1224 3872 subita
1239 3831 1256 3870 a
1270 3811 1385 3869 diabolo
1402 3813 1542 3885 dignitate
1567 3811 1680 3884 perilati
1693 3812 1724 3877 ¹⁰,
1745 3809 1805 3865 vias
1820 3801 1922 3878 publicu

245 3914 337 3970 limen
353 3915 493 3988 attigerit,
520 3921 548 3970 et
573 3917 601 3970 in
626 3931 693 3970 eum
720 3915 815 3971 locum
840 3918 959 3984 venerit,
981 3929 1072 3990 partes
1129 3922 1332 3977 universorum
1358 3919 1492 3974 codicum
1518 3935 1589 3973 mss.
1611 3921 1753 3988 appareat
1767 3915 1821 3970 duo
1835 3915 1921 3966 tantum

245 3987 294 4066 utri
309 4003 338 4040 ce
353 3988 398 4041 cic
412 3988 492 4057 findit
508 3987 1009 4056 iccaraecahaereatnutatuucasae
1025 4009 1073 4046 ue·
1128 3992 1224 4066 posita
1239 3993 1329 4046 l'ursse
1345 3991 1381 4045 ab
1399 3991 1582 4063 llierouymo.
1603 3989 1748 4044 linarias.

245 4057 363 4113 scratiu
380 4073 468 4129 quam
486 4074 517 4112 se
533 4063 644 4130 partem
661 4058 901 4129 potiusineliuet.
919 4061 947 4116 Si
965 4062 1068 4116 ducum
1163 4061 1322 4118 ⁷Martian.
1350 4061 1494 4116 contrario
1523 4077 1622 4124 sensu,
1648 4047 1922 4130 eoqueincommcdo.

245 4131 351 4206 nactus
368 4129 466 4190 inerit.
483 4128 533 4200 qui
555 4128 662 4201 dirigat
686 4130 722 4184 ad
744 4130 872 4196 meliora,
890 4151 904 4181 a
919 4136 988 4198 etc„
1006 4150 1071 4204 qua
1129 4137 1158 4191 la
1177 4131 1305 4190 Ecclesiae
1320 4134 1477 4202 principatu
1500 4146 1572 4203 coepc
1597 4129 1627 4186 lai
1649 4129 1773 4194 sedeunt,
1788 4127 1833 4197 poi
1851 4121 1923 4176 dardan

245 4199 355 4254 videsis
366 4198 584 4272 elegantissime
597 4205 657 4256 toto
672 4199 721 4256 illc
733 4201 826 4272 cupite
841 4203 1001 4274 disputata.
1128 4214 1192 4262 suat
1209 4206 1238 4258 iu
1253 4219 1377 4259 terrenae
1394 4209 1474 4274 utque
1501 4203 1660 4274 cupieratim
1688 4201 1784 4257 diuites
1797 4195 1871 4254 caim.
1883 4193 1921 4268 tii·

281 4271 289 4304 ¹
308 4271 370 4326 Duo
386 4270 522 4337 Palatini,
539 4271 651 4326 deutero
664 4287 730 4342 pora
745 4271 768 4325 Y
782 4288 832 4343 pro
848 4273 924 4344 borso,
947 4278 1000 4328 cte.
1129 4293 1187 4349 qun
1201 4275 1231 4330 in
1248 4274 1310 4330 loco
1328 4273 1450 4330 Palatia,
1467 4273 1549 4344 alter‚
1573 4275 1665 4328 Etiam
1679 4274 1708 4327 ia
1724 4269 1843 4344 operibus
1856 4264 1921 4318 tacta

282 4341 385 4412 'Quia
400 4344 515 4398 virtutes
530 4343 560 4396 ira
574 4341 744 4397 mediatum.
757 4342 796 4398 lle
809 4343 862 4399 bac
875 4345 1074 4400 mediocritate
1128 4349 1183 4403 etsi
1202 4347 1231 4400 in
1248 4346 1391 4400 humiliate
1406 4345 1539 4414 ipaotilcs
1553 4343 1673 4411 sedeant,
1690 4347 1745 4398 etc.
1920 4397 1922 4404 ,

247 4413 392 4468 virtutum
430 4412 537 4468 tartara
561 4431 590 4468 re
613 4411 686 4468 eries
713 4415 742 4468 iu
767 4415 844 4470 notis
864 4416 1075 4486 uostrissupra
1164 4418 1252 4473 ⁸Duo
1281 4415 1403 4471 Palatini
1435 4421 1462 4472 et
1496 4415 1653 4480 Victorius,
1694 4415 1747 4468 lloc
1774 4416 1857 4486 autem
1878 4399 1921 4471 im

247 4482 301 4540 col.
331 4485 391 4564 id3:
408 4429 478 4554 ilict.
504 4431 649 4552 ccliiii,
666 4483 711 4538 aa.
730 4487 805 4566 nost.
823 4487 912 4540 nat.¹.
932 4487 1072 4542 literram.
1129 4488 1238 4544 cubitu
1263 4488 1325 4559 ejus
1354 4491 1416 4557 [pro
1445 4487 1585 4558 Apostolus
1612 4503 1668 4541 aaa
1695 4489 1764 4541 iacet
1788 4472 1921 4558 carciola.

282 4555 448 4610 ³rtlcurnus
463 4571 497 4608 ae
509 4560 620 4610 veteres
644 4553 752 4624 vulgata
775 4554 850 4620 libri,
867 4557 939 4612 citro
955 4556 1073 4613 babent.
1091 4547 1112 4610 D
1128 4561 1176 4632 pai
1187 4561 1217 4614 ia
1232 4560 1332 4614 secrato
1350 4557 1438 4623 liciat,
1464 4563 1518 4614 etc.
1541 4557 1632 4613 Vatic.
1655 4557 1719 4628 fieri
1739 4553 1794 4609 cult
1808 4561 1867 4620 epac,
1881 4555 1920 4612 lm·

248 4625 314 4681 Mox
339 4629 466 4696 quatuor
494 4642 566 4682 urse.
591 4629 623 4681 Et
647 4626 761 4680 titeruri
785 4631 1072 4697 cpeccatomccirnc.
1130 4636 1184 4688 eto.

249 4701 405 4752 Peccatum
432 4713 498 4753 vcro
523 4698 682 4753 marciarum
708 4703 799 4762 vocat,
824 4700 1073 4770 querrradmodum
1164 4702 1174 4735 ⁰
1190 4701 1261 4755 Tres
1277 4716 1348 4755 mss.
1364 4703 1393 4755 et
1408 4699 1563 4766 Victorius,
1588 4699 1646 4756 Vidi
1660 4713 1751 4754 seruos
1764 4693 1852 4750 sectere
1863 4695 1922 4755 saper

248 4769 435 4826 observatum
464 4767 549 4823 rrubis
574 4774 619 4824 est
643 4765 723 4831 alibi,
738 4770 766 4821 et
781 4767 810 4822 in
826 4770 911 4840 epist.
928 4771 963 4825 ud
979 4772 1074 4826 ileme-
1129 4787 1217 4844 cauca,
1232 4776 1285 4825 otc.
1303 4770 1384 4826 Unus
1397 4771 1568 4826 crntcluotcs
1582 4769 1679 4836 balcet,
1697 4785 1749 4842 pro
1764 4763 1855 4820 secere

247 4839 331 4910 tried,
349 4838 444 4911 ipsam
460 4839 664 4908 cogitationem
682 4855 801 4909 pravam
817 4857 902 4912 opere
918 4842 1073 4915 ccrnplsre.
1166 4844 1187 4878 ¹⁰
1201 4844 1221 4896 Α
1237 4841 1344 4896 diabolo
1358 4841 1493 4910 diprritctc
1503 4839 1848 4914 perticatil'amosissimns
1860 4827 1921 4881 locus

284 4941 318 4950 —
333 4913 433 4966 Locum
448 4913 525 4967 uitro
540 4911 669 4966 traicere.
691 4909 833 4967 Proetus
848 4919 957 4968 veteres
972 4914 1075 4968 editio·
1130 4930 1197 4970 cnm
1214 4917 1331 4986 propiet·
1345 4912 1555 4985 caenaplcrium
1572 4911 1717 4967 variantes
1728 4907 1867 4983 lectiones,
1877 4903 1919 4969 ΜΨ

250 4998 303 5038 nes
314 4981 386 5037 ultro
398 4988 569 5055 posuerunt.
587 4981 662 5054 quod
676 4979 766 5035 atium
784 4982 867 5052 [clauc
882 5002 913 5039 ac
927 4985 1074 5040 diversum
1132 4989 1247 5058 propter
1263 5001 1317 5038 arou
1336 5001 1428 5066 pauca
1450 4983 1522 5039 ialsn
1534 4983 1632 5038 additu
1654 4986 1681 5036 et
1697 4986 1826 5058 corrupta
1840 4989 1864 5026 m
1877 4963 1919 5040 edt-¹

251 5052 340 5108 cilicii
364 5070 495 5109 sensum.
521 5054 739 5125 consequenter
766 5054 854 5109 ctiam
880 5055 982 5126 legunt
1006 5073 1073 5111 cum
1129 5056 1209 5111 tione
1232 5056 1402 5110 Erasmrnna
1417 5054 1487 5110 etin
1504 5053 1617 5127 aliquot
1636 5069 1707 5108 mss.
1724 5047 1871 5106 codicibus.
1885 5035 1920 5089 ubl

251 5123 353 5180 rnrrltis
368 5126 584 5198 exemplaribus
601 5143 685 5191 raras,
696 5129 723 5180 et
738 5123 883 5182 literaria
898 5134 1005 5196 peccato
1020 5144 1074 5182 mu·
1131 5127 1173 5184 sic
1187 5130 1353 5182 contextum
1369 5127 1558 5196 depravatum
1583 5124 1725 5194 legimus:
1748 5119 1837 5176 Subito
1850 5107 1921 5166 calca·

255 5196 340 5248 :cirnc
357 5195 498 5252 Maarrau.
1131 5199 1189 5254 boto
1213 5198 1347 5268 dipnc'tcte
1367 5214 1417 5268 per
1431 5199 1537 5268 tlcpitic
1550 5196 1662 5268 publico
1676 5194 1857 5250 sublimentur,
1872 5187 1919 5302 ili*

287 5264 345 5319 ‘El
367 5267 470 5336 [ripere
492 5270 637 5323 rastitatis.
665 5269 693 5322 lu
718 5267 868 5322 radicibus
895 5285 950 5322 rron
973 5269 1074 5340 plaucis
1130 5270 1209 5340 sculpo
1235 5269 1353 5324 lectrices
1379 5269 1541 5393 appellunt:
1565 5269 1697 5338 marpistcr
1724 5270 1810 5318 ocimu
1842 5267 1872 5332 iti
1887 5247 1919 5300 ¹1¹¹

254 5351 325 5415 mss3
343 5357 356 5382 o
373 5336 527 5408 defrigere
552 5339 713 5402 charitatis,
738 5339 887 5393 ssanrrnam
914 5339 1075 5412 voluptatis
1130 5343 1252 5422 quisquc,
1282 5345 1336 5394 etc.
1366 5341 1405 5394 Eu
1428 5355 1473 5394 em
1502 5341 1589 5420 modo
1608 5337 1676 5408 legit
1691 5351 1745 5390 ms.
1761 5329 1918 5413 sorbonicus-

253 5410 443 5486 exstingue.»
870 5409 1012 5467 ltlaarrau.
1131 5417 1285 5467 statumen
1313 5414 1343 5465 nt
1372 5427 1428 5464 noa
1457 5415 1579 5466 retineat
1601 5389 1917 5464 acccuratissime-,et

288 5476 390 5530 ⁵llrlrtr
415 5477 527 5531 addunt
556 5485 674 5543 tuorum,
705 5478 860 5534 silentibus
884 5498 956 5538 mss.
982 5481 1076 5554 quiet
1132 5482 1316 5555 prolutuicoa
1344 5479 1449 5535 babeat
1476 5482 1602 5546 luridos3
1632 5477 1727 5534 sedin
1757 5467 1917 5538 maritimi

253 5549 427 5602 cennersr'orrc
441 5565 491 5618 pro
507 5555 711 5604 conuersatione
727 5550 836 5618 legunt.
1131 5552 1255 5623 scriptor
1269 5550 1348 5606 illius
1365 5551 1539 5624 exemplaris
1554 5551 1613 5607 haec
1629 5550 1708 5605 addit
1722 5564 1736 5602 a
1750 5530 1916 5600 laureatus

289 5619 400 5688 6Ωιιαεί
413 5629 672 5726 aorrapcutcueuru.
698 5621 999 5680 Multacverbattrccco
1014 5641 1076 5679 mo·
1130 5625 1213 5690 liber,
1236 5625 1348 5696 perflati
1372 5626 1431 5680 etin
1453 5625 1576 5695 publicos
1603 5635 1712 5678 canaam
1739 5613 1827 5672 creat.
1854 5599 1916 5660 Uadi

254 5707 285 5748 re
300 5705 353 5748 suo
368 5687 482 5746 addunt

497 5688 543 5743 uic
572 5694 682 5745 veteres
708 5689 858 5762 editiones,
886 5710 952 5762 cnm
969 5711 1003 5752 ex
1018 5696 1076 5753 fide
1131 5696 1312 5786 exploratum
1337 5693 1480 5754 habemus
1503 5694 1660 5768 genuinam
1677 5687 1820 5748 lectionem
1844 5681 1913 5748 quim
