4078 6162
118 269 179 344 δίό
674 273 791 344 Lim
809 283 864 343 bil
883 275 987 344 mnis
1008 281 1280 348 inconsultans.
1769 283 1830 352 δθί
1875 307 1882 332 ·

117 401 312 477 ’,Δλεξανθρείρ
358 401 511 475 ἐκλήθησαν
548 405 576 462 έν
613 413 673 470 τοῖς
716 409 828 485 χρόνοις
870 412 952 478 864
965 414 1299 489 Aquatempestateet
1317 415 1481 473 Cocbebus¹
1502 415 1562 473 dux
1582 417 1711 476 iudaicae
1733 419 1832 478 lactio-

117 491 274 570 ’Δδριανοιη
294 491 340 550 δ’τε
359 495 404 553 καὶ
430 489 550 571 Κόχιόδς
576 497 591 551 ὁ
616 501 670 554 τῶν
699 495 836 556 Ἰουδαίων
863 499 951 576 ηγοό-
1007 505 1065 574 nis,
1080 504 1261 562 Christianos
1287 505 1378 562 variis
1404 505 1557 579 suppliciis
1570 507 1708 564 enecavit.
1729 507 1731 510 ’

118 603 198 656 μενος
211 580 342 646 πολλούς
369 587 423 642 τῶν
454 589 621 657 Χριστιανῶν
641 583 782 650 ποικίλαις
802 589 952 665 τιμωρίαις

119 670 272 744 ἀνήλωσεν.

856 795 972 852 CAPUT
992 793 1077 852 XXll.

155 887 327 963 ’Πχησιππος
345 891 401 943 τῶν
431 887 538 966 χρόνων
568 893 623 947 τῶν
649 888 835 962 ἀποστόλων,
865 892 953 954 πασας
1044 894 1226 968 Hegesippus
1242 895 1355 954 vicinus
1372 895 1598 968 apostolicorum
1610 901 1789 972 temporum,
1804 903 1833 960 et

124 979 180 1034 οἰπὸ
195 981 243 1032 τοο
268 978 368 1040 πίθους
392 981 441 1032 τοῦ
467 976 578 1054 Κυρίου,
594 975 648 1040 έως
667 983 720 1033 τῶν
738 976 814 1034 ἰδίων
833 980 953 1058 χρόνων,
1010 999 1112 1040 omncs
1128 1002 1145 1040 a
1159 985 1296 1058 passione
1310 983 1426 1040 Domini
1445 1001 1538 1058 usque
1553 986 1589 1041 nd
1610 1002 1695 1043 suam
1720 991 1835 1045 ntalem

123 1071 179 1122 τῶν
205 1063 437 1136 ἐκκλησιαστικιῑιν
461 1067 582 1138 ποάξεων
612 1067 729 1147 ὑροιίνων
757 1068 878 1132 ίσιοοίας
907 1069 952 1124 καί
1010 1071 1276 1130 Εοοίοοίοοίίοοσοπι
1293 1077 1413 1130 actuum
1426 1078 1527 1129 texens
1547 1073 1697 1146 historias,
1723 1073 1834 1134 multe-

122 1153 269 1217 πολλέεῖς
292 1151 393 1233 ὄφελος
417 1159 471 1210 τῶν
501 1155 741 1231 ἀναγινωσκόντων
770 1156 951 1227 συντείνοντα,
1009 1176 1065 1232 que
1080 1160 1115 1216 ad
1131 1161 1288 1219 utilitatem
1311 1160 1470 1235 legentium
1487 1161 1663 1236 pertinentia
1676 1163 1746 1220 binc
1767 1165 1835 1221 inde

118 1243 290 1322 πανταχόθεν
312 1241 454 1320 συλλέγων
477 1244 557 1298 πέντε
572 1245 702 1315 συνέθηκε
718 1239 833 1319 βίδλους
849 1242 952 1300 ἁπλου-
1008 1265 1202 1323 congregans,
1228 1252 1358 1324 quinque
1382 1249 1473 1307 libros
1488 1251 1681 1324 composuit’,
1698 1268 1834 1310 sermone

117 1335 208 1410 στέριρ
237 1331 327 1407 λόγῳ,
357 1331 427 1387 ὥστε
456 1331 565 1388 ἐκείνων
597 1333 783 1408 ἐξηγήσασθαι
811 1339 952 1410 χαρακτῆ-
1008 1338 1146 1410 simplici,
1173 1343 1206 1396 ut
1231 1355 1357 1412 quorum
1381 1339 1470 1394 vitam
1504 1340 1681 1410 sectabatur,
1718 1340 1835 1400 dicendi

117 1422 234 1496 ρκς,ὧν
264 1425 306 1494 τῷ
337 1421 391 1496 βίῳ
419 1419 603 1492 ἐξηκολοόθει.
635 1422 736 1478 Φάσκει
763 1419 792 1477 δέ
811 1421 953 1493 ἐπιστῆναι
1008 1443 1125 1500 quoque
1140 1428 1315 1502 exprimeret
1330 1427 1661 1486 characterem.Asserit
1676 1429 1835 1487 sevenisse

116 1515 150 1586 τῇ
175 1511 271 1585 Ῥώμη
301 1507 345 1566 ἐστὶ
373 1513 528 1582 Ἀνικήτου,
548 1513 596 1565 τοῦ
621 1512 689 1584 μετὰ
713 1511 814 1587 Πέτρον
840 1509 952 1566 δεκάτου
1008 1517 1063 1575 snb
1092 1515 1210 1573 Aniccto
1230 1515 1366 1588 Romam,
1392 1517 1442 1588 qui
1466 1515 1598 1572 decimus
1622 1522 1689 1590 post
1703 1517 1835 1586 Petrum,

117 1599 270 1656 ἐπισκόπου
304 1644 311 1670 ,
341 1600 386 1654 καὶ
429 1596 641 1655 διατετελεκέναι
683 1591 752 1676 θίχπι
793 1597 953 1676 Ἐλευθέρου
1008 1606 1163 1681 episcopus
1179 1606 1614 1680 suit,ctperseverasseusque
1642 1606 1678 1662 ad
1703 1606 1835 1664 Eleuthe-

117 1689 270 1745 ἐπισκόπου
293 1695 344 1758 τῆς
367 1689 572 1764 προειρημένης
600 1688 721 1762 Ῥώμης,
748 1689 780 1750 δς
807 1690 952 1760 'Aristeus
1009 1711 1075 1752 rum
1091 1693 1225 1768 ejusdem
1240 1693 1322 1750 urbis
1337 1693 1525 1766 episcopum³
1544 1695 1595 1768 qui
1611 1694 1725 1751 Aniceti
1739 1711 1837 1768 quon·

116 1775 246 1839 διάκονος
277 1775 407 1852 ἐγεγόνει.
432 1777 482 1832 Καὶ
511 1779 579 1832 κατὰ
603 1780 657 1831 τῶν
689 1773 813 1831 εἰδώλων
836 1775 952 1852 έξηχοό-
1010 1784 1079 1838 dam
1103 1783 1244 1839 diaconus
1270 1783 1374 1838 iuerat.
1401 1783 1542 1840 Praeiecca
1563 1783 1719 1840 adversum
1757 1782 1836 1840 idola

118 1887 213 1942 μενος,
239 1865 270 1921 ἐκ
292 1865 373 1928 ποίας
401 1870 510 1942 πρῶτον
538 1863 648 1936 πλάνης
671 1865 791 1936 ηὐξήθη,
817 1866 954 1938 συνέταξεν
1011 1872 1177 1945 disputans,
1194 1889 1228 1927 ex
1243 1888 1300 1944 quo
1316 1871 1445 1945 primum
1461 1888 1558 1928 errore
1572 1871 1742 1938 crevissent,
1759 1871 1833 1928 sub-

117 1953 256 2032 θστορίαν,
282 1951 388 2018 δεικνὺς
419 1954 444 2009 ἐν
474 1955 565 2018 ποίοις
594 1952 697 2024 ἤνθησε
718 1959 834 2031 καιροῖς.
854 1957 955 2011 bisam
1010 1961 1083 2017 texit
1110 1959 1276 2030 historiam,
1306 1976 1341 2016 ex
1369 1977 1429 2032 qun
1463 1961 1604 2030 ostendit,
1638 1959 1839 2036 qualloruerit

121 2045 179 2120 γὰρ
216 2042 301 2105 ebro:
331 2062 338 2074 ·
369 2066 384 2094 ιι
412 2037 540 2116 Τόμὸονς
571 2048 631 2105 τοῖς
663 2048 769 2119 νεκροῖς
802 2045 847 2100 καὶ
876 2065 957 2107 icoo<
1011 2052 1104 2106 etate.
1129 2048 1176 2103 Ait
1202 2048 1325 2104 enim⁴2
1352 2071 1366 2098 ιι
1389 2047 1531 2105 Tumulos
1564 2050 1690 2106 mortuis
1713 2049 1836 2122 templa-

123 2131 303 2202 ἐποιήσαντο,
330 2133 400 2186 καθὰ
429 2127 494 2209 θχρι
523 2139 574 2202 τῆς
604 2129 685 2209 δεῦρο
713 2134 833 2208 δρῶμεν,
859 2135 903 2214 ἀρ’
918 2135 956 2190 ὧν
1011 2153 1067 2211 que
1083 2138 1225 2203 lecerunt,
1243 2135 1319 2192 sicut
1334 2153 1428 2208 usque
1449 2135 1536 2194 bodie
1559 2137 1712 2194 videmus:
1738 2138 1839 2211 equi-

122 2220 202 2276 ἐστιν
231 2219 276 2274 καὶ
307 2219 455 2292 Ἀντίνους,
486 2218 615 2284 ὁδοῦλος
644 2217 786 2298 ’Δθριανοῦ
812 2223 955 2298 Καίσαρος,
1010 2225 1066 2282 bus
1081 2229 1126 2281 est
1140 2228 1169 2280 et
1188 2225 1346 2292 Antinous,
1361 2240 1463 2280 servus
1477 2224 1616 2280 Hadriani
1638 2224 1772 2290 Cesaris,
1788 2225 1836 2281 cui

120 2309 234 2371 οὔτινος
266 2308 311 2364 καὶ
348 2309 481 2384 γυμνικός
515 2310 588 2386 ἀγὼν
623 2309 649 2365 ἐν
678 2315 713 2385 τῇ
746 2310 860 2384 ’Λντίνῳ
896 2310 956 2366 ἐπι·
1011 2317 1039 2370 et
1053 2312 1207 2386 gymnicus
1222 2329 1297 2385 agon
1319 2316 1467 2370 exercetur
1491 2314 1569 2387 apud
1593 2312 1752 2369 Antinoum
1769 2312 1838 2368 civi-

123 2397 261 2468 τελεῖται,
282 2399 328 2452 καὶ
361 2394 517 2453 τὸδίκαιον
543 2404 595 2468 τῆς
623 2396 732 2462 πόλεως
758 2399 787 2454 έκ
807 2407 859 2470 τῆτ
875 2399 956 2455 αιίτοῦ
1016 2403 1139 2470 tatem⁵,
1156 2400 1507 2474 quumexejusnominc
1530 2401 1672 2470 condidit,
1691 2404 1719 2456 ei
1733 2400 1839 2458 statuit

123 2485 320 2565 προσηγορίας
360 2485 468 2564 ἔτυχε,
497 2487 543 2543 καὶ
582 2490 725 2566 προφήτας
769 2487 794 2544 έν
833 2493 873 2562 τῷ
900 2493 957 2562 ναῷ
1011 2491 1169 2564 prophetes
1184 2491 1214 2546 in
1230 2489 1366 2563 temptet.
1391 2511 1406 2541 »
1420 2489 1580 2548 Antinoum
1596 2494 1694 2550 autem
1709 2489 1740 2548 in
1762 2488 1834 2546 deli-

122 2574 247 2648 έπησε.
279 2601 295 2628 ιι
322 2576 372 2632 Τὸν
402 2573 430 2632 δέ
462 2575 599 2632 ‘cortrone
638 2576 664 2632 έν
693 2582 733 2651 τῷ
767 2577 865 2652 μεταξὺ
901 2581 954 2634 τῶν
1010 2580 1064 2638 ciis
1077 2579 1216 2638 habuisse
1235 2579 1331 2636 Caescr
1344 2577 1511 2636 Hadrianus
1526 2579 1673 2638 scribitur.

123 2663 285 2720 αῖδιλικίων
316 2665 355 2744 (α)
385 2664 530 2744 ἐσχηκέναι
557 2663 697 2742 Ἀδριανόν
727 2687 799 2729 τινες
828 2653 954 2744 συγγρά-

122 2776 232 2836 Wint-

868 2874 985 2933 CAPUT
1004 2875 1100 2933 Xlllll·

154 2975 309 3032 ἰουσιῖνος
338 2967 499 3048 ριλόσορος,
527 2971 572 3027 καὶ
599 2974 639 3046 τῷ
655 2971 780 3046 σχήματι
807 2973 861 3026 τῶν
877 2969 994 3050 φιλο-(ξ
1049 2971 1838 3050 lustinusphilosophus,babituqnoquepbilosopbo·

122 3061 217 3140 σίραιον
248 3060 422 3136 χρώμενος,
453 3060 505 3116 ἀπὸ
531 3067 584 3130 τῆς
617 3057 793 3116 Νεαπολιτῶν
823 3059 956 3138 ἐπαρχίας

124 3147 331 3218 Παλαιστίνης,
362 3147 393 3206 ἐκ
424 3148 525 3224 πατρὸς
554 3148 673 3225 Πρίσκου
702 3149 860 3225 Βακχείου,
891 3150 957 3225 ὑπέρ
1013 3151 1112 3206 Prisco
1142 3149 1294 3220 Bacchiol,
1320 3166 1372 3224 pro
1397 3150 1537 3224 religione
1552 3150 1660 3208 Christi
1675 3152 1837 3225 plurimum

1013 3079 1078 3118 rum
1094 3063 1282 3130 incedens,do
1300 3061 1419 3136 Neapoli
1444 3062 1515 3120 urbe
1536 3061 1723 3131 Palestinn⁷,
1753 3070 1835 3139 patre
1930 3135 1933 3142 ⁴

123 3245 174 3307 τῆς
204 3236 353 3314 θρησκείας
393 3241 447 3292 τῶν
486 3241 654 3312 Χριστιανῶν
698 3237 767 3292 πάνυ
805 3237 957 3309 ἐκοπίασεν,

126 3321 199 3382 ὥστε
227 3325 271 3380 καὶ
298 3325 454 3400 Ἀντωνίνῳ
482 3326 559 3386 801
588 3329 628 3398 τῷ
657 3323 772 3396 ἐπίκλην
801 3326 886 3399 Πίῳ,
914 3328 959 3382 καὶ

126 3414 186 3476 τοὶς
216 3412 426 3484 τσότουυὶεῦσι,
454 3414 500 3468 καὶ
527 3417 561 3488 τῇ
591 3411 740 3489 συγκλήτῳ
771 3407 866 3488 βίὸλον
892 3417 960 3470 κατὰ

174 3613 181 3646 ¹
200 3611 238 3689 lp,
249 3609 420 3682 quibusdam
435 3611 664 3686 Hieronymism.
676 3612 830 3670 codicibus
855 3613 957 3672 cume-

132 3683 198 3740 cus:
215 3698 315 3808 οισςμιο
334 3701 432 3742 revers
453 3689 499 3742 est
522 3685 700 3758 quaudoque
719 3683 885 3768 appellatus
905 3685 958 3740 im·

127 3759 234 3828 postor
249 3752 297 3810 ile
322 3763 420 3818 mon
440 3767 487 3822 iz,
513 3755 589 3826 fitius
616 3755 759 3812 incuducei
780 3773 787 3813 ε
805 3773 872 3811 curn
893 3772 957 3828 pro·

124 3827 227 3900 prium
244 3841 352 3882 nomen
362 3831 441 3882 esset
451 3825 704 3893 Coobeboamm
715 3826 844 3897 'multius
856 3828 955 3884 stelle.

160 3901 172 3933 ²
183 3897 290 3954 Eximii
305 3897 395 3953 hu'us
411 3897 507 3980 operis
517 3897 635 3954 nonnisi
646 3898 779 3970 quedam
791 3898 957 3970 fragmenta

123 3974 250 4097 τέσσαρα,
266 3986 332 4042 que
344 3914 508 4026 llnllorxius
523 3975 549 4025 et
563 3969 658 4026 Grabe
673 3967 863 4042 collegerunt.
883 3969 957 4028 Vide

149 4057 202 4098 use
228 4082 235 4096 .
481 4047 493 4069 ³

1013 3239 1173 3296 laboravit:
1189 3239 1220 3294 in
1235 3243 1362 3309 tantum,
1388 3244 1420 3295 ut
1442 3240 1588 3296 Antonino
1613 3240 1694 3297 800
1723 3257 1841 3316 quoque

1016 3328 1075 3393 Pio,
1092 3333 1121 3384 et
1136 3327 1204 3384 filiis
1219 3329 1294 3400 ejus,
1310 3333 1339 3385 et
1354 3330 1469 3385 senatui
1486 3329 1598 3385 libaum
1620 3331 1764 3403 (Apolopio
1778 3333 1840 3394 lon-

1014 3417 1087 3490 ριόν)
1104 3421 1205 3472 contra
1220 3421 1320 3489 gentes
1337 3417 1480 3489 scriptum
1490 3417 1837 3494 daret‚ignominlamque

1048 3613 1136 3670 ⁵Non
1151 3611 1224 3685 opud
1238 3612 1386 3668 Antinoum
1405 3614 1545 3670 unitatem
1567 3612 1736 3738 ggmnicum
1752 3613 1835 3668 Anti·

1012 3701 1068 3740 noo
1094 3699 1217 3756 agonem
1245 3683 1370 3739 exerceri
1395 3682 1526 3752 solitum,
1553 3699 1583 3738 se
1628 3683 1657 3739 in
1678 3684 1837 3750 Mantineu,

1012 3755 1115 3813 scribit
1134 3753 1296 3810 Passiones
1310 3753 1340 3809 in
1362 3754 1521 3821 arcadicis,
1550 3758 1577 3805 ‘0
1604 3751 1731 3826 βασιλεὺς
1754 3773 1837 3809 κατε-

1013 3827 1131 3895 στήσατο
1158 3823 1232 3896 αὐτῷ
1264 3822 1289 3878 έν
1321 3823 1469 3894 Μαντινείᾳ
1502 3824 1585 3896 τιμάς
1616 3825 1662 3880 καὶ
1684 3822 1835 3896 τελετήν...

1011 3897 1055 3950 καὶ
1073 3897 1146 3970 ἀγών
1164 3894 1233 3950 ἐστιν
1255 3893 1328 3966 αὐτῷ
1347 3892 1381 3948 δι’
1402 3891 1478 3956 ἔτους
1498 3895 1634 3967 πέμπτου.
1656 3901 1721 3954 lam
1734 3898 1836 3970 itaque

1012 3967 1114 4024 malim
1139 3966 1294 4023 emendare
1309 3983 1343 4022 ex
1366 3966 1609 4039 praestantissimo
1632 3985 1689 4026 ms.
1724 3975 1836 4037 nostro,

1011 4040 1089 4108 Apou
1103 4047 1248 4096 exercetur
1264 4039 1420 4106 Antinoius,
1436 4039 1630 4110 civitatemque
1653 4041 1761 4112 exejus
1786 4057 1837 4098 uo·

158 4113 255 4170 ³an
271 4114 344 4168 sunt
357 4110 513 4184 Hegesippi
528 4112 616 4168 verba
630 4111 707 4184 apud
723 4111 831 4168 Euseb.
847 4128 885 4174 iu,
901 4111 955 4168 22:
1011 4113 1097 4177 mine,
1111 4115 1287 4180 elc.‚eoquc
1303 4109 1408 4182 magis,
1432 4109 1510 4181 quod
1540 4107 1617 4165 idem
1642 4111 1834 4184 Hegesippus,

122 4183 278 4254 Γενόμενος
295 4179 324 4238 δέ
348 4179 373 4236 έν
389 4181 483 4256 Ῥώμη
503 4177 636 4274 διαδοχὴν
659 4179 830 4256 ἐποιησάμην
857 4181 957 4258 μέχρις
1011 4181 1048 4234 Οὔ
1064 4181 1109 4235 καὶ
1126 4180 1142 4234 ἀ
1162 4179 1198 4234 ὼν
1216 4177 1310 4253 δέχεται
1325 4177 1489 4262 ’λντινόειος
1503 4185 1558 4236 etc.

121 4255 285 4324 Ἀνικήτοο,
315 4251 346 4306 οὗ
377 4249 501 4314 διάκονος
529 4251 562 4326 ᾖν
600 4251 702 4307 Eletus
721 4273 773 4315 ος.
805 4251 855 4306 Καὶ
884 4253 958 4328 παρὰ
1048 4201 1300 4309 “Exoilecuntab
1325 4250 1480 4324 Hegefflppi
1500 4255 1581 4310 textu
1605 4256 1754 4324 postrema
1775 4251 1835 4309 θοοῦ

122 4325 274 4394 'Ausul-»oo
312 4319 467 4400 διαδέχεται
505 4324 629 4400 Σωτὴρ,
659 4271 718 4396 μεθ
754 4323 783 4378 όν
820 4321 955 4377 Ἐλεόθε·
1011 4323 1110 4390 verba,
1136 4323 1297 4394 κατέστησεν
1327 4319 1353 4376 έν
1382 4327 1422 4394 τῷ
1444 4325 1510 4394 ναῷ,
1536 4339 1600 4396 qum
1626 4323 1704 4380 Hier.
1737 4324 1834 4391 vertit,

121 4416 180 4470 ρος.
212 4399 284 4464 Qun
314 4396 357 4452 sic
389 4389 495 4454 r'eddas
521 4396 638 4452 Latine:
670 4395 738 4452 Cum
759 4411 845 4452 essem
860 4402 955 4452 autern
973 4374 1107 4452 Dstatuit
1121 4396 1150 4450 iu
1165 4395 1358 4466 ternpto;oon
1373 4393 1451 4449 cnim
1468 4393 1718 4468 quemadmodum
1733 4389 1833 4450 ἔκτισεν

122 4470 226 4538 Roma,
242 4468 444 4526 successionem
458 4469 599 4540 composui
620 4483 706 4540 usquc
729 4467 768 4524 ed
793 4466 953 4538 Anicetum,
1010 4463 1103 4534 πόλιν,
1120 4467 1161 4522 ita
1176 4459 1278 4520 έκειτεν
1293 4465 1437 4543 προρήτας
1452 4465 1508 4522 dici
1529 4469 1634 4538 potest.
1652 4465 1693 4521 Dc
1710 4465 1834 4538 propbe-

121 4542 202 4614 σιτίοις
219 4541 359 4599 diaconus
382 4545 441 4596 crat
463 4539 633 4604 Eleutheros,
661 4547 688 4595 et
711 4539 746 4593 ub
764 4541 877 4594 Aniceto
892 4555 953 4594 suc·
1010 4539 1048 4592 tis
1064 4541 1160 4594 antem
1176 4537 1293 4593 Antinoi
1310 4537 1428 4610 elegans
1443 4541 1488 4593 est
1511 4535 1644 4609 Origcuis
1659 4541 1760 4594 contra
1775 4537 1835 4594 Cel·

122 4615 206 4668 cessit
234 4611 359 4678 Sotencs,
383 4613 441 4682 post
466 4626 545 4682 quem
559 4609 734 4668 Eleutheros.
751 4609 850 4682 Neque
864 4609 956 4666 enim·
1011 4625 1077 4664 suun
1101 4608 1183 4666 locus
1209 4607 1260 4664 lib.
1288 4625 1330 4675 ur,
1351 4625 1434 4666 uum.
1454 4609 1499 4664 36.
1512 4607 1585 4664 Vide
1600 4611 1629 4664 et
1646 4609 1834 4682 spartianum

122 4699 192 4740 rero
208 4682 419 4756 Hieronymus,
436 4681 513 4770 quod
531 4685 616 4738 antee
639 4685 773 4739 notatum
793 4687 839 4736 est
862 4679 955 4738 doctis
1009 4679 1039 4736 in
1058 4678 1212 4736 llndriano.
1230 4679 1283 4743 Oui
1303 4681 1436 4752 sequitur
1449 4695 1563 4752 versus,
1578 4679 1728 4736 Antinoum
1742 4689 1835 4737 nutem

124 4753 200 4810 uiris
228 4759 305 4812 recte
338 4748 474 4827 διαδοχηι
512 4749 699 4824 ἐποιησάμην,
736 4752 955 4824 interpretatur,
1010 4753 1042 4806 ίιι
1071 4750 1188 4818 deliciis,
1223 4755 1290 4819 etc,
1330 4751 1448 4822 penitus
1473 4767 1531 4807 non
1570 4750 1658 4808 babet
1695 4750 1759 4807 cod.
1804 4755 1832 4808 8.

124 4825 222 4880 Romae
233 4825 470 4895 perseverantem
484 4823 871 4899 quemadmodumltuflnus
881 4823 954 4896 ipse,
1009 4822 1121 4878 Crucis.

120 4897 272 4952 Perrueusi
285 4897 338 4965 tbi,
353 4911 406 4968 pro
421 4897 622 4952 successionum
636 4897 723 4952 series
737 4896 884 4966 composui,
905 4900 955 4950 sut
1045 4893 1055 4926 ί
1071 4892 1175 4950 Verius
1190 4891 1329 4950 Samarica
1345 4893 1416 4948 urbs
1432 4892 1587 4958 diceretur,
1599 4908 1663 4966 que
1678 4891 1715 4946 ab
1731 4891 1835 4950 incolis

118 4968 240 5040 dipersi.
1009 4963 1161 5030 Ποθονίίιιι,
1178 4964 1247 5020 olim
1264 4963 1373 5019 Siclem
1387 4968 1431 5019 est
1442 4961 1596 5044 appellata.
1782 5033 1787 5046 ⁸

154 5035 269 5114 sppud
298 5037 405 5096 Euseb.
435 5055 467 5106 u,
496 5035 514 5090 8
538 5038 637 5094 Πῖσός
665 5035 712 5097 οἷς
738 5035 886 5122 κενοτάρια
909 5033 954 5090 καὶ
1045 5035 1387 5116 'Bacchiumtnnquom
1419 5033 1509 5114 drisci
1537 5049 1698 5106 cognomen
1729 5033 1835 5108 accipit

118 5107 202 5172 ναν-ὐς
232 5107 362 5178 ἐποίησαν
387 5108 425 5169 ὡς
456 5107 538 5183 μέχρι
564 5109 608 5162 νῦν
633 5107 692 5160 ’ὧν
720 5104 777 5160 ἐστι
805 5125 849 5162 και
865 5103 954 5160 Ἀντί·
1010 5105 1170 5164 Πίστευσον
1188 5105 1336 5164 attinens
1353 5105 1441 5178 Prisc}
1467 5120 1584 5172 nomen,
1609 5106 1687 5177 quod
1706 5103 1836 5166 affirmat

117 5201 181 5244 νοος
219 5175 321 5240 δοῦλος
355 5175 501 5252 ’Δδριανοῦ
539 5177 623 5232 {tetes
643 5198 697 5246 ος,
731 5177 762 5232 οὗ
800 5177 845 5232 καί
880 5177 953 5251 ἀχων
1008 5178 1112 5234 Suidns
1124 5181 1201 5251 apud
1223 5180 1414 5249 lipomanum
1430 5177 1509 5247 purte
1525 5191 1556 5240 ιι,
1581 5179 1609 5232 ei
1637 5176 1771 5234 Valesius
1799 5195 1834 5236 ex

118 5251 214 5328 ἔχεται
239 5249 416 5318 Ἀντινόειος,
442 5249 522 5306 ὁκαὶ
548 5248 587 5328 ἐρ’
615 5197 696 5324 {gerim
722 5247 867 5326 γινόμενος
886 5267 891 5278 ·
908 5247 953 5302 καὶ
1008 5265 1042 5305 eo
1059 5252 1252 5324 probut,qu0d
1269 5247 1375 5321 plurali
1395 5263 1517 5304 numero
1531 5245 1667 5304 lustinus
1683 5249 1833 5316 additum

116 5345 168 5400 γαρ
214 5323 262 5380 καὶ
299 5317 380 5378 πόλιν
410 5317 510 5378 έκτισεν
548 5319 691 5394 ἐπώνυμον
734 5317 873 5375 ’λντινόοο
907 5319 953 5374 καὶ
1009 5319 1061 5374 ἀπο
1091 5316 1224 5393 Φλαυίας,
1255 5323 1367 5398 patrem
1403 5317 1543 5374 nimirum
1572 5324 1603 5375 ct
1639 5336 1726 5378 avum
1755 5319 1835 5380 indi·

117 5397 279 5474 προριζτας.
1009 5407 1087 5448 caiis.

151 5557 194 5626 (ο)
211 5553 289 5638 Quid
301 5551 360 5634 sibi¹
381 5551 499 5636 Grecos
513 5551 591 5622 velit,
608 5567 667 5612 nou
690 5567 840 5627 assequor.
859 5549 980 5612 Videtur
1004 5549 1135 5617 νοηθείη
1149 5547 1255 5610 ιίιιίίοίίι
1280 5565 1333 5626 pro
1355 5549 1517 5622 editicium,
1537 5549 1690 5628 dignitatis
1712 5563 1836 5656 οοιοσιη

115 5623 505 5710 ωουριαεσ.8αίιοσοριοο.
1821 5671 1828 5694 ,
