4068 6170
241 259 319 348 uos
986 253 1195 325 errauerit.
1404 323 1407 330 ,
1840 264 1901 334 tm

238 391 321 450 ribus
337 391 437 466 populi
456 391 524 460 mei,
548 395 577 449 et
602 407 700 450 eoram
728 391 825 450 lsrael.
845 413 860 442 a
885 391 1000 449 Honora
1014 407 1062 447 me
1077 392 1103 460 Α
1118 387 1208 447 David
1238 395 1325 465 capnt
1347 389 1489 450 Phtlcatat
1517 392 1547 449 ie
1577 392 1749 464 Jerusalem,
1764 395 1900 472 anticipatio

238 483 315 539 sicut
328 499 435 554 regem,
453 487 486 538 ut
500 499 553 556 ego
567 483 727 556 praecedam
743 483 819 540 sicut
832 500 892 551 rex,
908 487 935 538 et
951 487 982 538 tu
994 480 1062 536 sub·
1115 485 1169 550 est,
1200 481 1277 552 qued
1304 487 1404 554 postea
1432 481 1508 539 lecit.
1538 490 1628 540 Arma
1654 501 1719 541 vero
1745 486 1811 558 ejus,
1832 487 1901 546 idest

237 572 384 645 sequeris,
411 594 425 621 e
442 571 477 629 Ut
500 573 617 628 adorem
642 573 799 629 Dominum
825 572 916 627 Deum
933 576 1028 626 tuum.
1047 591 1060 619 a
1116 567 1265 638 Philistaai,
1284 586 1340 625 non
1363 574 1407 627 est
1430 571 1654 645 intelligendum
1679 574 1901 650 quodiusuope·

236 661 327 718 Senes
350 667 447 718 autem
473 661 572 734 pupuli
597 662 654 730 sui,
679 679 763 717 suam
783 661 905 730 tribum,
920 666 949 715 et
963 675 1060 715 coram
1114 657 1206 713 suerit
1221 659 1419 726 tabernaculo,
1436 662 1487 716 sed
1511 661 1539 715 in
1562 662 1743 718 tabernaculo
1758 663 1865 731 Domini,
1877 667 1902 722 da

236 750 324 806 lsrscl
338 755 456 807 ceteras
470 751 565 806 tribus
582 749 669 806 lsrael
694 750 774 806 dicit.
1115 763 1172 820 quo
1198 747 1384 805 tabernaculo
1409 755 1509 821 postea
1533 750 1594 806 haec
1608 752 1643 806 ab
1658 750 1816 808 Abimeleeh
1829 771 1903 810 saeer-

271 838 354 912 (Cap.
372 840 443 896 XVl.
461 871 494 879 -
510 841 590 896 Vere.
617 840 672 911 13.)
687 863 701 890 a
720 841 755 894 Et
769 838 898 894 directus
913 843 956 894 est
972 837 1060 908 spiri·
1105 834 1181 903 ¹(lete
1197 837 1336 908 suscepit.

234 932 283 985 tus
309 929 425 986 Domini
453 931 482 984 in
508 929 596 984 David
619 929 694 985 adia
709 928 760 984 illa
774 931 803 983 et
823 927 851 982 in
868 926 1026 998 reliquum.
1044 949 1058 977 a
1150 925 1243 997 (Vers.
1265 928 1324 995 55.)
1349 949 1362 976 «
1381 927 1516 1000 Dixitque
1531 928 1647 984 Abnsr:
1664 928 1746 985 Vivat
1760 929 1903 998 animatus,

158 1037 165 1048 ¹
233 1017 298 1074 ideo
315 1019 443 1074 directus
468 1018 496 1072 in
513 1034 579 1074 eum
604 1017 731 1087 Spiritus
757 1015 872 1072 Domini
893 1015 1009 1083 dicitur,
1025 1031 1059 1071 eo
1114 1028 1174 1080 rex,
1191 1015 1214 1070 si
1237 1015 1314 1071 novi.
1333 1038 1346 1065 a
1377 1016 1545 1073 Secundum
1575 1016 1647 1073 illud
1674 1016 1820 1074 locutionis
1833 1034 1904 1090 mnus

234 1107 312 1179 quod
329 1110 399 1162 tune
415 1105 543 1179 psalmos
559 1123 662 1162 cancre
681 1106 808 1178 caeperit.
1115 1101 1169 1157 hee
1190 1103 1301 1159 dictum
1329 1109 1383 1172 est,
1408 1123 1465 1177 quo
1489 1105 1612 1178 dietum,
1629 1110 1673 1162 est
1689 1104 1774 1161 illud:
1790 1105 1905 1163 Benedicat

269 1195 362 1266 (Vere.
384 1197 436 1264 18.)
452 1219 465 1244 a
483 1196 517 1250 lli
533 1195 712 1267 respondens
732 1211 810 1250 unrrs
825 1195 860 1248 de
877 1193 984 1266 pueris,
998 1194 1057 1249 eit:
1112 1193 1214 1248 itatem
1243 1194 1294 1249 Deo
1322 1202 1348 1249 et
1375 1197 1436 1264 repc'
1455 1195 1502 1268 (lli
1529 1197 1592 1267 liep.
1618 1195 1905 1268 xx1,13);aesidioe·

233 1283 374 1340 Dooevidi
400 1284 492 1338 lilium
522 1283 576 1338 lsai
604 1283 885 1346 bethlehemitem«
902 1287 931 1336 at
945 1286 1056 1336 cetera.
1110 1287 1166 1351 ret,
1191 1300 1249 1337 non
1272 1283 1349 1338 vivut
1372 1285 1471 1339 auium
1494 1289 1554 1350 tua,
1572 1301 1631 1352 rex,
1647 1285 1670 1340 si
1688 1283 1761 1340 novi.
1777 1283 1904 1350 Alliensi-

233 1373 306 1429 Puer
322 1373 376 1428 ists
394 1372 485 1428 Doeeh
504 1373 649 1428 idumeus
664 1373 754 1427 l'uisse
766 1371 942 1442 perhibetur,
959 1369 1057 1424 inimi·
1112 1371 1195 1426 deam
1213 1376 1335 1427 mertem
1350 1378 1431 1427 tuam
1448 1373 1471 1428 si
1486 1373 1562 1429 nori.

231 1477 284 1518 eus
314 1461 421 1519 David:
450 1466 479 1517 et
507 1461 606 1517 omnia
634 1478 699 1532 ques
728 1461 764 1516 de
787 1459 875 1516 David
894 1460 922 1514 ie
940 1457 1055 1514 laudem
1147 1460 1225 1532 (Cap.
1256 1460 1351 1516 XVlll.
1369 1463 1501 1517 -Vers
1532 1462 1589 1534 10.)
1620 1462 1717 1518 ·P0sr
1744 1461 1816 1517 diem
1831 1468 1905 1517 autem

231 1551 341 1607 dixisse
356 1550 481 1616 videtur,
493 1550 522 1605 in
534 1551 634 1606 odium
648 1553 712 1621 epus
725 1550 834 1605 dixisse
846 1548 972 1603 dieitur:
988 1547 1057 1620 quia
1111 1548 1235 1604 alterum
1259 1549 1366 1605 invasit
1391 1551 1519 1622 Spiritus
1543 1551 1592 1606 Dei
1621 1550 1718 1606 mulus
1732 1550 1810 1622 Saul,
1824 1557 1848 1607 et
1859 1569 1906 1622 pre·

229 1640 345 1698 volebat
370 1640 529 1696 inimicitie
559 1657 648 1696 eausa
674 1644 703 1695 et
731 1637 845 1694 invidiae
870 1637 1055 1693 livereutad
1111 1637 1267 1711 phetabat:
1286 1637 1315 1693 in
1331 1639 1426 1695 medic
1442 1641 1548 1696 domus
1563 1657 1633 1696 suar.
1651 1663 1665 1689 »
1681 1640 1760 1696 More
1774 1639 1907 1712 arreptitio

230 1727 299 1786 Saul
314 1731 437 1798 veniret,
452 1733 599 1801 quatenus
619 1726 658 1784 ibi
684 1727 814 1800 quelibet
837 1725 988 1782 occasione
1004 1743 1056 1782 ns·
1111 1743 1175 1783 rum
1206 1727 1415 1800 prophetabat:
1445 1735 1474 1786 et
1500 1729 1691 1802 prophetasse
1718 1747 1802 1786 suurn
1830 1729 1906 1785 iehec
1985 1721 1986 1728 ¹

230 1823 355 1875 caretur.
1110 1814 1184 1882 loeo,
1205 1831 1263 1871 non
1288 1821 1331 1872 est
1358 1816 1437 1873 aliud
1459 1817 1694 1890 intelligendum,
1709 1817 1766 1874 nisi
1780 1817 1906 1874 alienare·

265 1908 345 1981 (Gap.
368 1907 598 1965 livii—Vere.
629 1907 668 1977 l.)
697 1928 710 1956 a
728 1905 760 1960 lut
788 1920 925 1976 egressus
953 1902 1057 1960 estvir
1109 1905 1223 1962 tulisse.

230 1991 1054 2070 spuriusdecestrisPhilistinorumnominchlisth.»
1144 1995 1237 2068 (Vere.
1268 1996 1325 2068 l3.)
1348 2000 1381 2052 ut
1406 1996 1611 2068 egredicbatur
1639 1996 1741 2068 David,
1775 2001 1803 2052 et
1830 1995 1906 2068 ingre·

228 2085 701 2160 Spuriusdicitur,‹puiaapatre
726 2083 854 2156 gigante,
880 2087 1054 2138 matrevsro
1108 2085 1242 2141 diebstur
1268 2086 1296 2140 in
1325 2090 1482 2158 conspectu
1512 2083 1622 2158 populi.
1659 2110 1669 2139 r
1704 2085 1821 2149 Quande
1844 2100 1907 2156 egre·

228 2175 534 2233 (isthmonatuscret.
1109 2175 1266 2230 diebsntur
1292 2174 1322 2230 in
1353 2191 1493 2247 pugnam,
1520 2176 1582 2247 ipse
1611 2174 1726 2247 primus
1756 2173 1907 2244 moreregio

264 2264 356 2336 (Vere.
374 2264 429 2335 12.)
445 2287 459 2314 a
478 2262 563 2320 David
580 2267 677 2319 autem
698 2265 760 2317 crat
776 2260 853 2318 lilius
875 2260 928 2316 viri
944 2259 1054 2333 Ephra-
1109 2261 1312 2334 egrediebatur
1339 2262 1368 2316 in
1399 2267 1555 2334 conspectu
1584 2279 1698 2330 eorum,
1736 2266 1765 2318 et
1790 2260 1907 2334 regredie-

228 2352 274 2408 tei
288 2353 324 2410 de
338 2353 508 2409 Bethlehem
532 2353 620 2420 luda,
645 2351 691 2407 cui
717 2367 824 2406 nomen
839 2355 903 2406 erat
919 2349 986 2415 lsai,
1002 2347 1053 2420 qui
1107 2351 1202 2406 batur.

228 2441 565 2498 tenebrescentes„
594 2440 740 2508 Quaeritur
762 2457 814 2496 cur
837 2437 1053 2494 bicoetoirlios
1143 2441 1233 2512 (Vere.
1261 2441 1319 2514 21.)
1349 2441 1513 2514 «Dixitque
1542 2439 1629 2497 Saul:
1655 2441 1737 2497 Dabo
1752 2456 1813 2496 eam
1828 2439 1871 2506 illi,
1884 2441 1907 2493 ut

229 2530 336 2586 babere
362 2531 485 2594 dicatur,
515 2547 581 2586 eum
610 2528 898 2601 inPerelipumenen
916 2544 1052 2584 nonem·
1107 2529 1157 2584 list
1186 2528 1227 2584 illi
1259 2528 1287 2584 ie
1317 2529 1500 2596 scandalum,
1532 2534 1564 2585 ut
1589 2529 1627 2584 sit
1642 2545 1810 2602 supereum
1825 2543 1907 2584 marus
1985 2575 1986 2578 ,

229 2618 308 2692 plius
336 2635 424 2691 quam
453 2624 563 2692 septem
593 2619 738 2693 legentur.
768 2618 849 2683 Quod
865 2617 904 2672 ita
919 2617 1051 2672 solvitur.
1108 2618 1341 2674 Philistinorum.
1359 2641 1373 2668 »
1400 2619 1451 2675 llis
1472 2619 1587 2675 duobus
1602 2618 1743 2691 periculis
1758 2617 1824 2674 Saul
1838 2615 1906 2673 David

228 2709 355 2776 Nathan,
371 2708 556 2782 prophetam,
572 2708 666 2764 filium
682 2709 821 2764 Summae
833 2706 951 2775 filiisui,
964 2721 1051 2778 quem
1107 2707 1220 2780 putavit
1247 2707 1375 2764 interimi
1402 2724 1499 2781 posse,
1530 2707 1642 2782 scilieet
1670 2712 1723 2763 aut
1738 2706 1846 2764 insidiis
1859 2705 1908 2759 lilia

229 2797 259 2854 in
274 2796 337 2854 loco
368 2797 418 2852 filii
446 2798 621 2854 educaverat
634 2801 662 2853 et
690 2796 843 2862 nutrierat,
873 2796 948 2850 inter
977 2795 1052 2851 filios
1106 2813 1329 2868 suae,aquese
1347 2796 1464 2853 videbat
1489 2795 1615 2852 multum
1640 2796 1747 2865 amari,
1772 2800 1820 2852 aut
1839 2809 1908 2849 causa

229 2890 424 2944 annumerat:
442 2905 510 2943 nom
527 2893 555 2943 ct
580 2903 676 2944 eoram
703 2885 838 2942 Samuele
862 2889 973 2958 septem
988 2884 1052 2956 ejus
1106 2886 1317 2959 praeputiorum
1346 2885 1579 2954 philistinorum,
1606 2890 1724 2958 propter
1746 2902 1808 2957 qua
1822 2882 1908 2954 adipis·

229 2976 282 3034 lilii
305 2977 441 3049 leguntur
469 2977 586 3032 adducti
616 2975 715 3043 luisse,
744 2979 772 3030 et
797 2980 917 3031 octavus
942 2974 1051 3031 esscin
1106 2976 1207 3044 cende,
1233 2974 1396 3031 Ptriltstaos
1420 2980 1482 3030 erat
1507 2973 1582 3031 bello
1608 2990 1792 3048 aggressus:
1816 2997 1829 3022 a
1850 2970 1910 3027 Dixit

229 3065 347 3137 pascuis
362 3069 443 3136 (vers,
469 3065 522 3136 10).
551 3066 629 3120 inter
652 3081 726 3136 ques
751 3062 866 3120 Nathan
891 3063 1051 3119 adductum
1107 3080 1175 3138 erge
1192 3062 1260 3120 Saul
1276 3065 1312 3119 ad
1327 3063 1436 3120 David:
1463 3065 1494 3119 ln
1506 3064 1622 3120 duabus
1637 3065 1728 3120 rebus
1743 3079 1827 3138 gouer
1845 3076 1909 3116 meus

231 3153 323 3210 luisse
352 3155 540 3210 manifestum
569 3158 625 3220 est,
652 3152 702 3224 qui
727 3157 755 3208 et
774 3151 918 3207 ionathan
934 3138 1089 3208 voceturC
1108 3154 1167 3210 eris
1192 3152 1286 3209 hodie.
1305 3175 1319 3202 »
1345 3152 1376 3208 le
1401 3153 1517 3209 duabus
1532 3153 1620 3208 rebus
1636 3169 1777 3226 generum
1792 3167 1853 3207 eum
1867 3147 1908 3203 sibi

230 3241 343 3313 Deque
367 3240 396 3296 in
421 3246 549 3296 extrema
573 3245 654 3312 parte
677 3237 822 3296 Samuelis
845 3239 1052 3296 dieitur:l’er-
1107 3242 1240 3299 futurum
1274 3241 1362 3310 dieit;
1393 3239 1463 3314 quia
1486 3241 1590 3314 jemai
1619 3240 1760 3297 attulerat
1793 3236 1909 3314 praeputia

229 3331 312 3385 cussit
340 3333 430 3384 cutem
456 3345 519 3384 eum
546 3327 681 3384 lonotiren
707 3328 782 3398 filius
811 3327 940 3384 Summae
966 3330 1053 3400 patris
1109 3331 1327 3388 philistinorum
1344 3347 1396 3403 pre
1412 3331 1522 3397 March,
1539 3347 1627 3403 quem
1643 3329 1715 3386 Saul
1730 3331 1808 3388 dedit
1821 3325 1908 3383 adrieli

229 3417 366 3489 Dauidill
382 3419 444 3488 liep.
474 3435 531 3482 xxi,
561 3419 617 3484 21).
650 3416 681 3471 tlt
711 3415 872 3472 notandum
896 3417 1053 3488 quodubi·
1107 3419 1317 3486 Mehoiathitae,
1341 3423 1369 3475 et
1397 3423 1497 3491 postea
1526 3436 1577 3492 pro
1605 3418 1712 3476 blichol
1742 3420 1867 3475 ducente.
1885 3417 1908 3467 El

228 3521 345 3579 cunque
370 3505 512 3579 propheta
535 3509 664 3574 vocatur,
685 3504 799 3562 Nathan
824 3504 973 3574 scribitur,
995 3524 1052 3563 nou
1107 3509 1242 3581 quemvis
1257 3526 1314 3565 non
1329 3513 1428 3581 aperte
1451 3509 1566 3564 dicatur
1581 3525 1632 3580 pro
1656 3509 1759 3565 llereb
1776 3504 1839 3563 Saul
1852 3521 1908 3575 pre-

226 3595 384 3652 Jonathaa.
1108 3598 1189 3670 pulla
1218 3597 1441 3654 Philistinorum
1468 3597 1557 3653 David
1590 3596 1727 3666 dedisse;
1758 3601 1848 3652 tamen
1870 3589 1907 3663 qui
1985 3583 1986 3624 ³

230 3685 356 3758 rivers.
379 3685 435 3758 18.)
454 3707 463 3734 ι
482 3684 516 3740 tit
544 3685 647 3739 iratres
677 3687 743 3740 tuos
774 3683 908 3740 visitabis
936 3685 1053 3741 sirecte
1107 3687 1299 3760 precedentis
1328 3689 1357 3741 ct
1394 3685 1603 3758 subsequentia
1632 3684 1790 3759 perlegerit
1814 3689 1839 3738 et
1860 3695 1908 3754 per·
1985 3687 1986 3718 i

226 3779 334 3846 agent:
351 3779 379 3830 et
403 3791 471 3830 eum
498 3773 606 3846 quibus
627 3772 752 3830 ordinati
776 3777 855 3844 sunt,
883 3773 970 3829 disee.
991 3795 1004 3822 u
1020 3774 1052 3828 ln
1107 3779 1254 3831 scrutatus
1269 3775 1367 3847 luerit,
1385 3773 1511 3830 inveniat
1535 3791 1602 3831 curn
1627 3774 1674 3830 bie
1697 3773 1778 3831 Sauli
1793 3765 1908 3844 praeputia
1985 3757 1986 3810 i

227 3863 346 3919 Hebraeo
367 3863 407 3918 ita
433 3863 577 3920 hebetur:
603 3867 666 3918 «ut
692 3863 795 3918 iratres
820 3867 887 3918 tuos
910 3861 1051 3931 visitabis,
1107 3865 1327 3921 Philistinorum
1363 3863 1488 3919 dedisse.
1534 3861 1633 3918 Potest
1666 3863 1757 3918 etiam
1789 3865 1816 3917 et
1844 3857 1909 3914 aliter

228 3951 252 4008 si
268 3958 346 4008 reete
361 3958 472 4025 agant:
489 3958 517 4008 et
532 3951 655 4025 pignora
669 3967 769 4006 eorum
786 3953 880 4006 tolles.
898 3973 911 4000 a
928 3951 1054 4024 Pignora
1107 3951 1242 4025 intelligi.
1260 3953 1291 4006 ln
1307 3952 1421 4007 duabus
1437 3951 1525 4006 rebus
1548 3966 1639 4022 gener
1659 3966 1747 4006 meus
1761 3948 1816 4005 eris
1831 3944 1906 4010 hodie,

227 4040 257 4096 in
283 4040 338 4096 hec
367 4040 431 4097 loeo
464 4040 576 4097 Hebraei
605 4038 719 4097 libellos
740 4040 854 4112 repudii
874 4040 1051 4114 intelligunt.
1108 4041 1177 4113 quia
1191 4057 1244 4114 ego
1260 4040 1453 4112 quesiviate
1473 4044 1590 4096 eentum
1607 4038 1752 4111 praeputia
1766 4033 1908 4092 Philistino-

227 4128 377 4201 Siquidem
408 4146 495 4186 usum
524 4128 604 4185 iilius
631 4129 727 4202 gentis
759 4129 849 4185 luisse
873 4129 970 4186 lerunt
984 4131 1004 4202 ³,
1021 4134 1053 4185 ut
1107 4126 1419 4197 rum,ettuubtulisti
1440 4128 1575 4183 ducenta.

228 4218 346 4291 quando
361 4219 459 4275 ibatur
480 4219 516 4274 ab
539 4219 580 4274 eis
605 4218 634 4273 in
655 4234 795 4292 pugnam,
811 4217 926 4274 libellos
939 4218 1052 4295 repudii
1143 4216 1454 4292 (Gap.XlX.—Vers.
1484 4217 1523 4288 3.)
1548 4217 1635 4288 «Ego
1660 4221 1762 4272 autem
1783 4208 1908 4286 egrediens

227 4307 369 4364 uxoribus
385 4309 448 4365 suis
476 4309 599 4365 darent:
625 4311 658 4363 ut
681 4307 704 4364 si
722 4307 892 4380 contigisset
911 4307 1006 4364 virum
1022 4307 1052 4364 iu
1107 4308 1190 4365 stabo
1201 4309 1286 4379 juata
1302 4311 1413 4379 patrem
1430 4322 1528 4361 meum
1554 4304 1584 4359 iu
1611 4320 1682 4377 agre
1708 4297 1907 4360 obirascaris

227 4396 327 4471 praelio
351 4398 426 4470 capi,
449 4401 478 4454 et
503 4398 531 4452 iu
555 4396 752 4470 captivitatem
775 4397 853 4463 duci,
869 4396 975 4452 mulier
988 4398 1052 4469 ejus
1107 4402 1136 4454 et
1152 4413 1204 4468 ego
1218 4396 1323 4469 icquar
1338 4397 1373 4452 de
1388 4401 1415 4451 te
1431 4395 1466 4451 ud
1483 4397 1596 4468 patrem
1613 4409 1725 4464 meum,
1740 4396 1769 4450 et
1783 4388 1907 4464 quodeun-

227 4486 402 4559 exspeotatis
428 4485 523 4543 trihus
548 4486 643 4553 annis,
660 4485 684 4541 si
707 4484 752 4540 vir
766 4485 830 4556 ejus
844 4501 901 4542 non
918 4484 1051 4555 redisset,
1069 4508 1091 4572 D
1108 4503 1165 4559 que
1179 4486 1287 4553 videro,
1303 4485 1444 4540 nuntiabo
1460 4482 1523 4539 tibi.
1541 4503 1555 4533 a
1574 4483 1790 4538 Descensurum
1805 4487 1907 4546 namque

227 4573 318 4631 alium
334 4574 453 4630 duceret
467 4574 572 4630 virum.
1107 4574 1224 4631 Saulem
1249 4574 1278 4628 iu
1299 4574 1435 4630 eumdem
1458 4587 1560 4646 agrum
1576 4569 1736 4639 tonathaa,
1750 4567 1834 4625 David
1847 4564 1906 4620 dise·

262 4663 357 4735 (Ver.
372 4664 431 4736 28.)
448 4685 461 4714 o
478 4664 571 4728 Quare
594 4661 698 4718 venisti
723 4665 751 4718 et
767 4677 857 4734 quare
873 4661 1053 4734 dereliquisti
1107 4667 1162 4735 rat,
1192 4668 1221 4719 et
1248 4665 1281 4718 ut
1309 4662 1337 4717 in
1367 4663 1467 4718 ecdem
1497 4677 1567 4734 agro
1591 4659 1679 4716 David
1693 4656 1906 4716 absconderetur
1985 4691 1986 4764 p

227 4753 370 4826 pauculas
401 4771 467 4810 oves
496 4752 562 4810 illas
590 4751 847 4823 indeserteiltgo
871 4753 1052 4824 novisuper·
1108 4750 1285 4808 collocutum
1324 4751 1401 4806 inter
1436 4767 1485 4806 eos
1514 4751 1618 4806 suerat.
1649 4751 1679 4805 ln
1711 4764 1798 4821 quem
1825 4751 1906 4816 agrum
1985 4765 1986 4820 j

226 4843 306 4898 biam
331 4847 411 4898 tuam
436 4855 464 4899 et
488 4842 649 4914 nequitiam
674 4839 770 4896 cordis
789 4841 888 4896 tui:»
914 4841 1002 4897 Nosse
1021 4859 1053 4898 se
1108 4841 1192 4896 crebo
1232 4838 1302 4895 Saul
1337 4837 1511 4895 consiliandi
1548 4837 1642 4910 gratia
1679 4835 1830 4893 conventre
1851 4827 1907 4885 soie·
1985 4877 1986 4886 ,

228 4930 300 4987 dicit
326 4930 406 4988 illies
433 4930 600 5004 superbiam
623 4934 651 4985 et
675 4928 1054 5004 nequitismcordis:quia
1107 4929 1167 4998 bat,
1197 4927 1247 4984 uhi
1281 4926 1369 4984 stiam
1407 4927 1601 4983 constitutum
1638 4925 1732 4982 luerat
1762 4927 1793 4979 ut
1816 4915 1907 4976 oecide-

228 5019 427 5090 putebsteum
437 5026 553 5078 tumore
564 5019 659 5078 cordis
670 5018 787 5086 elevari,
800 5035 832 5074 eo
844 5019 923 5090 quod
935 5018 1053 5076 Samuel
1108 5022 1189 5074 retur
1205 5015 1301 5088 David,
1316 5015 1393 5088 quod
1416 5020 1445 5071 et
1467 5013 1614 5071 ionethan
1638 5013 1815 5070 indicaverat
1827 5001 1906 5064 David.

230 5107 362 5166 unxisset
377 5110 460 5168 illurn
475 5111 506 5167 in
521 5127 629 5186 regern.
1143 5105 1239 5178 (Vers.
1259 5105 1318 5173 21.)
1334 5127 1348 5154 «
1364 5104 1398 5160 lit
1420 5103 1591 5176 exspoliavit
1609 5119 1641 5160 se
1657 5101 1745 5159 etiam
1759 5097 1826 5157 Saul
1839 5089 1905 5151 resti·

265 5195 461 5268 (Vers.'5i.)a
478 5205 641 5256 Assumeus
665 5203 764 5254 autern
781 5196 1052 5270 DavidcaputPhi·
1108 5193 1215 5252 mentis
1245 5192 1317 5261 suis,
1347 5196 1375 5248 et
1405 5191 1588 5264 prophetavit
1625 5207 1721 5248 coram
1754 5181 1905 5245 Samuele.r

229 5280 346 5356 tisthai,
360 5286 458 5342 attulit
472 5286 543 5344 illud
560 5287 590 5342 in
604 5285 788 5343 Jerusalem:
813 5301 896 5341 arma
910 5302 976 5342 vcro
990 5287 1054 5358 ojus
1107 5282 1233 5350 Quaestio
1248 5297 1355 5354 magna
1369 5280 1417 5337 hie
1439 5280 1541 5349 oritur,
1566 5297 1632 5337 eum
1653 5281 1682 5335 in
1701 5267 1905 5352 precedentibus

230 5371 372 5443 posuitiu
396 5375 583 5432 tabernaculo
607 5391 671 5432 sue.
695 5373 811 5438 »Quod
836 5373 906 5430 dicit
920 5374 1054 5432 attulisse
1109 5373 1222 5447 legatur
1248 5372 1273 5442 (l
1298 5372 1360 5442 liep.
1388 5387 1433 5442 xv,
1457 5370 1520 5442 35);
1535 5370 1568 5426 ut
1582 5385 1637 5426 nors
1652 5359 1906 5425 vuusrmacttos·
1985 5351 1986 5420 i

265 5515 276 5550 ¹
301 5514 406 5572 llirurn
436 5515 583 5572 hominem
612 5517 764 5574 Hehraeum
793 5532 908 5589 genere,
937 5520 1053 5575 tametsi
1108 5521 1247 5586 tanquam
1273 5529 1306 5569 ex
1330 5512 1453 5570 aliorum
1481 5529 1531 5570 ors
1555 5512 1590 5570 dc
1614 5511 1708 5586 gentis
1724 5525 1782 5568 sue
1797 5499 1905 5562 moritu
1985 5515 1986 5572 p

231 5589 334 5665 poetes
361 5585 434 5644 velis
461 5586 631 5645 Christiane
659 5588 727 5646 lidei
750 5603 856 5646 nomen
870 5589 996 5660 dedisse,
1012 5590 1054 5647 sie
1108 5584 1356 5676 iuissslooutum.
