4054 6168
268 297 331 365 εει
895 301 929 366 ε.
949 296 1107 367 ansceu
1130 297 1353 365 arenarum
1859 289 1921 368 ιιι

270 436 344 493 mini
360 439 389 494 et
410 435 488 494 m
508 432 538 491 in
564 430 757 492 similitudine
781 437 846 508 ejus
872 436 1012 492 fabricata
1038 436 1091 506 [At.
1108 433 1235 504 Aeonis
1261 433 1367 490 vixisse
1390 434 1468 491 m
1490 432 1531 490 sit
1553 431 1658 504 dictus,
1681 432 1749 490 nulli
1768 431 1874 492 dubium
1890 439 1923 494 st

271 525 418 599 lubricati]
433 524 492 581 sint
506 522 594 581 idola.
1151 522 1455 595 quatuordecimenm
1485 539 1579 579 annos
1601 521 1704 580 vixisse
1721 525 1782 594 post
1800 522 1923 585 diluvium.

307 614 388 687 (Cap.
404 612 439 668 V.
451 641 487 654 -
498 611 580 668 Vers.
595 615 637 683 2.(
651 636 665 663 ιι
681 613 783 670 Virum
798 618 827 671 et
851 612 1006 670 mulierem
1029 612 1096 669 lecit
1151 611 1186 668 itt
1200 611 1347 682 quomodo
1360 626 1462 667 verum
1477 616 1532 678 est,
1549 611 1627 684 qnod
1642 615 1704 668 octo
1723 614 1827 667 tantum
1844 611 1922 668 anime

271 719 331 772 eos,
357 704 385 757 ιι
408 699 556 756 benedixit
576 716 636 772 eos,
662 707 691 758 et
713 703 826 759 vocavit
857 718 964 759 nomen
991 717 1093 758 eorum
1150 697 1180 754 in
1194 716 1261 756 arca
1276 698 1361 756 salve
1378 699 1459 756 lacte
1475 699 1922 772 suntlltestatergc,utquoncdo

267 791 372 860 Adam,
418 787 526 855 idest,
560 789 841 849 homosllaminis
865 797 963 848 autern
988 806 1094 846 nomen
1150 787 1179 842 in
1193 787 1349 860 plerisque,
1366 788 1407 845 itn
1421 788 1493 845 etin
1509 789 1707 846 hoesiterror
1721 787 1750 844 in
1770 787 1923 845 numerosi-

268 879 327 930 tarn
353 873 414 928 viro
429 888 518 946 quarn
534 875 650 932 lemicae
666 878 828 935 convomit.
1150 877 1269 952 quidem
1284 880 1314 933 et
1332 880 1362 933 in
1386 877 1515 935 llebceis
1538 883 1568 935 et
1592 877 1844 935 samaritanorum·
1855 875 1922 948 tibris,

303 961 396 1034 (Vera.
413 962 452 1034 3.)
469 985 483 1013 ιι
500 963 579 1020 Vixit
593 968 691 1022 autem
711 967 804 1022 Adam
830 967 972 1024 ducentos
995 968 1025 1022 et
1038 964 1094 1020 tri·
1149 964 1192 1022 ita
1207 965 1348 1039 scriptum
1364 965 1477 1039 reperi:
1494 990 1508 1018 ιι
1522 967 1557 1022 Ει
1579 967 1651 1024 vixit
1670 964 1823 1023 ttatbusala
1835 969 1921 1022 centon

265 1050 364 1123 ginta¹
379 1067 483 1125 canos,
500 1057 529 1109 et
544 1054 646 1127 genuit
669 1055 706 1110 ad
733 1055 891 1129 imaginem
911 1059 941 1111 et
959 1053 1097 1112 similitu·
1149 1055 1298 1128 octoginta
1308 1059 1420 1128 septem
1432 1055 1530 1124 annis,
1540 1059 1567 1112 et
1576 1053 1830 1129 gennuitbamecb.
1842 1052 1922 1109 ittririt

267 1138 367 1196 dinem
382 1157 478 1213 auam,
495 1146 523 1198 ει
536 1142 649 1199 vocarit
664 1159 772 1200 nomen
786 1144 852 1216 ejus
868 1143 948 1200 Seth.
966 1164 980 1194 u
995 1143 1094 1199 Sciau-
1148 1142 1324 1214 Mathuscta,
1340 1149 1496 1216 postquam
1507 1144 1609 1217 genuit
1620 1143 1753 1214 Lamech,
1764 1143 1923 1216 septingentas

265 1228 338 1286 dum
353 1229 430 1302 quod
447 1247 541 1302 usque
556 1231 592 1287 ad
609 1230 764 1304 diluvium,
781 1232 831 1288 ubi
846 1231 876 1288 in
892 1231 1003 1289 nostris
1017 1231 1096 1288 codi·
1148 1231 1295 1306 octoginta
1310 1233 1384 1289 duos
1399 1249 1492 1289 acuas
1506 1237 1535 1288 et
1557 1233 1659 1307 genuit
1681 1231 1755 1288 lilios
1776 1235 1803 1286 et
1822 1229 1923 1286 filiaslt

265 1318 359 1389 cibus,
374 1317 551 1375 ducentorum
567 1323 596 1375 et
611 1320 690 1392 quod
726 1321 852 1378 excurrit
874 1337 1021 1377 annorum
1041 1336 1094 1393 ge·
1149 1321 1267 1378 luerunt
1280 1337 1383 1378 omnes
1393 1321 1456 1378 dies
1467 1321 1649 1390 Mathusalae,
1662 1320 1730 1378 anni
1740 1320 1863 1393 nongenti
1871 1335 1924 1374 eerr-

264 1406 366 1463 nuissc
382 1407 449 1479 quie
464 1407 582 1478 dicitur,
600 1406 630 1464 in
646 1409 764 1466 tlebreo
789 1409 895 1466 babeat
916 1417 1025 1466 certem
1039 1425 1092 1464 oa·
1148 1410 1231 1483 ginta
1245 1425 1348 1466 novem
1363 1415 1393 1466 et
1407 1415 1542 1468 mortuus
1557 1414 1611 1467 est.
1629 1410 1663 1467 bt
1677 1409 1746 1466 vixit
1760 1407 1867 1464 Lamech
1878 1423 1923 1463 cen·

263 1511 323 1564 ace,
339 1501 369 1552 ει
382 1495 568 1569 reliquosqut
577 1502 756 1569 sequuntur.
1147 1502 1211 1554 tum
1226 1498 1375 1570 octoginta
1387 1499 1504 1555 duobus
1518 1499 1614 1570 erinis,
1626 1501 1655 1555 et
1668 1497 1769 1571 genuit
1778 1495 1840 1554 Noa.
1850 1493 1923 1549 »ldis

263 1627 266 1634 .
301 1583 395 1654 (Vere.
422 1585 490 1657 tl«
515 1585 646 1641 Fuerunt
669 1588 767 1641 autem
792 1585 854 1642 dics
879 1587 986 1656 ttrtnm,
1012 1588 1093 1658 post·
1147 1603 1215 1660 ergo
1231 1586 1391 1643 nativitatis
1406 1585 1590 1654 Mathusalae,
1617 1603 1710 1659 usque
1730 1586 1764 1642 ad
1789 1583 1856 1640 diem
1868 1587 1923 1638 ortus

264 1673 469 1747 quemgenuit
485 1673 566 1744 Seth,
583 1673 760 1746 septingenti
776 1675 856 1731 anni.
876 1697 889 1724 o
902 1675 978 1740 Quia
992 1676 1022 1731 in
1037 1675 1092 1731 du·
1145 1675 1215 1748 Noe,
1232 1679 1301 1732 sunt
1317 1675 1384 1732 unni
1402 1675 1523 1732 trecenti
1537 1675 1689 1749 sexaginta
1699 1689 1798 1731 novem
1810 1691 1816 1730 z
1827 1669 1924 1728 bisatlt

263 1760 355 1818 centis
368 1765 523 1832 erraverat,
548 1767 764 1834 consequenter
789 1762 836 1818 hio
860 1764 960 1836 posuit
975 1763 1087 1835 septin·
1108 1771 1298 1874 Bsexcentos
1319 1780 1412 1822 annos
1436 1765 1510 1822 Noe:
1534 1764 1644 1837 quiain
1670 1761 1862 1820 sexcentesimo
1880 1759 1924 1814 rite

264 1855 375 1923 gentos,
391 1866 459 1906 eum
476 1851 506 1906 in
520 1849 639 1907 llebroeo
656 1849 703 1907 bic
731 1851 873 1908 habeatur
894 1851 1091 1924 attingentem
1147 1855 1212 1925 ejus
1227 1871 1303 1910 anno
1319 1855 1429 1910 laetum
1444 1857 1489 1910 est
1503 1852 1666 1910 diluvium:
1692 1856 1777 1925 atque
1799 1848 1835 1906 ita
1854 1848 1886 1916 tit,
1904 1851 1925 1902 nt

263 1943 291 1994 et
305 1956 395 2012 supra
408 1941 538 1996 eentum.
1144 1944 1367 2016 nongentesimo
1377 1941 1557 2016 sexagesimo
1574 1940 1723 1999 nonovitae
1733 1957 1790 1998 suas
1800 1935 1926 1995 Mathuaab

297 2027 391 2102 (Vere.
406 2027 462 2094 25.)
486 2050 500 2078 ιι
526 2029 561 2084 Et
581 2027 652 2085 vixit
673 2029 840 2086 Mathusaln
862 2029 948 2086 annis
970 2033 1090 2086 centum
1145 2036 1280 2089 mortuus
1296 2032 1346 2097 sit,
1370 2047 1404 2088 eo
1429 2047 1515 2102 anuo,
1539 2048 1597 2104 quo
1622 2030 1711 2104 eoepit
1733 2023 1924 2086 essedituvinu.

262 2117 416 2190 sexaginta
429 2119 553 2190 septem,
569 2120 598 2173 et
612 2118 714 2190 genuit
729 2118 865 2175 Lamech.
882 2119 917 2174 Et
940 2118 1012 2175 vixit
1030 2122 1089 2176 tla-
1180 2120 1272 2194 (Vers.
1288 2121 1347 2194 29.)
1366 2141 1379 2174 ι
1395 2122 1429 2178 tit
1442 2121 1555 2178 vocavit
1570 2135 1679 2177 nomen
1694 2119 1757 2190 ejus
1771 2117 1833 2182 Noe,
1843 2115 1924 2170 dicere

262 2205 389 2278 thusala,
405 2209 563 2278 postquam
579 2206 681 2280 genuit
709 2206 846 2278 Lamech,
874 2225 967 2264 annos
990 2207 1087 2264 oetin·
1144 2206 1202 2264 Isto
1217 2208 1399 2280 requiescere
1414 2224 1468 2265 nos
1492 2207 1579 2266 saciet
1604 2208 1640 2265 ab
1664 2201 1925 2280 operibusnoatris.·

266 2299 370 2370 gentos
386 2294 471 2361 duos,
484 2297 513 2352 et
526 2295 630 2368 genuit
652 2293 731 2353 lilios
755 2299 785 2352 et
806 2295 894 2353 ltliee.
921 2297 956 2354 Et
971 2297 1090 2353 luerunt
1145 2295 1205 2354 Non
1218 2297 1287 2369 (nl),
1303 2298 1412 2369 requies
1426 2297 1644 2370 interpretetur.
1663 2296 1708 2352 ub
1722 2310 1755 2352 eo
1769 2292 1857 2367 igitur,
1873 2288 1926 2362 quat

266 2400 372 2444 omnes
387 2381 450 2442 dias
463 2382 645 2455 Mathusalae,
660 2401 736 2457 quos
759 2384 840 2456 vixit,
865 2386 934 2441 anui
958 2387 1088 2458 nongent
1143 2385 1198 2442 sub
1209 2384 1260 2443 illo
1273 2385 1458 2444 omniaretro
1469 2384 1741 2460 operaqnieverunt
1752 2379 1925 2456 perditonem,

261 2472 413 2546 sexaginte
431 2487 547 2543 novem,
561 2478 591 2530 et
604 2477 740 2531 mortuus
763 2476 819 2531 est.
832 2495 846 2525 »
871 2473 995 2530 Famosa
1005 2488 1087 2546 quoe·
1143 2473 1309 2548 appellatus
1325 2478 1370 2532 est
1385 2474 1513 2547 requies.

260 2562 316 2620 stio
326 2562 347 2634 ¹,
363 2565 392 2618 et
406 2561 604 2634 disputatione
623 2562 756 2620 omnium
772 2561 969 2620 lleclesiarum
990 2563 1084 2620 venti·
1179 2562 1261 2635 (Gap.
1278 2561 1325 2618 Vl.
1341 2593 1375 2604 -
1391 2561 1471 2619 Vers.
1488 2561 1528 2634 2.)
1546 2583 1556 2611 ι
1573 2560 1716 2618 Videntes
1732 2563 1823 2616 autem
1842 2555 1883 2612 ttlit
1894 2551 1926 2609 be'

260 2651 328 2722 lata,
345 2649 424 2723 quod
435 2651 519 2721 juxta
543 2649 714 2724 diligentem
736 2651 986 2726 supputationem,
1012 2667 1084 2723 qua·
1143 2650 1219 2708 filias
1234 2650 1399 2718 bominum,
1416 2649 1486 2723 quia
1496 2649 1578 2706 bonta
1589 2653 1670 2708 sunt.
1684 2671 1698 2700 o
1710 2649 1832 2706 Verbum
1841 2639 1927 2701 llebut·

258 2737 419 2796 tuordecim
435 2753 528 2795 annos
543 2743 610 2812 post
629 2738 774 2796 dilnvium
799 2737 965 2797 Mathusalae
975 2739 1083 2797 vixisse
1142 2755 1210 2796 cum
1225 2755 1311 2795 suoru
1327 2723 1458 2812 (mittha),
1473 2737 1640 2794 communis
1656 2742 1704 2795 est
1716 2735 1824 2794 numeri
1835 2752 1841 2802 ;
1851 2732 1927 2789 etim

259 2829 409 2886 celeratur.
426 2827 541 2884 Etenim
556 2844 624 2885 aum
649 2833 726 2885 esset
752 2827 918 2886 Mathusala
937 2844 1081 2886 annorum
1141 2828 1249 2902 quippe
1264 2833 1294 2884 ct
1308 2827 1349 2884 dii
1369 2826 1507 2884 similiter
1526 2825 1730 2900 appellantur:
1758 2814 1927 2898 propterquod

258 2921 376 2974 eentum
390 2917 543 2990 sexaginta
557 2920 669 2990 septem
685 2917 789 2990 genuit
803 2915 940 2975 Lamech.
952 2918 1081 2975 Rursum
1140 2915 1247 2989 Aquila
1261 2915 1367 2990 plurali
1385 2931 1518 2987 numero,
1534 2916 1607 2986 filios
1621 2915 1738 2972 deorum
1753 2929 1836 2971 ansus
1849 2913 1884 2966 est
1897 2905 1926 2960 ti·

258 3003 396 3076 Lamech,
422 3020 489 3062 curn
513 3009 591 3062 esset
617 3021 761 3062 annorum
788 3009 905 3063 centum
934 3005 1082 3079 octoginta
1141 3021 1216 3075 cere,
1232 3005 1302 3062 deos
1318 3003 1485 3079 intelligens
1509 3008 1636 3075 sanctos,
1666 3005 1727 3061 sire
1747 2999 1863 3076 angelos.
1880 2997 1927 3053 lieu

257 3097 337 3165 octo,
353 3093 455 3167 genuit
469 3093 538 3150 Noe.
560 3093 593 3150 Et
619 3095 694 3150 liunt
719 3093 808 3150 simut
835 3110 927 3166 usque
952 3096 988 3151 ad
1008 3093 1086 3151 diem
1141 3096 1216 3152 enim
1238 3096 1310 3151 stetit
1329 3095 1362 3150 ιἰι
1387 3109 1529 3165 syncqoqa
1549 3091 1683 3150 deorum:
1710 3095 1740 3149 io
1762 3090 1843 3147 medio
1864 3088 1927 3142 autem

259 3181 420 3239 nativitatis
435 3181 505 3252 Noe,
517 3181 586 3236 enni
596 3181 659 3238 vite
672 3181 852 3253 Mathusalae,
864 3183 986 3239 trecenti
998 3175 1121 3254 quin-C
1139 3183 1201 3239 deos
1219 3181 1420 3257 discentem.
1435 3181 1579 3254 dijudicet]
1596 3181 1685 3253 (Ptol.
1708 3197 1798 3248 nxsxr,
1820 3177 1851 3250 1).
1871 3172 1927 3230 Unlt

259 3269 550 3345 quagintaquinque.
566 3270 783 3327 Sexcentesirno
799 3275 896 3328 autem
924 3287 1001 3328 anno
1016 3272 1081 3329 vite
1141 3277 1170 3327 et
1195 3271 1391 3344 Symmachus
1418 3268 1585 3328 istiusmodi
1610 3285 1735 3327 sensum
1760 3259 1927 3341 sequemet

258 3360 329 3432 Noe,
345 3357 491 3414 diluvium
508 3359 688 3415 factumest.
705 3360 744 3414 Ae
761 3358 1077 3433 perboc‚babitasup
1136 3369 1156 3410 ἰι
1187 3359 1325 3417 videntes
1351 3359 1403 3416 ulti
1430 3357 1691 3433 potantinm‘lllia
1719 3351 1926 3424 bominum,·tt

258 3447 408 3522 putatione
418 3463 470 3520 per
480 3450 588 3520 portes,
602 3446 823 3519 nongentesimo
835 3448 1081 3521 quinquagesimo
1142 3451 1266 3525 reliqua.

258 3537 360 3610 quinto
384 3552 462 3592 anno
486 3536 659 3608 Μειιιιιεειι,
682 3535 825 3592 diluvium
851 3536 942 3594 luisse
961 3537 1084 3594 convin·
1178 3538 1271 3611 (Vera.
1287 3539 1327 3609 3.)
1344 3559 1357 3588 ιι
1373 3537 1408 3593 tit
1431 3535 1503 3593 dixit
1526 3537 1674 3596 Dominus
1697 3535 1793 3594 Deus:
1815 3533 1926 3600 Nonou
1980 3505 1981 3546 l

257 3625 343 3682 citur.
354 3624 532 3682 (tumentem
544 3641 635 3697 supra
649 3625 808 3698 nongentis
819 3624 1085 3698 sexagintanovem
1142 3627 1290 3684 manebit⁵
1305 3625 1427 3699 spiritus
1443 3641 1527 3683 mens
1537 3626 1567 3683 in
1579 3625 1754 3684 hominibus
1764 3621 1859 3684 istisin
1870 3619 1929 3674 eter-

257 3767 420 3824 llxludeis
447 3767 498 3840 qui
523 3768 552 3823 in
576 3767 686 3824 mutarn
733 3771 824 3824 ortem
847 3767 1086 3842 interpretantur,
1142 3768 1220 3826 uode
1230 3771 1275 3825 est
1288 3767 1319 3823 in
1335 3767 1421 3824 artium
1438 3783 1490 3840 per
1501 3767 1676 3840 interpretes
1687 3757 1928 3837 foenerandum»

257 3812 431 3921 nominandl
440 3839 622 3964 cumprimis
633 3784 925 3922 suntlarapbrastes
935 3839 1088 3896 Chaldoeus
1141 3842 1176 3896 Et
1188 3843 1299 3909 tumen,
1314 3839 1416 3895 eodem
1432 3838 1583 3911 referente,
1600 3861 1614 3889 ιι
1635 3839 1667 3896 ln
1692 3838 1858 3919 quibusdem
1869 3827 1930 3886 ΜΦ·

279 3909 308 3965 ui
323 3909 413 3965 Rabbr
428 3909 516 3966 lonat
539 3926 586 3965 am
597 3909 754 3966 lien-Uzicl
765 3911 885 3980 dicitur,
898 3915 926 3966 at
936 3909 1087 3968 chaldeus
1141 3912 1234 3978 cibus,
1249 3911 1355 3967 Grecis
1370 3909 1475 3979 trihus,
1487 3926 1546 3967 uuo
1558 3909 1661 3966 Latino
1677 3915 1706 3967 et
1721 3927 1779 3966 uno
1789 3913 1863 3965 etum
1875 3899 1929 3972 Sytt

257 3927 394 4052 luticios,
411 3979 541 4062 itemque
555 3981 760 4062 ltaimouidee‚
778 3981 807 4037 S.
825 3985 844 4036 C
865 3981 960 4053 rillus,
985 3981 1037 4039 lib.
1058 3999 1087 4037 ιιι
1140 3983 1218 4040 inter
1232 3998 1263 4038 se
1278 3980 1537 4052 consentientibus,
1553 3981 1691 4038 inventus
1705 3987 1751 4039 est
1770 3970 1928 4038 mathusalem

256 4059 354 4107 contro
367 4051 524 4123 latronum,
541 4057 614 4108 sect.
631 4054 656 4122 l,
675 4053 778 4108 ecrrhit
800 4069 817 4107 ιι
871 4069 939 4125 cyse
964 4053 1086 4108 indicari
1141 4071 1189 4112 sex
1206 4053 1367 4109 annisente
1382 4051 1525 4109 diluvium
1540 4052 1632 4109 luisse
1647 4053 1835 4110 defunctus.»

257 4123 387 4180 linosum
398 4121 434 4178 ab
444 4121 616 4180 hominibus
627 4123 672 4179 sui
685 4122 825 4196 temporis
835 4123 924 4180 deum
939 4123 1028 4180 tuisse
1038 4140 1087 4197 ap·
1175 4126 1186 4160 ³
1200 4123 1281 4181 Alios
1294 4123 1325 4179 in
1347 4123 1531 4180 Samaritano
1555 4124 1654 4181 codice
1679 4125 1716 4182 de
1740 4115 1891 4198 Mathusalae
1908 4111 1928 4164 tl

256 4193 397 4267 pellatam
425 4198 487 4249 tum
509 4195 630 4250 honoris
654 4209 753 4264 causa,
777 4209 845 4250 cum
874 4195 910 4250 ob
936 4194 1084 4266 pietatem,
1140 4195 1275 4253 Lameobi
1291 4198 1374 4250 aetate
1384 4211 1477 4251 annos
1487 4199 1640 4250 enumeret
1662 4188 1929 4269 legitquellosebtut²

257 4281 348 4356 quarn
384 4265 907 4348 reseterebat3S3veroAugustin.
933 4265 1087 4348 tib.·xv·de
1141 4241 1745 4350 quadecausamemoriaelapsumllieron
1767 4253 1930 4331 motmunt
1979 4285 1980 4346 ι

257 4339 339 4394 tevit.
356 4281 414 4407 iles,
431 4351 495 4420 cap.
518 4337 566 4418 ¹18,
591 4353 634 4392 sic
656 4339 918 4421 interpretatore«
935 4338 1009 4419 0qu
1026 4337 1084 4420 sibi
1140 4283 1883 4460 Setdenus·Praelatunlltlarmor.Arundel.lemn&m
1903 4327 1929 4449 rll-
1979 4359 1980 4367 ι

255 4407 328 4552 tlt
343 4407 768 4560 ,ttttttttftlttttt
785 4407 1014 4550 litterile
1028 4425 1085 4536 ii!
1139 4407 1929 4552 tttttttttttt{titttittttitttter.

256 4549 388 4632 cundum
399 4549 569 4631 electionem
579 4553 677 4620 gratiae
688 4553 835 4630 invocaret
846 4494 1083 4636 nomenulomini
1099 4540 1123 4605 ll
1139 4551 1256 4634 bedam,
1272 4550 1324 4608 tib.
1341 4553 1375 4606 de
1390 4549 1609 4633 sexstltatibus,
1623 4555 1652 4607 et
1667 4541 1930 4626 Frecutpbnntexc

256 4619 350 4677 Der‘l»
366 4619 475 4677 Omitto
498 4617 621 4675 altorum
647 4625 816 4690 sententias,
841 4637 915 4694 quas
938 4636 1003 4692 ejus
1027 4621 1083 4680 loct
1136 4639 1212 4680 vion.
1230 4627 1278 4678 tr
1303 4619 1420 4692 ebron,
1436 4621 1487 4678 l1b.
1513 4638 1532 4677 ι.
1549 4637 1613 4694 cap.
1636 4621 1930 4693 tullianumque

257 4693 433 4764 interpretes
447 4689 580 4746 laudant.
1136 4693 1244 4750 hancce
1259 4692 1425 4775 pericopem
1442 4692 1650 4749 describentes.

292 4765 300 4801 ¹
317 4762 468 4820 Palatinus
483 4762 560 4829 cod„
574 4760 620 4845 ccii
636 4759 734 4848 attere
750 4761 865 4817 duobus
881 4761 997 4834 Reginae
1012 4779 1081 4847 con·
1154 4767 1182 4849 η’
1195 4764 1293 4821 Graece
1307 4766 1352 4820 est
1366 4781 1395 4818 ιιι
1418 4763 1533 4855 Catenis
1549 4781 1621 4821 mss.
1646 4779 1737 4848 penes
1758 4757 1930 4858 Montlautqtt:

255 4840 352 4901 sonet,
367 4835 495 4891 decentes
511 4833 744 4902 normulatim
762 4849 846 4905 porro
872 4850 962 4890 eausa
982 4835 1081 4904 tuerit,
1135 4854 1188 4888 των
1206 4831 1431 4889 δυναοτευόντων.
1447 4835 1546 4908 lneque
1564 4852 1648 4918 porro
1663 4835 1755 4907 hujus
1769 4836 1811 4890 est
1830 4828 1877 4884 loct
1889 4823 1918 4874 lt

257 4926 310 4965 cur
324 4911 443 4964 centum
459 4920 552 4961 anuos
568 4905 709 4960 adderent
727 4904 919 4976 Septuaginta
934 4905 1012 4961 oetati
1027 4909 1081 4962 Pa·
1136 4910 1230 4963 terum
1241 4907 1436 4980 quorumdam
1446 4891 1928 4980 sententiamrmpugnare,quetert.

255 4977 462 5046 triarchcrum,
487 4981 645 5050 antequam
669 4975 806 5032 dicantur
827 4976 977 5049 genuisse,
999 4977 1080 5048 igno·
1134 4979 1273 5052 Angelos,
1290 4976 1397 5059 quibus
1411 4977 1495 5045 hene,
1508 4981 1559 5033 sut
1573 4976 1649 5034 mate
1658 4977 1764 5052 agendi
1780 4962 1930 5046 lecultcsdt·

257 5049 353 5107 ratur.
1135 5055 1224 5121 retur,
1242 5051 1367 5105 seminas
1383 5047 1550 5120 deperiisse
1564 5049 1599 5105 iis
1623 5065 1658 5104 ue
1668 5051 1790 5121 Junctos
1802 5037 1929 5116 consutili,

291 5121 346 5176 ²5·
363 5134 480 5192 quoque
495 5119 691 5191 Aussussllssttss
707 5118 758 5174 llb-
774 5133 810 5173 xv
823 5117 856 5172 ἀι
872 5115 954 5172 Gt'vit·
970 5117 1029 5199 Del,
1052 5135 1079 5176 ο.
1135 5137 1224 5193 quem
1247 5119 1377 5177 tabulam
1402 5124 1505 5176 auctor
1528 5093 1578 5175 tibi
1602 5066 1727 5176 lienocb
1761 5114 1877 5174 creditur
1897 5118 1930 5160 tn·

259 5189 309 5244 13:
325 5192 509 5258 Quaestionem
523 5189 741 5264 fitrnesicsimom
756 5188 832 5244 hano
846 5192 930 5243 vocat
944 5192 973 5244 et
989 5188 1041 5244 bb.
1059 5207 1079 5246 11
1132 5193 1255 5249 vexisse.
1271 5191 1389 5248 tamdiu
1404 5190 1455 5247 illa
1470 5191 1592 5257 obtinet,
1611 5209 1674 5265 que
1692 5190 1875 5264 plurimorum
1889 5175 1929 5251 Ρις

256 5257 404 5315 dePeecat.
420 5263 493 5333 oriq.
514 5262 551 5318 iis
567 5263 753 5332 adnumerat,
765 5275 829 5334 quae
841 5258 982 5332 ignorari,
999 5260 1079 5317 salvs
1133 5267 1213 5321 trum
1237 5269 1290 5332 est,
1312 5261 1461 5335 traditque
1485 5263 1604 5320 nomino
1625 5263 1762 5320 Filiorum
1790 5258 1841 5321 bet,
1865 5249 1930 5326 ΒΗ

257 5327 314 5383 lide
329 5328 504 5400 Christiana,
521 5339 653 5404 possunt.
670 5332 725 5388 Sed
746 5328 837 5398 nulla,
855 5329 1079 5401 arrideajuxta
1133 5341 1265 5412 posteros
1279 5334 1422 5401 denotari,
1440 5349 1514 5406 quos
1529 5339 1687 5390 sanctorum
1702 5329 1860 5400 liberosipse
1872 5316 1928 5395 lite,-

258 5397 410 5478 llebraeum
434 5405 463 5456 ct
487 5401 639 5475 vulgatam
662 5402 821 5460 dillicultes
844 5406 908 5458 est:
931 5401 1078 5473 siquidem
1133 5423 1195 5477 ron,
1214 5403 1300 5479 paulo
1316 5404 1393 5460 int'ra
1406 5410 1498 5474 voest,
1516 5406 1634 5460 nomine
1648 5421 1716 5460 vero
1732 5404 1843 5476 fitiorum
1856 5391 1928 5446 term·

256 5470 266 5526 i
288 5483 321 5524 so
336 5468 437 5523 diluvii
454 5487 530 5527 anno
556 5475 711 5531 defunctus
733 5471 898 5531 Mathusela
921 5473 1076 5546 reperitur.
1131 5493 1209 5548 eom,
1225 5481 1309 5533 natas
1325 5491 1360 5532 cx
1375 5476 1500 5548 posteris
1515 5475 1596 5531 Cain.

257 5485 371 5616 (lptime
383 5538 452 5594 ader
465 5546 595 5600 notatum
609 5551 655 5602 eat
665 5547 829 5618 Augustino
843 5544 906 5601 loeo
918 5545 1005 5602 modo
1014 5545 1078 5603 lau·
1166 5566 1176 5602 ι
1191 5565 1372 5630 gcqqoeq-ffi,
1388 5548 1435 5634 ql),
1451 5563 1509 5622 Nm,
1519 5565 1673 5624 comm

257 5609 371 5688 detecte
382 5607 462 5670 ttvtt
478 5613 531 5672 oet
540 5631 551 5680 r
561 5635 576 5666 ιι
591 5615 624 5676 tu
638 5617 736 5690 potius
758 5617 868 5692 lingue
884 5615 1076 5690 credendum,
