4054 6168
200 293 266 364 Μ
827 311 860 373 s.
875 313 1038 377 nusum
1059 315 1294 384 urceorum.
1807 331 1856 402 a.

205 449 377 510 melius.
394 453 450 510 seu
470 458 500 511 et
524 472 602 514 unus
627 457 663 515 de
686 461 811 532 posteris
834 460 920 518 Coleb
932 463 1028 520 dictus
1043 451 1071 515 Α
1084 449 1150 521 Zeb,
1176 453 1278 511 civim
1303 458 1440 526 Ammine
1470 457 1616 530 h⁰ffiffll¹¹⁰
1643 454 1707 518 '5¹¹⁸
1725 459 1767 518 Ἠ·
1784 466 1861 526 (Μ’
1964 476 1965 541 i

201 543 250 594 est
263 539 346 613 Ziph.
363 543 438 617 Lege
452 543 695 620 Paralipomenon
711 550 736 622 (l
750 550 842 606 Porci.
855 567 886 618 11,
902 553 957 623 42).
1084 539 1165 596 ditur
1179 541 1209 597 in
1224 545 1448 615 quentodecimo
1462 545 1559 619 lapido
1573 546 1863 621 philadelphiam

198 637 205 650 ·
240 627 362 702 Zagora,
377 631 407 686 in
422 632 549 691 Jeremia
561 634 661 693 civitas
675 637 886 696 Moabitarum:
911 639 972 696 hee
987 647 1032 696 est
1085 627 1281 702 0⁰⁰5d0¹¹t0ms
1298 633 1333 689 de
1348 650 1407 706 lut
1421 636 1523 692 &libii
1540 637 1689 694 immiti&

202 727 270 788 quo
285 727 364 775 nuno
377 725 499 779 vocatur
511 723 612 792 Zom,
627 725 687 782 give
702 727 802 800 segor,
818 745 877 783 ung
890 729 926 784 dg
943 730 1029 801 quin.
1119 719 1245 790 Zeoleih,
1260 738 1367 778 nomen
1382 723 1498 797 lapidis,
1521 725 1572 782 ubl
1596 725 1717 784 Adonidfl
1735 727 1865 791 immolatii

204 819 262 878 qu„
276 807 663 884 „jvquqibugqgogomom
1084 806 1218 864 victimas
1229 811 1316 882 juxta
1329 811 1440 868 lentem
1456 813 1546 887 Roget
1562 815 1583 870 ¹.

241 969 250 1002 ¹
265 969 452 1030 Subneotunt
461 975 572 1030 veteres
589 973 717 1033 editores
743 977 855 1034 Erasm.
884 994 917 1034 ae
932 977 1029 1033 Victo·
1083 973 1226 1043 amionem,
1242 987 1329 1028 rweo
1348 973 1522 1046 Hieronymo,
1535 974 1581 1030 ced
1601 976 1635 1031 ob
1657 974 1713 1032 elio
1726 976 1869 1048 quodomto

197 1039 268 1122 <rius
281 1041 413 1125 libellum
427 1044 558 1102 Locorum
571 1062 608 1102 ce
626 1053 709 1128 octar,
732 1063 820 1120 quem
843 1049 873 1104 in
890 1047 1029 1121 Hierony·
1083 1047 1194 1128 arripio.
1211 1048 1245 1099 ut
1258 1045 1340 1127 Beda·
1356 1044 1531 1128 quidemln
1545 1046 1631 1128 cujus
1642 1046 1867 1130 quequeoperibus

206 1127 314 1172 intents
329 1129 445 1240 quoque
465 1131 537 1172 mes.
563 1133 673 1189 passim
699 1119 828 1176 invenire
852 1123 897 1176 est
910 1119 959 1176 hic
973 1119 1028 1175 loci
1085 1121 1240 1184 invenitur,
1257 1116 1408 1171 ascribunt
1421 1117 1526 1172 eruditi
1549 1119 1613 1188 riri,
1629 1118 1677 1190 qui
1691 1117 1870 1190 dignumlectu
1964 1116 1969 1157 Ι

205 1181 1032 1262 subjuneum:llioronymumtamenauoteremnonha·
1084 1204 1158 1260 opus
1191 1203 1255 1244 ease
1278 1185 1423 1258 iudicant,
1454 1187 1640 1244 Martianaus
1665 1193 1752 1246 totum
1775 1190 1871 1246 omnino
1966 1173 1971 1253 :7

196 1253 282 1324 bero,
300 1261 483 1330 compertum
498 1265 553 1315 est.
570 1261 602 1315 ln
613 1277 669 1318 ms.
682 1266 784 1318 nostro
794 1263 835 1318 ita
846 1262 1027 1328 inscribitur,
1084 1257 1203 1330 rejecit:
1221 1274 1274 1314 noe
1289 1259 1319 1313 in
1339 1257 1461 1328 hujusce
1483 1260 1568 1315 'lomi
1591 1261 1750 1332 appendice
1770 1261 1802 1317 ad
1814 1277 1870 1320 mse

203 1323 323 1384 umiae
346 1331 501 1402 reqiorram,
522 1335 604 1404 etque
627 1333 748 1388 iomrum
770 1333 803 1388 de
830 1335 940 1390 Actibus
959 1335 1028 1405 ripo-
1084 1345 1201 1403 queque
1215 1329 1331 1385 eodiees
1346 1330 1575 1388 recensebimus.

458 1647 497 1706 m
519 1645 838 1722 ueusuounuruu
860 1642 1164 1709 eueeaermcau
1186 1643 1375 1706 urrunnu
1397 1643 1654 1707 recasura.

884 1812 1223 1904 ADMONI‘llO·

238 2101 369 2174 Perleeto
383 2099 563 2174 Hieronymi,
577 2098 639 2157 sive
657 2097 774 2156 Eusebii
790 2099 826 2155 de
840 2099 1000 2156 Palestinae
1015 2098 1139 2154 urbibus
1154 2103 1183 2154 et
1196 2095 1267 2153 vicis
1283 2095 1367 2164 libro,
1383 2095 1457 2153 nihil
1471 2095 1586 2169 utilius,
1602 2098 1737 2172 nihilque
1750 2097 1784 2154 ad
1797 2109 1879 2154 eornm

203 2195 329 2249 mentem
344 2191 434 2263 probe
449 2189 642 2260 retinendam,
659 2187 846 2260 fructumque
857 2205 892 2244 ex
902 2189 938 2244 iis
953 2187 1085 2244 debitum
1096 2185 1171 2243 lectu
1183 2183 1416 2258 percipiendum,
1431 2187 1631 2243 necessarium
1643 2192 1690 2244 est
1700 2186 1800 2260 magis,
1811 2196 1881 2258 quam

201 2279 396 2354 geographica
409 2294 515 2352 mappa
529 2278 620 2335 totius
634 2282 729 2345 terrae,
746 2293 836 2348 quam
852 2276 1033 2344 describunt,
1049 2275 1125 2331 situs
1141 2279 1169 2332 et
1184 2274 1246 2331 loca
1260 2275 1296 2331 ad
1313 2291 1344 2330 sa
1360 2275 1483 2332 invicem
1498 2293 1557 2332 une
1572 2281 1733 2350 conspectu
1748 2287 1885 2348 represso.

201 2373 282 2426 tere:
297 2368 364 2434 Qun
392 2367 481 2425 veluti
498 2366 705 2424 commentarii
722 2367 815 2422 vicem
831 2365 974 2438 suppleat,
990 2364 1050 2420 imo
1070 2365 1156 2435 ouJus
1179 2379 1242 2436 ope,
1264 2365 1341 2436 qued
1364 2364 1483 2437 prolixis
1521 2365 1745 2423 commentariis
1766 2359 1885 2438 agreed·

193 2457 322 2516 rtucidum
337 2457 480 2525 obtineas,
496 2459 682 2529 percurrente
696 2454 841 2527 picturam
857 2453 941 2512 ocule
956 2453 1158 2540 consequaris.

713 2597 827 2661 Segnius
849 2597 955 2646 irritant
975 2595 1080 2646 animoa
1102 2594 1217 2644 demissa
1237 2608 1286 2658 per
1299 2607 1389 2657 auree,

711 2678 795 2737 Quom
810 2691 870 2741 qure
883 2679 947 2727 aunt
960 2675 1045 2726 oeulis
1057 2675 1177 2740 subjecta
1190 2674 1322 2726 fidelibus.
1336 2679 1363 2726 et
1378 2689 1437 2740 que

713 2758 771 2822 lpse
785 2757 835 2808 sibi
849 2756 931 2808 tradit
944 2759 1087 2822 spectator.

1151 2819 1256 2876 (donar.
1271 2817 1302 2868 de
1312 2819 1375 2870 ,trie
1389 2817 1476 2868 Porttc.
1491 2832 1508 2866 v
1521 2819 1566 2870 ¹8⁰
1580 2820 1604 2869 et
1621 2819 1713 2886 seqq.)

197 2973 306 3030 Verum
322 2972 347 3030 si
362 2973 399 3030 ad
414 2972 521 3030 horum
536 2973 623 3029 mode
638 2971 757 3028 Petrum
772 2971 948 3028 documenta
960 2970 1104 3028 Tabulam
1118 2970 1293 3028 adumbrare
1307 2974 1450 3043 oporteat,
1466 2969 1597 3043 solisque
1607 2987 1714 3028 eorum
1726 2963 1886 3034 sitveetigiit

188 3061 407 3128 ,insistendum
420 3061 467 3118 vix
480 3060 712 3133 uniuscujusque
728 3059 856 3132 regionis
871 3059 995 3117 seorsim
1011 3060 1119 3116 multas
1133 3059 1292 3130 describas,
1304 3076 1394 3116 unam
1406 3059 1566 3132 quaesimul
1579 3060 1753 3117 universam
1764 3055 1887 3131 ὲνγραφῆῑ

198 3146 277 3220 τύπῳ
292 3154 326 3205 ut
338 3147 482 3205 Eusebius
499 3148 639 3220 loquitur,
656 3147 839 3204 Palaestinam
854 3147 999 3216 exhibeat,
1015 3165 1051 3206 ne
1065 3149 1112 3204 vix
1123 3148 1253 3221 quidem.
1265 3149 1338 3204 Nam
1350 3148 1426 3221 quod
1438 3147 1474 3205 el.
1486 3145 1616 3204 Relando
1636 3149 1753 3222 pridem
1774 3147 1887 3202 obeam·

199 3241 264 3292 tum
276 3240 330 3309 est,
341 3235 496 3303 Eusebius,
508 3235 632 3308 ejusque
641 3235 785 3309 interpres
795 3237 1033 3310 llieronymus,iu
1054 3254 1114 3293 una
1125 3253 1242 3310 quaque
1265 3237 1381 3310 regione
1391 3241 1473 3293 terra
1485 3235 1653 3294 israeliticae
1665 3231 1887 3295 intervallaleeu·

201 3339 267 3380 rum
282 3324 319 3380 ab
334 3323 406 3381 urbe
416 3321 496 3382 illius
507 3322 635 3397 regionis
645 3323 792 3397 precipua
802 3325 947 3381 definiunt
958 3341 965 3380 :
976 3326 1070 3399 ipsam
1082 3341 1148 3382 vere
1159 3327 1272 3392 urbem,
1285 3342 1342 3398 quo
1353 3324 1415 3382 loeo
1426 3326 1483 3382 sita
1494 3325 1541 3393 sit,
1553 3324 1652 3397 dicere
1663 3319 1887 3400 praetermittunt.

199 3410 340 3484 llxemplo
355 3412 403 3481 sit,
420 3413 497 3485 qued
514 3414 551 3469 ab
560 3411 774 3485 Eleutheropoli
786 3413 949 3470 metiuntur
960 3414 1027 3488 plus
1038 3431 1127 3487 quam
1137 3413 1238 3486 viginti
1249 3415 1380 3472 locorum
1391 3414 1493 3483 situm,
1503 3413 1567 3486 ipsa
1576 3429 1646 3470 vero
1657 3403 1887 3483 llleuthempolie

199 3505 300 3574 utpote
314 3517 379 3575 que
394 3502 423 3557 in
439 3501 600 3576 scripturis
615 3519 674 3558 non
691 3507 879 3571 memoratur,
896 3519 984 3576 quem
998 3507 1124 3560 tractum
1141 3508 1272 3577 occupet,
1285 3520 1432 3576 nusquam
1444 3503 1557 3558 docent.
1569 3501 1654 3560 ldem
1665 3505 1703 3560 de
1716 3497 1888 3574 reliquissem

197 3590 320 3648 urbibus
335 3591 495 3660 usuvenit,
512 3608 586 3664 ques
601 3592 631 3649 in
646 3592 757 3661 iudea,
773 3592 935 3662 eNicopoii
951 3591 1155 3658 dimetiuntur,
1170 3590 1215 3648 vel
1231 3591 1359 3664 Diospoli
1378 3608 1384 3646 :
1400 3591 1430 3646 in
1446 3589 1634 3662 samaritide,
1651 3610 1670 3648 a
1684 3588 1804 3664 Neapoli
1814 3591 1840 3643 et
1848 3583 1887 3639 St·

196 3679 298 3736 baete:
312 3679 344 3735 in
360 3679 489 3749 Galilaea,
505 3697 522 3736 a
535 3679 712 3738 Diocaesarea
727 3687 757 3737 et
770 3682 913 3755 Legiooe:
932 3681 1057 3753 denique
1070 3684 1151 3736 trans
1172 3680 1344 3747 lordanem,
1371 3697 1388 3735 o
1407 3678 1486 3736 Pelle
1509 3683 1537 3736 et
1560 3679 1782 3754 philadelphia.
1796 3677 1889 3743 Nempe

195 3785 442 3842 supervacaneam
458 3769 605 3826 duxeruut
615 3787 679 3828 esse
688 3786 817 3843 operam,
831 3770 985 3844 primarias
999 3787 1048 3826 eas
1061 3769 1160 3836 urbes,
1175 3768 1295 3840 suisque
1305 3767 1487 3840 temporibus
1497 3767 1583 3841 lenge
1594 3769 1785 3834 notissimas,
1796 3761 1888 3836 quibus

183 3855 373 3920 ,haberentur
387 3856 546 3926 distantiis,
563 3858 728 3931 designare,
745 3877 853 3933 easque
867 3859 939 3915 adeo
953 3857 996 3914 vel
1013 3857 1134 3914 omnino
1145 3857 1344 3926 dissimulant,
1355 3855 1398 3913 vel
1408 3853 1504 3918 πόλεις
1514 3855 1685 3930 ἐπισήμους,
1697 3858 1781 3914 orbec
1790 3849 1888 3916 aetites,

194 3942 303 4002 dixisse
315 3945 445 4002 contenti
461 3951 538 4004 sunt.
555 3947 639 4002 Nunc
652 3965 720 4005 vere
735 3947 852 4020 quando
867 3946 982 4004 nobiles
993 3962 1058 4004 esse
1069 3947 1231 4016 desierunt,
1243 3946 1306 4002 suis
1319 3945 1554 4018 quasqueloeare
1563 3947 1701 4014 sedibus,
1714 3945 1815 4002 habito
1824 3939 1855 3994 od
1864 3949 1888 3990 ⁵⁶

193 4031 316 4090 invicem
332 4037 476 4107 respectu,
492 4035 517 4092 si
531 4049 633 4092 eorum
646 4041 761 4092 tantum
777 4035 894 4092 indiciis
909 4035 1043 4101 nitimur,
1064 4051 1122 4090 non
1143 4039 1188 4091 est
1202 4035 1381 4108 expe-ditum.

228 4120 360 4179 Alterum
376 4123 488 4180 accedit
501 4123 570 4180 huie
584 4123 661 4182 malo
675 4123 908 4190 incommedum,
924 4123 1003 4195 quod
1019 4123 1214 4195 ipsarummet
1229 4122 1359 4193 urbium,
1376 4139 1450 4196 quae
1466 4141 1483 4179 u
1497 4124 1648 4196 praecipua
1664 4121 1889 4193 uniuscujusque
1970 4123 1971 4128 ’

192 4209 321 4284 regionis
329 4211 453 4268 deducto
462 4206 615 4270 intervallo
624 4215 727 4270 Patres
737 4213 890 4280 collocant,
902 4229 960 4268 non
971 4228 1065 4284 usque
1076 4213 1147 4268 adeo
1158 4211 1285 4284 diligens
1298 4211 1408 4267 notatio
1419 4212 1458 4268 sit
1469 4217 1601 4285 respectu
1614 4212 1779 4288 plagarum
1792 4199 1890 4272 mundi,

192 4313 260 4354 cum
275 4302 402 4370 quatuor
416 4299 558 4356 duntaxat
571 4299 742 4374 vulgaribus
756 4299 815 4356 illis
830 4299 912 4365 Ortu,
929 4298 1053 4368 Occasu,
1066 4299 1276 4372 septentrione,
1293 4305 1320 4356 et
1341 4299 1459 4355 Meridie
1481 4304 1610 4368 utantur,
1629 4301 1768 4373 reliquas
1781 4290 1890 4369 singulis
1970 4307 1971 4328 i

191 4383 272 4442 hisce
287 4386 477 4444 intermediae
492 4387 651 4462 negligant.
666 4389 786 4445 Minime
802 4391 899 4444 autem
916 4387 1054 4444 credibile
1070 4389 1112 4454 fit,
1128 4405 1230 4444 omnes
1245 4389 1333 4444 urbes
1346 4389 1470 4444 Eusebio
1481 4394 1663 4446 memoratas
1677 4393 1761 4447 reeta
1770 4379 1892 4458 campi*

191 4489 258 4548 gam
274 4473 448 4548 respexisse,
464 4476 501 4532 ad
517 4492 606 4548 quam
618 4477 792 4544 reseruntur,
804 4493 966 4548 omnesque
975 4476 1011 4532 ad
1024 4477 1156 4533 eamdem
1168 4476 1256 4532 veluti
1266 4475 1374 4533 lineam
1388 4481 1515 4533 remotae
1527 4477 1618 4535 luisse
1630 4479 1670 4535 ab
1681 4495 1719 4535 ea
1729 4478 1813 4542 urbe,
1824 4469 1891 4528 unde
1970 4497 1971 4560 ἐ

190 4562 332 4619 distantia
346 4579 447 4620 aarum
463 4567 582 4638 petitur.
598 4564 677 4621 Nihil
687 4565 751 4636 jam
768 4565 803 4622 de
819 4565 930 4622 ceteris
945 4565 1020 4635 dico,
1032 4583 1096 4637 quse
1107 4565 1135 4621 in
1146 4565 1201 4621 hoe
1212 4566 1389 4638 scriptorum
1410 4567 1472 4639 puri
1484 4559 1891 4628 desideratlaudatusltelm-

190 4652 257 4720 dus,
273 4668 307 4708 ac
321 4651 424 4709 multis
440 4657 604 4726 exaggerat,
617 4653 741 4710 fortasse
756 4653 844 4710 etiarn
859 4671 950 4727 supra
964 4671 1064 4710 verum
1078 4671 1085 4710 z
1101 4654 1197 4726 reipsa
1212 4653 1351 4711 enimaut
1361 4671 1465 4727 parum
1476 4655 1584 4727 negotii
1597 4657 1771 4725 lacessunt,
1784 4657 1892 4710 eutroc-

189 4741 304 4800 tissime
318 4758 351 4800 so
365 4741 485 4810 habent,
500 4741 750 4814 quemadmodum
766 4741 796 4797 in
811 4743 929 4814 prolixa
939 4741 1008 4799 bule
1019 4747 1097 4799 temo
1108 4741 1282 4798 Praelatiene
1294 4743 1488 4799 ostendimus.
1502 4745 1578 4800 Satis
1588 4760 1624 4799 rx
1634 4745 1685 4801 his
1697 4743 1826 4810 duobus,
1836 4749 1890 4812 qut!
1970 4727 1971 4748 ¹

187 4831 374 4900 adduximus,
388 4831 490 4904 liquet,
508 4830 651 4888 universa
665 4828 826 4888 palestine
847 4830 1005 4904 imaginem
1022 4831 1058 4887 ad
1074 4831 1191 4888 Eusebii
1208 4849 1241 4887 ao
1266 4831 1433 4906 Hieronymi
1458 4831 1610 4906 ingenium
1635 4851 1674 4890 err
1701 4835 1786 4890 hisce
1799 4839 1890 4894 eorum

186 4921 386 4986 monimentis,
395 4917 511 4975 tametsi
520 4917 652 4974 omnium
664 4914 1010 4988 longeluculentissimis,
1022 4935 1079 4974 non
1092 4936 1178 4992 posse
1188 4918 1344 4987 delineari,
1358 4919 1550 4991 sedqumdam
1561 4936 1689 4980 necesse
1699 4918 1888 4994 sesepriusex

180 5007 308 5066 'aliomm
323 5008 558 5082 geographorum
574 5006 701 5064 maxime
715 5009 846 5063 veterum
859 5005 1031 5063 auctoritate
1046 5008 1234 5078 constituero,
1259 5008 1367 5080 quibus
1393 5009 1511 5063 demum
1536 5009 1542 5062 i
1547 5025 1610 5080 psa,
1639 5027 1710 5082 quas
1742 5011 1773 5066 in
1789 5007 1888 5064 incerto

183 5097 261 5168 apud
275 5095 434 5152 Eusebium
450 5095 510 5152 sivo
525 5095 734 5168 Hieronymum
751 5095 869 5161 haerent,
884 5099 1064 5152 asserantur.
1867 5148 1869 5152 .

180 5207 185 5214 ·
217 5181 277 5238 lleo
290 5199 377 5256 perro
391 5187 446 5251 eet,
458 5183 535 5255 quod
547 5183 576 5241 in
585 5183 640 5242 hac
650 5183 827 5241 exstruenda
835 5182 940 5255 Mappa
951 5184 1089 5257 supplere
1100 5185 1201 5256 debui,
1212 5185 1358 5258 siquidem
1371 5185 1400 5240 in
1415 5189 1551 5258 promptu
1576 5190 1642 5242 erat
1652 5203 1690 5243 ex
1700 5183 1808 5244 alienia
1818 5175 1888 5238 torti·

176 5269 290 5326 'meniis
306 5269 374 5326 huic
386 5270 573 5344 descriptioni
589 5271 740 5345 suppetias
756 5271 831 5328 lerre
842 5287 849 5339 ;
862 5287 916 5327 nee
927 5274 991 5343 erit,
1005 5273 1119 5344 opinor,
1136 5274 1188 5346 qui
1201 5273 1297 5330 studio
1309 5288 1373 5328 mee
1384 5272 1472 5328 veluti
1484 5273 1672 5346 propositum
1684 5277 1886 5349 praetergresso

178 5349 351 5415 'succenseat
367 5357 454 5415 homo
469 5375 558 5416 sacre
572 5357 755 5434 geographie
770 5359 904 5431 cupidus,
920 5361 1059 5432 quoniam
1071 5367 1103 5417 ut
1113 5367 1155 5419 tot
1165 5361 1329 5435 singulares
1338 5361 1454 5418 tabulas
1467 5363 1621 5435 regionum
1633 5363 1886 5425 adumbrarem

178 5462 228 5503 me
241 5443 306 5518 ipso
336 5444 492 5518 importare
506 5464 563 5504 non
578 5448 670 5521 potui,
682 5447 785 5519 vixque
797 5448 881 5505 aliter
902 5447 1015 5506 lructus
1025 5450 1061 5506 ab
1072 5450 1178 5506 eximie
1189 5448 1326 5506 boelibro
1337 5452 1450 5521 poterat
1462 5449 1596 5505 obtineri.
1609 5450 1763 5507 Recensui
1773 5452 1884 5510 eutem

180 5553 214 5594 ac
229 5532 363 5607 disposui
379 5532 442 5588 suis
457 5549 579 5606 queque
595 5534 765 5592 nominibus
779 5535 854 5605 loca,
869 5542 957 5609 prout
971 5555 1004 5595 ox
1018 5537 1293 5612 septuragintavirali
1309 5537 1436 5593 editione
1450 5537 1504 5594 hoo
1526 5538 1598 5594 libro
1609 5539 1822 5608 enuntiantur,
1836 5545 1885 5592 net

178 5627 270 5686 terme
278 5621 336 5686 alia
343 5621 526 5702 pretermisi,
539 5637 626 5695 quam
638 5639 702 5700 que
714 5625 905 5701 appellativa,
917 5635 949 5685 ut
958 5633 1072 5702 vocant,
1084 5626 1318 5704 significationis,
1328 5643 1387 5686 nnn
1395 5625 1519 5702 proprie
1529 5631 1675 5698 suebant
1685 5632 1764 5687 certe
1773 5622 1883 5700 munbi·
