4078 6162
1829 239 1840 266 ἱ

163 263 228 338 ιιι
721 265 837 340 areae
857 267 909 340 aa
931 265 1036 341 vms
1058 265 1329 341 volueramus.
1784 251 1788 296 ³
1816 259 1875 338 ιιι

165 395 279 482 Ῥώμης
317 399 473 478 ἐπιστολήν
504 403 645 479 συνοδικήν
682 405 794 479 ἐξέδωκε
820 455 827 480 ,
862 406 1173 484 διδάσκωνΑεοοριιαι
1202 413 1379 480 Romanum,
1395 407 1547 484 epistolem
1572 409 1752 484 synodicam,
1767 403 1798 466 iu
1815 421 1873 482 que

166 495 288 575 όρείλειν
328 499 455 555 Ἰωάννου
492 503 540 554 τοῦ
571 497 724 554 ἀποστόλου
757 497 802 554 καί
830 502 864 574 τῇ
893 499 997 571 παλαιᾷ
1051 501 1330 573 docet,seapostoli
1349 498 1872 558 loannisetvetsrumauotoritatem

166 585 357 657 ἐξακολουθεῑν
387 587 529 658 σύθεντίᾳ,
561 589 604 666 ἀρ’
630 591 664 657 ἧς
695 585 776 664 ὀλίγα
805 584 995 663 διηγήσομαι·
1051 591 1133 663 sequi
1151 608 1157 647 ζ
1175 592 1209 647 de
1232 607 1292 663 qua
1318 591 1488 664 haecpauca
1514 589 1712 663 excerpsimus
1734 587 1873 645 1ειιΝοα

167 700 182 728 ιι
199 681 300 749 Ἠμεῖς
329 676 420 731 τοίνυν
449 676 579 750 ἀμίαντον
605 674 782 751 ἐπιτελοῦμεν
806 680 855 747 τὴν
877 678 995 755 ἑορτὴν,
1050 678 1140 752 igitur
1153 678 1350 736 inviolabilem
1366 679 1752 749 celebramuedlem‚neque
1766 677 1878 734 adden·

170 763 244 839 μηδέ
257 766 457 840 προστιθέντες,
484 763 554 838 μηδὲ
584 767 795 842 ὑπεξαιροῦντες,
824 767 872 822 Καί
892 768 944 844 γάρ
969 767 994 822 ἐν
1051 772 1095 824 tes
1111 767 1232 839 aliquid,
1254 785 1348 840 neque
1368 769 1528 824 dementes.
1558 766 1716 823 Etenimin
1731 766 1876 822 Aeluele·

168 858 206 928 τῇ
228 854 307 925 Ἀσία
331 852 440 928 μεγάλα
464 860 588 931 στοιχεῖα
611 854 758 928 ἐκοιμήθη,
788 858 854 931 άπερ
884 857 998 926 ἀναστή-
1051 857 1591 926 menta¹maximadormierunt,quae
1615 860 1771 929 resurgent
1785 853 1876 911 indie

172 963 245 998 σεται
265 942 338 1016 ἐντῇ
367 944 460 1019 ήμίρα
490 949 537 998 τοῦ
566 944 676 1019 Κυρίου,
706 943 789 999 δι’άν
817 942 994 1019 ἔλθηέκτιῖιν
1050 946 1176 1014 Domini,
1188 947 1305 1018 quando
1320 951 1460 1003 venturas
1471 950 1516 1014 est
1531 946 1567 1001 de
1578 945 1660 1002 ooelis
1675 945 1705 1000 in
1721 945 1877 1018 majestate

171 1029 289 1106 οόρανῶν
320 1029 346 1084 ἐν
374 1033 409 1103 τῇ
440 1029 528 1102 οίκείᾳ
555 1027 628 1104 δόξῃ,
660 1030 772 1107 ἐγείρων
802 1033 903 1095 πάντας
931 1032 995 1095 τοὺς
1050 1035 1577 1103 sua,suscitaturusomnoaaanotos
1609 1050 1616 1088 τ
1647 1033 1816 1106 Philippum
1831 1031 1875 1088 lo-

168 1119 273 1194 ἁγίους·
290 1116 432 1174 Φίλιππον
462 1117 537 1194 λέγω
567 1118 596 1173 ἐκ
623 1124 676 1176 τῶν
693 1118 798 1176 δώδεκα
823 1120 993 1191 ἀποστόλων,
1050 1124 1342 1195 quordeduodecim
1364 1122 1515 1196 apostolis,
1533 1123 1582 1196 qui
1611 1121 1749 1178 dormivit
1778 1121 1876 1178 lliera·

163 1209 196 1270 ὃς
216 1207 353 1282 ἐκοιμήθη
379 1207 406 1263 ἐν
425 1205 586 1284 Ἱεραπόλει,
615 1209 660 1263 καί
692 1210 740 1271 τάς
764 1207 811 1264 δύο
836 1212 994 1286 θυγατέρας,
1049 1209 1429 1283 poli‚etdeass1liasejas,
1447 1227 1510 1282 que
1529 1209 1875 1283 virginesssnueruat,et

164 1295 267 1357 α’ἶτινες
295 1298 424 1374 παρθένοι
453 1297 613 1373 ἐγήρασαν,
647 1299 692 1352 καὶ
726 1299 815 1376 ἑτέραν
847 1299 926 1354 αὐτοῦ
951 1303 995 1356 lle-
1050 1297 1137 1354 aliam
1153 1300 1217 1371 ejus
1247 1300 1348 1367 uliam,
1374 1317 1437 1372 quae
1467 1299 1577 1372 Spiritu
1610 1301 1711 1356 sanato
1730 1296 1816 1371 plena
1844 1297 1874 1352 in

162 1387 277 1462 γαστέρα,
307 1386 369 1455 ήτις
399 1386 425 1442 ἐν
450 1386 522 1462 οἰγίῳ
541 1385 677 1460 Πνεόματι
706 1386 936 1463 πεπληρωμένη,
968 1390 994 1446 ἐν
1049 1388 1162 1460 Epheso
1181 1389 1328 1444 occubuit.
1344 1389 1438 1446 Sedet
1450 1387 1649 1461 Joanaas,qui
1665 1373 1875 1460 super'peotua

161 1475 272 1552 Ἐρέσῳ
300 1473 456 1546 ἐτελειώθη.
475 1477 525 1530 Καὶ
554 1476 694 1546 Ἰωάννης,
719 1477 750 1539 δς
775 1476 818 1532 ἐπὶ
841 1479 873 1533 τὸ
897 1482 994 1550 στῆθος
1050 1477 1165 1532 Domini
1181 1477 1324 1544 recubuit,
1341 1477 1512 1549 etpontilex
1537 1477 1761 1550 ejus³aaream
1789 1477 1874 1534 lami·

160 1569 212 1618 τοῦ
228 1562 332 1640 Κυρίου
354 1562 480 1634 άνεκλίθη
499 1565 565 1633 ,καί
582 1564 670 1640 ἱερεὺς
693 1565 775 1620 αὐτοῦ
800 1567 905 1642 γέγονε,
926 1588 993 1644 γρυ-
1051 1583 1118 1622 nam
1134 1566 1164 1621 in
1181 1566 1274 1624 fronte
1289 1571 1419 1638 portuno,
1437 1569 1584 1639 martyrol
1599 1564 1745 1622 ductoria
1759 1566 1873 1639 Epheso

162 1657 228 1708 σοῦν
254 1645 373 1708 πέταλδν
390 1653 415 1708 ἐν
440 1658 479 1726 τῷ
502 1654 621 1726 μετώπῳ
647 1656 797 1729 βαστάζων,
825 1658 926 1733 μάρτυς
950 1657 994 1712 καί
1050 1655 1213 1711 dormivit:
1236 1660 1264 1711 et
1295 1655 1483 1728 polycarpus,
1513 1658 1669 1728 episcopus
1697 1657 1724 1710 et
1754 1658 1873 1728 martyr,

162 1739 333 1804 διδάσκαλος
355 1741 380 1796 ἐν
401 1747 436 1816 τῇ
461 1741 566 1821 Ἐρέσῳ
587 1741 733 1817 ἐκοιμήθη,
753 1744 994 1824 asturiensem<
1010 1783 1034 1848 Β
1050 1745 1181 1818 Smyrnae
1196 1746 1283 1802 cubat
1297 1747 1317 1800 ⁸.
1334 1745 1411 1803 888
1428 1745 1573 1802 Thraseae
1587 1759 1704 1817 quoque
1718 1743 1875 1818 episeopus

161 1831 315 1893 ἐπίσκοπος
349 1831 394 1886 καί
430 1832 531 1907 μάρτυς
562 1830 587 1886 έν
621 1836 655 1906 τῇ
691 1833 801 1909 Σμύρνη
829 1836 994 1905 κατάκειται,
1049 1838 1078 1889 et
1098 1841 1209 1906 martyr
1223 1834 1259 1890 de
1275 1833 1415 1890 llumenia
1444 1834 1474 1889 in
1503 1835 1605 1891 eadem
1620 1833 1745 1906 Smyrna
1760 1833 1874 1906 requie·

160 1921 211 1976 καὶ
227 1921 346 1997 θρσσίας
362 1919 510 1983 ἐπίσκοπος
529 1922 574 1975 καί
597 1923 699 1999 μάρτυς
722 1922 774 1977 άπὸ
799 1923 946 1998 Εόμενείας
968 1924 993 1979 ἐν
1049 1922 1115 1978 soit.
1130 1922 1203 1986 Quid
1219 1939 1338 1981 neeesse
1352 1927 1397 1979 est
1410 1923 1526 1996 Sagaris
1540 1923 1668 1996 episcopi
1684 1927 1713 1979 et
1737 1922 1874 1996 martyris

165 2029 206 2082 τη
227 2006 293 2082 elza]
322 2007 435 2085 Σμύρνη
455 2008 601 2080 άνεπαόθη.
632 2009 687 2065 oia
716 2007 786 2065 ἐστιν
816 2013 918 2088 ἀνάγκη
941 2019 993 2069 Σα-
1050 2011 1205 2077 reeordari,
1224 2011 1273 2083 qui
1297 2010 1327 2066 in
1358 2012 1499 2068 Laodicea
1524 2015 1688 2084 soporatur,
1709 2015 1738 2067 et
1765 2011 1873 2084 Papirii

167 2098 278 2172 γάρεως
309 2095 455 2153 ἐπισκόπου
485 2097 529 2152 καὶ
565 2099 702 2176 μάρτυρος
737 2104 914 2174 μεμνῆσθαι,
946 2108 994 2158 τοῦ
1049 2098 1138 2168 beati,
1157 2099 1346 2156 etMaliionis
1371 2100 1400 2155 in
1435 2103 1536 2156 sancte
1562 2099 1669 2171 Spiritu
1696 2100 1707 2134 ί
1735 2100 1874 2166 eunuchi,

166 2184 198 2240 ἓν
232 2182 374 2258 Λαοδικείᾳ
409 2187 656 2260 ἀναπαυσαμένου,
683 2189 728 2242 καί
768 2191 907 2264 Παπυρίου
946 2197 994 2246 τοο
1049 2189 1099 2260 qui
1116 2187 1872 2260 semperDominoservierapositusestinSardis,

163 2276 388 2349 μακαριωτάτου,
417 2275 461 2329 καὶ
496 2273 653 2345 Μελίτωνος
683 2276 709 2331 ἐν
737 2283 777 2350 τῷ
811 2279 881 2354 άγίῳ
910 2279 993 2334 Πνεό-
1048 2281 1078 2332 ct
1096 2278 1275 2349 exspectain
1296 2278 1422 2333 adventu
1451 2279 1515 2349 ejus
1545 2277 1814 2333 resurrectionem?
1837 2277 1873 2334 Hi

161 2384 233 2439 ματι
268 2362 410 2440 εὐνούχου,
436 2362 510 2426 ὅστις
538 2365 578 2418 ἀεὶ
603 2369 644 2437 τῷ
668 2365 760 2442 Κυρίῳ
785 2364 938 2443 λατρεύων,
966 2367 992 2422 ἐν
1049 2381 1151 2420 omnes
1167 2367 1395 2422 observaverunt
1409 2366 1525 2422 Peschoe
1550 2365 1628 2423 diem
1643 2365 1874 2437 decimaquarta

160 2449 283 2520 Σάρδεσι
302 2453 443 2522 κατετέθη,
463 2452 508 2507 καὶ
536 2453 676 2528 περιμένει
704 2453 730 2509 ἑν
749 2459 784 2528 τῇ
810 2455 891 2511 αὐτοῦ
919 2454 994 2512 ἐλεό-
1048 2452 1128 2521 larua,
1145 2454 1182 2509 ab
1199 2454 1366 2527 evangelica
1385 2454 1542 2511 traditione
1571 2455 1600 2509 ia
1626 2452 1738 2509 nullam
1759 2457 1872 2526 partem

158 2561 207 2598 σει
234 2542 284 2610 τήν
319 2541 470 2598 ἀνάστασιν.
497 2542 578 2597 Οότοι
607 2543 705 2606 πάντες
733 2543 922 2623 παρερόλαξσιν
942 2547 992 2615 τήν
1048 2542 1238 2610 declinantes,
1251 2549 1279 2601 et
1297 2541 1527 2601 ecclesiasticum
1542 2545 1699 2616 sequentes
1718 2557 1872 2621 aereaere.

157 2632 272 2706 ἡμέραν
292 2634 343 2685 τοῦ
373 2631 470 2708 Πάογα
501 2635 536 2706 τῇ
564 2631 837 2709 τεσσαρεσκαιδεκάτη
864 2625 915 2704 τῆς
949 2655 992 2689 σε-
1049 2631 1106 2704 rgo
1122 2631 1683 2704 quoqueminimusomniumvestrum
1696 2630 1872 2706 Polycrates,

156 2717 266 2790 λήνης,
287 2719 341 2774 ἀπὸ
368 2725 419 2788 τῆς
444 2716 625 2794 εόαγγελικῆς
647 2717 823 2795 παραδόσεως
851 2722 889 2785 τίς
915 2720 991 2780 οόδεν
1048 2721 1210 2778 secundum
1221 2722 1384 2778 doctrinam
1397 2720 1630 2794 propinquorum
1642 2736 1873 2794 meorum,quoa

158 2808 250 2884 μέρος
293 2806 471 2870 ἀπονεύοντες
500 2853 508 2877 ,
537 2809 582 2863 καί
633 2807 850 2882 έκκλησιαστικῷ
900 2813 992 2868 κανόνι
1047 2815 1075 2865 et
1094 2815 1213 2867 secutus
1229 2827 1294 2867 sum
1310 2829 1317 2878 ;
1333 2815 1444 2882 septem
1460 2810 1607 2883 siquidem
1622 2810 1742 2866 fueruat
1757 2809 1874 2882 propin·

157 2897 308 2970 ἑπόμενοι.
334 2897 417 2972 Κάγιὶι
438 2893 466 2951 a
491 2894 637 2974 ἐλάχιστος
661 2899 768 2953 πάντων
795 2899 871 2973 ὑμῶν
901 2898 990 2956 liele·
1047 2901 1098 2972 qui
1115 2901 1171 2956 mei
1190 2900 1329 2973 episcopi,
1346 2903 1440 2974 stege
1455 2905 1574 2965 octavae
1591 2916 1597 2956 :
1615 2915 1731 2972 semper
1760 2896 1873 2955 Pascha

154 2988 277 3060 περάτης,
307 2986 376 3040 κατὰ
407 2987 457 3054 τήν
488 2982 604 3062 διδαγήν
624 2991 678 3042 τῶν
712 2985 830 3058 πλησίον
862 3009 924 3062 μου,
951 2990 991 3051 οἷς
1045 2989 1198 3057 celebravi,
1216 2990 1333 3062 quando
1348 2989 1474 3061 populus
1487 2989 1655 3045 ludaeorum
1671 3004 1772 3060 azyme
1787 2986 1873 3043 lacie-

154 3077 208 3132 καὶ
236 3072 469 3146 ἐξηκολούθησε·
497 3073 542 3129 καί
570 3076 622 3150 γάρ
652 3076 718 3132 έπτόι
744 3075 867 3152 ἐγένοντο
896 3099 991 3154 σογγε-
1046 3077 1231 3150 batltaque,
1247 3079 1352 3134 iratres
1368 3073 1872 3150 sexagintaquinqueanoosaetetis

153 3170 219 3227 νεῑς
255 3185 307 3238 μου
342 3164 415 3222 881
447 3163 601 3233 ἐπίσκοποι,
633 3165 710 3239 κάγὼ
741 3159 858 3240 όγδοος·
893 3166 933 3221 άεί
960 3150 1118 3222 τὸίίιαοοε
1138 3172 1223 3223 natos
1243 3167 1272 3222 ia
1293 3166 1427 3232 Domino,
1448 3171 1477 3223 et
1495 3183 1512 3222 a
1532 3165 1633 3223 multis
1652 3181 1687 3222 ex
1713 3168 1774 3222 toto
1803 3163 1873 3220 orbe

201 3288 312 3377 ¹llpud
341 3287 447 3345 Euseb.
479 3306 520 3356 111,
549 3290 594 3356 31,
625 3293 653 3345 et
680 3307 707 3354 v,
729 3291 765 3345 24
789 3305 795 3344 ε
820 3295 914 3363 Ἡμεῖς
943 3289 988 3346 οὖν

160 3451 238 3504 μεε
264 3431 469 3506 άφαιρουμενοι.
491 3430 540 3484 Καὶ
569 3449 621 3506 γαρ
650 3450 718 3485 κατα
741 3453 792 3500 την
821 3433 911 3486 Ἀσίαν
944 3453 989 3506 με·

183 3505 242 3556 ά.α
270 3505 389 3576 στοιχεῖα
424 3501 612 3574 κεκοίμηται,
642 3503 718 3556 άτινα
751 3503 927 3572 ἀναστήσεται
954 3509 988 3569 τῆ

160 3523 264 3660 ἐμέρα
289 3577 339 3638 τῆς
368 3570 516 3646 παρουσίας
548 3575 597 3626 τοῦ
630 3571 740 3647 Κυρίου,
775 3573 800 3627 ἐν
835 3575 854 3644 ᾗ
880 3561 989 3650 έρχετοίι

211 3661 242 3696 ια
261 3637 342 3710 δόξης
362 3641 385 3712 ἐξ
405 3642 539 3719 οὐρανῶν,
563 3643 608 3698 καὶ
639 3645 781 3713 ἀναστήσει
802 3645 903 3706 πάντας
926 3645 990 3708 τοὺς

163 3711 277 3788 αγίους·
300 3713 433 3787 Φίγιππον
457 3714 503 3768 τὸν
525 3715 559 3790 (s.
585 3717 636 3787 ίσρ.
657 3712 797 3777 Φίλιππος
820 3717 845 3789 ὁ)
865 3720 918 3772 τῶν
935 3713 989 3770 δώ-

158 3783 229 3840 δεκα
263 3783 422 3840 ἀποστόλων
444 3785 474 3846 δς
503 3785 667 3857 κεκοίμηται
696 3785 722 3840 ἐν
748 3783 916 3862 Ἱεραπόλει,
945 3788 990 3842 καὶ

155 3855 209 3914 δύο
239 3857 387 3943 θυγατέρες
413 3855 495 3910 αὐτοῦ
529 3862 710 3932 γεγηρακυῖαι
738 3858 876 3932 παρθένοι.
907 3860 989 3927 Καίή

155 3929 242 4004 ἐπέρα
268 3926 352 3982 αὐτου
374 3928 496 4014 θυγάτηρ
517 3925 542 3982 ἐν
570 3927 641 4002 ἁγίῳ
669 3927 804 4001 Πνεόμαει
828 3925 990 3984 πολιτευσα-

154 4001 243 4074 μένη,
264 3996 327 4125 {tv
345 3999 450 4075 Ἐφέσῳ
466 3997 639 4055 αναπαόεται.
665 4002 723 4055 ”Eri
748 3997 777 4054 δὲ
801 4000 845 4055 καί
869 4001 989 4055 δἸωοίν-

150 4094 227 4198 κηρὶ,
237 4072 260 4195 όἱ
288 4069 320 4124 πί
336 4069 367 4124 τὸ
396 4069 493 4137 στῆθος
508 4075 556 4125 τοῦ
581 4069 680 4144 Κυρίου
703 4071 853 4142 ἀναπεσὼν,
877 4073 906 4133 ’ός
934 4071 991 4146 ἐγε-

149 4147 183 4198 ν“
262 4162 274 4196 ε

148 4160 328 4274 διοάέκαλος
345 4255 353 4280 ,
373 4211 451 4274 οὗτος
482 4211 507 4267 ἐν
539 4213 643 4291 Ἐφέσῳ
676 4233 847 4286 κεκοιμηται.
880 4219 939 4269 Ἔτι
964 4211 992 4269 δέ

146 4287 199 4342 καὶ
233 4281 420 4358 Πολόκαρπος
450 4283 464 4336 ὁ
494 4282 519 4338 έν
554 4282 667 4358 Σμύρνη
695 4285 740 4348 καὶ
773 4284 919 4347 ἐπίσκοπος
947 4288 992 4340 καὶ

176 4358 290 4418 άτυς.
322 4354 372 4410 Καὶ
409 4355 528 4430 Θρασέας
554 4356 600 4410 καὶ
637 4355 783 4418 ἐπίσκοπος
816 4359 861 4411 καὶ
890 4357 992 4433 μάρτυς

147 4377 212 4484 areg
230 4424 382 4500 Εόμενίας,
407 4425 437 4488 ’ός
458 4424 484 4480 ἐν
513 4425 625 4502 Σμόρνη
643 4425 816 4498 κεκοίμηται.
842 4427 872 4482 Τί
897 4425 926 4482 δὲ
950 4426 991 4483 δεῖ

296 4139 340 4202 εὺς
364 4141 396 4194 τὸ
420 4138 538 4197 πέταλον
568 4142 750 4232 πεφορηκὼς,
764 4143 808 4197 καὶ
831 4145 933 4217 μάρτυς
946 4144 991 4197 καί

159 3357 398 3556 ἁρξᾳοιοόργητρν
426 3355 527 3433 ἄγομεν
558 3359 675 3448 ἡμέραν,
702 3361 772 3449 μήτε
790 3363 988 3436 προστιθέντες,
1048 3382 1068 3452 μ

1046 3291 1097 3367 μὴν
1114 3287 1296 3362 διεληλυθὼς,
1313 3290 1344 3344 eil
1369 3290 1506 3364 πτόρομαι
1531 3289 1575 3345 ἐπὶ
1598 3294 1656 3351 τοῖς
1678 3284 1869 3359 καταπλησσο·

1069 3363 1197 3424 ένοις.οί
1224 3363 1278 3436 γάρ
1297 3361 1363 3454 ἐμοῦ
1393 3361 1516 3434 μείζονες
1544 3361 1678 3437 εἰρήκασι,
1705 3360 1866 3438 Πειθαρχεῖν

1047 3438 1088 3488 οεῖ
1103 3437 1161 3504 θεῷ
1179 3430 1286 3487 μᾶλλον
1301 3436 1318 3500 i,
1336 3432 1497 3506 ἀνθρώποις.

1082 3501 1099 3539 ”
1110 3505 1234 3570 Quidam
1250 3505 1364 3562 codices
1390 3505 1540 3560 lramz'naria
1564 3520 1615 3575 pro
1629 3503 1774 3571 elementa,
1791 3503 1869 3575 qued

1046 3576 1123 3631 idem
1138 3580 1183 3631 est
1204 3576 1372 3647 :siquidem
1386 3581 1497 3631 veteres
1511 3573 1669 3630 luminaria
1688 3589 1736 3628 ma
1759 3589 1804 3640 oa,
1822 3589 1869 3629 so·

1045 3647 1104 3703 lem
1123 3645 1234 3702 scilicet
1249 3653 1278 3701 et
1300 3646 1411 3712 lunam,
1439 3645 1492 3702 duo
1511 3647 1643 3700 ιίαιιισιιιιι
1672 3589 1868 3716 appellabant.

1046 3717 1137 3773 Greci
1152 3717 1338 3772 concinaiero
1351 3716 1446 3772 adhuc
1470 3732 1558 3772 sensu
1574 3718 1708 3789 στοιγεῖα,
1724 3715 1869 3786 quemad-

1047 3789 1168 3845 modum
1183 3788 1230 3843 hio
1245 3803 1361 3860 quoque
1376 3787 1550 3859 Polycrates.
1580 3785 1633 3841 Vid
1649 3785 1735 3858 epist.
1766 3785 1819 3841 120
1835 3785 1872 3842 od

1046 3861 1199 3926 ileditiam,
1217 3876 1280 3932 cap.
1296 3861 1322 3926 4,
1340 3863 1400 3915 not.
1415 3875 1438 3914 c.

1082 3933 1093 3966 ³
1108 3931 1272 3987 Pronomen
1287 3932 1356 4002 ejas,
1372 3930 1450 4002 quod
1467 3928 1592 3986 maxime
1609 3926 1741 3986 Valesius
1756 3929 1871 4000 probat,

1047 4019 1104 4058 noo
1121 4003 1202 4058 addit
1216 4001 1391 4074 Polycrates,
1408 4001 1456 4072 qui
1474 4015 1526 4055 neo
1541 4017 1656 4056 aeream
1669 3999 1811 4056 laminam
1826 4000 1871 4056 di-

1047 4075 1097 4139 cit,
1115 4089 1165 4129 neo
1192 4075 1222 4128 in
1240 4076 1331 4144 ironic
1350 4072 1457 4145 gestari
1486 4070 1602 4127 solitam
1617 4089 1623 4136 ;
1640 4072 1691 4127 sed
1711 4074 1827 4127 tanturn
1842 4069 1874 4124 τό
1898 4070 1902 4080 “

1047 4142 1163 4199 πέταλον
1184 4143 1361 4222 πεφορηκὼς,
1377 4143 1472 4199 nisisi
1488 4138 1617 4208 πέταλον,
1635 4147 1667 4198 ut
1695 4141 1873 4213 quibusdam

1048 4217 1152 4290 placei,
1169 4217 1318 4273 bracteam
1334 4231 1453 4270 auream
1482 4213 1639 4286 significat.
1662 4216 1803 4268 Castorum
1818 4227 1873 4268 neo

1047 4288 1223 4358 verosimile,
1243 4303 1362 4343 auream
1379 4302 1477 4342 revera
1505 4285 1645 4340 laminam
1672 4285 1815 4340 loannem
1844 4283 1874 4339 in

1049 4362 1143 4416 fronte
1159 4364 1301 4432 gestasse,
1318 4363 1349 4414 et
1373 4357 1507 4414 Valesius
1523 4361 1552 4412 et
1576 4355 1711 4412 Petavius
1737 4354 1873 4422 credunt,

1049 4433 1099 4486 sed
1117 4430 1308 4504 figuratehor
1326 4429 1383 4486 dici
1412 4445 1446 4485 eo
1476 4444 1575 4495 sensu,
1603 4443 1661 4499 qao
1690 4425 1878 4483 Horatiusde

146 4503 249 4575 λέγειν
280 4497 400 4572 Σάγαριν
440 4493 533 4552 ἐπίσκο
569 4518 619 4552 πον
654 4495 698 4552 καὶ
735 4499 871 4574 μάρτυρα,
902 4499 931 4560 δς
966 4498 991 4586 ἐν
1009 4520 1032 4585 [γ
1050 4503 1154 4558 virtute
1170 4501 1331 4575 praedicat:

145 4567 310 4640 ,λαοδικείᾳ
332 4566 431 4642 κεκοίμ
451 4588 495 4622 ται
516 4569 598 4638 ;”Ετι
631 4565 660 4623 δέ
692 4568 737 4623 καὶ
768 4569 914 4647 Παπείριον
945 4590 991 4626 τον

148 4643 310 4717 μακάριον,
330 4639 376 4693 καί
400 4646 440 4694 δίε
463 4639 545 4694 ίτωνα
567 4641 613 4694 τὸν
645 4639 786 4717 εὐνοῦχον,
802 4642 847 4696 τὸν
874 4639 899 4695 ἐν
921 4640 992 4716 άγίιμ

147 4711 303 4784 Πνεόματι
316 4711 404 4765 πάντα
427 4708 671 4784 πολιτευσάμενον,
702 4711 732 4773 δς
760 4716 848 4767 κεῖται
879 4711 905 4766 ἐν
920 4713 992 4788 Σάρ-

150 4782 235 4852 δεσι,
261 4782 414 4856 περιμένων
443 4783 493 4852 τήν
524 4781 576 4836 ἀπὸ
604 4787 657 4838 τῶν
683 4781 804 4857 οὐρανῶν
830 4782 993 4853 ἐπισκοπὴν,

148 4855 182 4913 ἐν
215 4853 239 4926 ᾗ
268 4853 299 4908 ἐκ
322 4857 425 4927 νεκρῶν
447 4853 633 4923 ἀναστήσεται.
660 4853 740 4908 Οὗτοι
765 4854 864 4916 πάντες
892 4852 993 4929 ἐτήρη-

146 4947 204 4984 σαν
242 4926 296 4994 τήν
315 4925 420 5012 ἡμέραν
454 4930 505 4993 τῆς
539 4922 830 4998 τεσσαρεσκαιδεκάτης
859 4929 907 4979 τοῦ
942 4926 995 4979 llat-

145 5019 212 5076 σγα
249 4995 321 5051 κατὰ
354 5015 384 5050 το
416 4992 595 5070 Εδαγγέλιον,
633 4993 717 5068 μηδὲν
746 4989 993 5071 παρεκόαίνοντες,

148 5067 237 5127 ἀλλά
262 5065 333 5121 κατά
359 5065 404 5121 τόν
429 5067 528 5122 κανόνα
546 5073 596 5136 τῆς
624 5067 741 5128 πίστεως
771 5063 992 5129 ἀκολουθοῦντες.

146 5145 217 5200 Ἔτι
236 5135 269 5192 δὲ
285 5137 399 5211 κάγὼό
427 5138 588 5212 μικρότερος
612 5139 719 5193 πάντων
750 5138 825 5210 όμων
855 5135 995 5213 Πολυκρά-

144 5234 206 5285 της
224 5207 302 5264 κατὰ
321 5205 469 5283 παράδοσιν
493 5211 547 5264 τῶν
574 5213 711 5282 συγγενῶν
734 5229 797 5281 μου,
823 5208 864 5272 οἷς
879 5210 924 5262 καί
943 5231 995 5263 πα-

145 5277 362 5362 ρῃκολοόθησά
385 5299 453 5334 τισιν
486 5278 585 5334 αὐτῶν·
606 5281 674 5335 ἐπτόι
695 5279 741 5353 μέν
767 5281 836 5349 ἦσαν
857 5285 996 5355 συγγενεῖς

145 5377 209 5430 μου
241 5349 409 5420 ἐπίσκοποι,
439 5349 494 5425 ἐγὼ
524 5346 552 5403 δέ
580 5345 696 5427 δγδοος·
729 5352 774 5405 καὶ
804 5352 919 5406 πάντοτε
946 5353 996 5420 τήν

143 5427 211 5500 §.ab
237 5443 272 5478 αν
288 5417 395 5512 ἤγαγον
413 5421 439 5476 ol
459 5427 599 5498 συγγενεῖς
626 5443 677 5495 μου
705 5421 798 5476 δ’τανθ
824 5419 891 5485 λαὸς
914 5419 998 5497 ipsae

144 5483 184 5574 (s,
203 5441 379 5568 ἕρπυεμην
397 5491 495 5567 ζόμην.
522 5495 593 5548 Ἐὼ
621 5493 679 5562 οὖν,
710 5490 838 5572 ἀδελφοί,
867 5493 998 5565 ἐξήκοντα

143 5571 243 5628 πέντε
262 5559 309 5634 ’ἐτη
343 5557 415 5639 ἔχων
444 5561 469 5619 ἐν
494 5571 533 5622 Xe
552 5514 599 5640 ίῳ,
628 5565 674 5620 καί
707 5559 909 5640 συμόεόληκὼς
939 5570 997 5627 τοῖς

147 5641 213 5702 ἀπὸ
228 5641 289 5708 τῆς
307 5632 473 5711 οἰκουμένης
490 5583 631 5722 etesiaca,
651 5635 697 5694 καὶ
720 5641 806 5695 πᾶσαν
831 5634 909 5714 ἁγίαν
932 5641 999 5712 Γρα-

1176 4616 1235 4666 Νοο
1250 4617 1339 4672 sumit.
1354 4619 1401 4666 aut
1414 4615 1491 4680 ponit
1505 4628 1613 4666 secures

1174 4677 1279 4728 iudicio
1294 4678 1431 4742 popularis
1446 4691 1528 4728 aurei.

1050 4785 1086 4841 Ut
1101 4785 1221 4857 perinde
1239 4785 1277 4840 sit
1291 4801 1410 4840 auream
1427 4783 1569 4841 laminam
1600 4783 1676 4839 inter
1699 4781 1878 4838 Christianos

1049 4859 1175 4929 gestare,
1191 4873 1224 4911 ao
1240 4855 1386 4939 pontilicis
1400 4855 1585 4927 dignitatem,
1602 4853 1687 4924 cujus
1713 4851 1787 4934 illud
1806 4852 1879 4935 ipsi·

1050 4945 1106 5000 gne
1120 4933 1176 4994 est,
1193 4934 1333 4982 oetroere.
1351 4927 1394 4981 Ad
1411 4925 1490 4982 huno
1507 4925 1627 4980 modum
1643 4927 1672 4980 et
1684 4922 1877 4996 Epiphanius,

1050 4999 1152 5072 quide
1179 4998 1297 5064 lacobo,
1328 5002 1356 5053 et
1384 4996 1433 5067 qui
1465 4997 1501 5050 de
1520 4997 1616 5052 Marco
1648 4995 1748 5063 tradit,
1779 5000 1876 5052 auctor

1050 5071 1199 5128 Passionis
1214 5071 1289 5141 ejus,
1306 5067 1451 5124 sValesio
1466 5067 1588 5135 laudati,
1604 5067 1757 5123 commode
1772 5083 1880 5140 expon-

1051 5147 1241 5268 poisiiitum
1257 5209 1337 5266 catat
1357 5208 1439 5264 abest
1469 5225 1485 5262 a
1514 5207 1612 5264 codice
1626 5213 1654 5264 S.
1672 5207 1785 5275 Crucis,
1801 5209 1880 5281 qaod

1051 5301 1146 5412 ιιοργγε
1162 5283 1224 5356 ipse
1239 5282 1355 5404 θιγηογμ
1370 5279 1641 5388 Ροίγοροίῖηίοκίυε
1665 5279 1827 5406 προσεξεῖλὰ
1849 5347 1856 5402 γ

1051 5371 1271 5495 Πνεόάαῖίῗέίο.
1289 5369 1716 5549 δίοίιτίάινιάιιιτΟοίιιιίιόίιέιυιιιχ,ονγμέίίν
1734 5371 1778 5481 ιἰιν
1791 5369 1884 5476 savioli

1050 5499 1170 5569 Spiritu,
1186 5501 1240 5552 etc.
1257 5512 1322 5567 qua
1337 5495 1441 5576 vitiosa
1456 5495 1624 5567 trajectione
1663 5493 1689 5550 ic
1719 5491 1800 5568 apud
1816 5489 1882 5544 ilia-

1051 5583 1207 5640 ronymum
1223 5583 1345 5640 peceare
1363 5566 1529 5623 videantur.
