4068 6170
102 303 188 368 scel·
652 301 703 366 ΒΕ
724 304 750 366 X
771 303 1091 368 rnnnsclontnos
1113 303 1267 368 tsnlnn.
1732 308 1812 370 tuse

100 438 221 494 Pleuron
241 441 267 493 et
291 436 416 510 lltbpirel,
441 441 467 495 el
488 437 590 494 lobon
617 438 730 494 Pharan
757 439 1245 510 interprete·Aeqrussisurnmeu
1267 441 1383 510 AEqqpta
1407 438 1489 511 (ibid.
1518 437 1552 493 ln
1580 441 1666 513 seqq.)
1692 444 1705 495 ‚⁹
1734 443 1805 499 ltcm

100 532 153 582 tur
167 543 269 600 onaqer
284 545 291 592 ;
306 527 447 600 Thophel‚
463 529 582 584 stultitia
593 547 603 596 ‚·
614 527 712 583 Labnn
727 528 831 583 albuni.
849 528 929 592 Quod
987 527 1073 600 poulo
1090 533 1153 600 post
1171 545 1178 584 ι
1193 529 1288 584 Adbuc
1302 544 1401 584 coines
1414 532 1494 583 crant
1509 529 1583 584 inter
1596 530 1690 586 dentes
1703 546 1806 602 eorum,

102 617 144 672 its
160 615 419 689 intelligitur,quin
430 617 543 674 similes
558 632 667 689 onagro
680 615 746 672 leoli
764 615 815 672 ntli
832 617 930 688 lsrael,
986 633 1034 673 nec
1047 617 1181 687 defecerat
1196 618 1387 688 hujuscemodi
1400 619 1487 688 cibus,
1511 619 1538 673 et
1570 634 1631 674 ecce
1653 625 1735 690 [uror
1755 623 1809 677 Do-

104 705 196 760 stulte
210 709 333 776 egerunt
347 710 495 762 tentantes
508 704 665 761 Dominum
682 704 797 760 dnobus
819 703 932 760 vicibus
985 707 1221 762 miniconcitnlus
1246 709 1276 761 in
1300 709 1445 779 papulum,
1468 709 1604 778 percussit
1633 724 1694 764 curn
1722 717 1808 781 qtnqa

103 810 196 864 super
210 792 287 856 albo,
303 792 397 865 idest,
419 810 508 866 super
531 809 649 864 manns,
675 793 781 848 Munna
804 809 870 849 vero
891 792 930 848 al·
985 811 1086 863 maqnn
1100 796 1185 850 nimis
1200 795 1279 866 (lbid.
1295 797 1330 849 33
1344 795 1441 868 seqq).
1455 795 1585 866 Septima
1603 797 1724 853 tentatio
1739 815 1807 855 oon·

102 884 175 940 hum
193 882 310 950 dicitur,
329 888 362 938 ut
375 887 423 938 ost
438 882 510 938 illud
534 882 620 938 Exodi
638 901 644 938 :
662 883 865 954 Appellooitquc
889 883 933 938 do·
987 883 1096 938 tinctor
1110 882 1138 937 in
1155 899 1187 938 co
1203 885 1280 954 qnod
1297 883 1338 939 nit
1354 900 1359 940 :
1375 885 1425 941 llbi
1439 886 1503 938 auri
1518 893 1556 939 est
1567 883 1736 956 plurimum.
1752 888 1808 944 No·

103 988 167 1028 snus
184 972 378 1034 lsrrulnomen
395 973 549 1044 ejusbtnn‚
568 971 717 1042 quoderat
736 973 816 1042 quasi
840 987 932 1026 semen
987 971 1110 1026 tondum
1133 989 1260 1044 notisque
1291 973 1368 1044 qnod
1394 973 1424 1028 in
1447 973 1566 1028 Hebrus
1589 979 1617 1028 ct
1640 975 1810 1033 abundantio

101 1060 248 1116 coriandri
260 1061 357 1115 cibum
373 1060 468 1132 (Ecce.
491 1077 548 1130 xm,
571 1060 628 1128 31).
653 1059 715 1114 Uno
734 1059 857 1114 tentatio
878 1061 936 1116 l‘uit
987 1062 1051 1115 auri
1066 1060 1218 1116 habentur.
1235 1062 1423 1116 Aliunduntio
1443 1061 1521 1118 enirn
1548 1063 1611 1118 euri
1635 1063 1811 1138 intelligitur

103 1148 285 1220 supcridern
302 1165 422 1220 menna,
447 1149 525 1206 sicut
550 1148 580 1202 in
610 1149 706 1202 Exodo
734 1147 935 1203 dicitur:llic
989 1149 1229 1216 vitulusuoreus,
1246 1166 1332 1221 quern
1351 1150 1707 1207 lubricatisuntsibifilli
1724 1153 1811 1210 lsrael

103 1241 144 1293 est
160 1253 249 1293 sermo
267 1253 349 1309 quern
372 1240 502 1310 precepit
524 1237 656 1292 Dominus
679 1253 688 1289 :
710 1236 822 1304 colliqat
846 1251 881 1292 eu
904 1251 934 1292 co
989 1237 1018 1294 in
1045 1239 1125 1306 deos,
1149 1243 1281 1293 morante
1300 1238 1480 1310 Moq'sooutn
1504 1239 1627 1295 Domino
1655 1240 1684 1295 in
1713 1247 1812 1299 monte

104 1328 293 1398 unusquisque
314 1328 449 1398 quantum
469 1325 574 1396 sufficit
606 1325 641 1380 ad
665 1324 823 1380 uescendum
852 1324 931 1396 (ibid.
988 1319 1179 1398 Sinuiffiaori.
1200 1343 1289 1394 xxxii,
1319 1327 1331 1380 l
1363 1327 1460 1400 seqq).
1487 1327 1596 1384 ldcirco
1624 1327 1813 1388 abundandin

104 1417 164 1484 32).
191 1419 224 1471 nt
247 1419 314 1488 post
338 1431 432 1487 pauco
448 1431 454 1470 :
472 1415 550 1470 Dicit
573 1413 608 1470 ud
631 1431 674 1470 cos
695 1413 807 1484 Moyses,
835 1413 935 1470 Nullus
989 1416 1051 1471 nuri
1068 1414 1184 1482 dicitur,
1202 1414 1270 1488 quin
1284 1415 1313 1470 in
1331 1416 1407 1472 idolo
1425 1415 1515 1472 males
1531 1416 1663 1475 omniurn
1677 1426 1812 1492 peceato·

105 1521 142 1561 ec
167 1521 197 1561 eo
218 1508 333 1560 reservet
356 1505 387 1558 in
412 1503 591 1572 mnrie¹Qut
613 1519 668 1558 uon
689 1501 836 1558 audierunt
859 1518 935 1572 euni,
989 1519 1055 1558 rom
1070 1505 1214 1576 consistit,
1240 1509 1270 1560 et
1295 1505 1407 1560 idolum
1439 1523 1489 1578 pro
1520 1506 1658 1564 omnibus
1682 1509 1812 1580 peccatis

105 1595 156 1650 sed
168 1595 334 1648 dimiserunt
350 1609 386 1648 ec
403 1608 434 1647 eo
449 1592 562 1665 quidam
575 1607 660 1663 usque
672 1607 754 1646 ruane
768 1590 850 1662 (ibid
879 1591 933 1661 io).
990 1592 1130 1648 abundet.
1147 1593 1254 1648 Octnvn
1275 1593 1603 1650 tontutia‘cantinotnr
1626 1595 1656 1650 in
1681 1611 1714 1652 eo
1734 1597 1812 1670 quad

108 1682 205 1738 Altera
218 1681 273 1737 luit
288 1680 420 1751 tentatio,
437 1681 472 1736 do
497 1697 556 1752 qus
574 1684 641 1752 post
661 1695 755 1751 ponec
777 1679 808 1734 in
834 1678 934 1734 eodem
990 1681 1032 1736 nit
1047 1699 1054 1737 :
1073 1681 1201 1738 Undecim
1215 1681 1312 1737 diebus
1326 1681 1359 1737 dc
1374 1683 1460 1738 Horeb
1475 1697 1525 1750 per
1539 1685 1614 1738 viam
1624 1686 1725 1740 montis
1740 1685 1811 1742 Scir.

108 1771 183 1827 libro
208 1771 339 1838 dieitur3
359 1771 413 1825 Sea
436 1769 531 1825 dicbus
554 1769 685 1838 colliqite,
714 1769 743 1822 in
771 1768 815 1823 die
842 1775 935 1824 eutem
992 1770 1073 1835 Quod
1090 1769 1253 1826 inHohrro
1272 1770 1474 1826 itubabetur:
1494 1771 1816 1830 Undecimdicrumiter

104 1863 226 1932 septima
240 1860 391 1915 Sabbatum
405 1867 445 1915 est
454 1859 577 1925 Domini,
589 1857 693 1913 idcirco
701 1873 755 1912 non
768 1858 935 1912 inuenietur.
993 1858 1027 1912 rte
1042 1859 1132 1914 ttoreb
1147 1858 1182 1914 no
1196 1868 1317 1914 marstem
1329 1859 1399 1914 Scir.
1418 1859 1566 1915 lubriculo
1593 1859 1692 1933 itaque
1711 1861 1740 1917 in
1757 1863 1815 1919 llo-

110 1949 189 2004 l'cnit
204 1959 296 2004 autem
310 1949 426 2019 septimo
436 1948 504 2003 dics.
521 1949 547 2004 et
562 1949 664 2017 cqressi
677 1945 710 2001 dc
722 1945 823 2018 popula
839 1949 869 2002 ut
883 1947 938 2001 col·
994 1949 1044 2002 reb
1056 1947 1143 2018 idola,
1165 1947 1320 2003 undecimo
1335 1948 1381 2003 dio
1396 1949 1585 2004 veneruntad
1603 1955 1731 2007 montem
1742 1953 1815 2010 Seir.

109 2040 240 2108 linerent,
255 2055 310 2094 nou
335 2040 508 2093 inseruerunt.
531 2038 609 2091 Dicit
630 2044 723 2090 nutem
746 2037 878 2090 Dominus
904 2034 940 2090 ad
994 2035 1044 2106 qui
1060 2041 1105 2091 est
1129 2035 1157 2090 in
1184 2036 1353 2091 suburbano
1377 2037 1502 2092 civitatis
1527 2037 1739 2106 Codes-Baras,
1765 2041 1815 2096 ubi

111 2127 223 2198 Drrqsen
238 2143 248 2188 ‚·
266 2127 405 2199 Usquequo
420 2144 473 2182 non
490 2127 575 2181 vullis
590 2141 700 2180 seruare
717 2123 847 2179 muminta
867 2140 938 2192 rnen,
995 2122 1048 2177 otti
1074 2122 1161 2178 lsrael
1187 2128 1372 2179 tentaverunt
1395 2123 1562 2196 Dominum,
1587 2126 1664 2182 siout
1686 2127 1716 2184 in
1740 2127 1816 2184 libro

111 2219 137 2272 et
156 2217 241 2286 lcqcrn
256 2216 444 2272 meamletc.
462 2215 542 2288 (ibid.
558 2215 594 2268 26
608 2213 705 2286 seqq).
734 2213 819 2268 Sexta
841 2217 940 2268 tenta·
994 2212 1188 2266 Numerornrn
1205 2211 1817 2288 scribitur:Usquequomultituciobaecpes·

108 2306 153 2360 tio
171 2304 340 2361 continetur
354 2304 383 2360 in
399 2321 432 2360 eo
448 2305 527 2375 qood
543 2304 602 2359 nit:
622 2307 652 2359 lit
667 2303 790 2358 dscrotb.
817 2300 938 2357 beeroth
994 2302 1066 2355 sirnn
1080 2304 1390 2357 murmarntcontrnme
1408 2301 1560 2372 tqucrclas
1581 2303 1704 2372 fitiorum
1728 2308 1816 2363 lsrael

115 2411 187 2450 vero
200 2393 300 2450 civitas
314 2393 467 2450 estricinc
495 2391 656 2462 solitudini,
685 2395 714 2447 ot
735 2391 941 2462 interpretetur
994 2389 1089 2444 audini
1104 2408 1113 2456 ;
1128 2389 1172 2444 dic
1185 2404 1246 2461 erqo
1265 2390 1318 2456 eis,
1345 2390 1406 2444 Viuo
1431 2405 1487 2461 eqo,
1512 2393 1552 2445 nit
1580 2392 1722 2464 Dominus,
1746 2397 1817 2452 sicut

119 2483 194 2539 Vitta
211 2481 241 2538 in
256 2484 343 2553 anus
358 2482 515 2553 territorio,
531 2481 560 2538 id
578 2485 631 2552 cst,
652 2480 682 2536 in
706 2479 848 2552 sepulcris
872 2495 940 2534 con·
996 2477 1080 2534 locuti
1092 2477 1298 2544 estis,audiente
1308 2481 1515 2550 menolariam
1529 2479 1649 2548 uobis,ln
1663 2482 1818 2542 solitudine

116 2571 305 2644 cupiscentiae
322 2572 398 2628 laets
417 2571 508 2628 luisse
532 2570 640 2643 legitur
668 2568 797 2624 soconda
821 2567 941 2623 tentatio
997 2567 1049 2622 lene
1058 2567 1336 2638 jacebuntcadaoero
1359 2575 1447 2622 nestra
1472 2568 1563 2638 (Nune.
1589 2587 1636 2626 xrv
1657 2573 1692 2626 27
1712 2574 1816 2646 seqq).

116 2655 943 2732 cerniurn‚inqueetprimatentntiocsrniumcomple·
995 2657 1031 2729 Et
1060 2661 1126 2728 post
1156 2654 1431 2728 paululumslneto
1460 2673 1606 2714 nunurum
1633 2661 1818 2732 quadrnqinta

115 2749 217 2806 ctitnr.
234 2749 274 2806 De
290 2749 385 2821 primu
399 2748 440 2804 its
455 2747 481 2804 io
505 2747 579 2803 libro
598 2747 686 2802 Exodi
712 2745 818 2819 legitur
835 2763 841 2800 ε
857 2747 940 2802 Dixe-
995 2744 1103 2800 dierum
1122 2745 1220 2816 quibus
1234 2743 1425 2802 considerastis
1440 2753 1552 2814 terram,
1577 2765 1667 2805 annus
1693 2767 1746 2823 pro
1774 2752 1820 2808 dic

114 2831 184 2894 runt
198 2838 299 2909 lloqses
314 2846 338 2895 et
353 2843 445 2894 Aaron
459 2836 494 2892 ccl
507 2851 600 2892 omnes
615 2837 686 2906 filias
701 2836 784 2890 lsrael
801 2851 807 2890 :
832 2835 942 2906 Vespere
995 2835 1203 2908 computabitur.
1211 2836 1401 2906 Quodrnqinto
1415 2835 1496 2890 antris
1508 2837 1646 2908 recipietis
1660 2839 1819 2910 iniquitates

115 2929 221 2993 scietis,
237 2929 302 2998 qnia
315 2927 450 2983 Dominus
469 2925 595 2982 eduxerit
614 2941 657 2980 uos
672 2924 706 2980 de
726 2927 800 2979 terra
819 2925 941 2998 AEqqpti,
995 2935 1109 2992 uestros,
1138 2933 1165 2979 ct
1187 2925 1280 2979 scietis
1308 2924 1442 2979 ultionem
1467 2941 1579 2986 meam:
1593 2929 1725 2998 quoniam
1746 2931 1817 2985 sicut

117 3021 144 3074 et
173 3033 253 3073 mane
281 3016 408 3072 videbitis
435 3016 553 3085 qloriarn
578 3015 689 3070 Domini
699 3019 720 3075 ·;
735 3011 841 3068 audiuit
867 3015 942 3069 enim
995 3013 1100 3068 irrentus
1115 3029 1186 3080 sum,
1204 3016 1242 3069 itu
1258 3014 1435 3084 taciambuir
1452 3014 1627 3071 multitudini
1654 3017 1664 3051 ⁵
1676 3019 1815 3090 pessime,

116 3121 248 3162 murmur
264 3113 383 3162 nmirum
399 3123 406 3173 ;
423 3121 472 3162 nec
496 3111 589 3161 contra
613 3119 662 3160 nos
685 3107 723 3158 est
748 3119 875 3158 murmur
896 3119 941 3158 oe·
996 3119 1055 3175 quae
1079 3104 1256 3158 consurrexit
1283 3101 1426 3157 aduersum
1454 3119 1510 3160 me.
1544 3105 1575 3159 ln
1606 3105 1757 3163 solitudine
1767 3109 1818 3164 buc

114 3203 217 3260 strum,
231 3192 278 3248 secl
291 3201 385 3250 contra
400 3193 546 3249 Dominum
560 3192 630 3261 (ibid
644 3193 662 3246 6
684 3207 757 3262 seqq.
784 3191 792 3263 )
808 3212 818 3257 ,·
833 3195 862 3247 et
876 3195 942 3263 post
957 3180 978 3245 C
997 3192 1101 3262 deficiet
1115 3199 1140 3247 et
1155 3192 1288 3246 morietur
1303 3190 1381 3260 (lbid.
1407 3191 1440 3246 at
1465 3193 1564 3264 seqq).
1592 3193 1724 3268 itemque
1741 3215 1748 3254 ε
1765 3198 1817 3254 tc·

115 3298 234 3356 penos:
257 3282 374 3340 Locutus
398 3286 438 3338 est
470 3283 602 3338 Dominus
623 3282 660 3336 orl
684 3281 803 3352 ldoqsen,
827 3279 941 3336 diceus:
996 3285 1076 3336 cutus
1095 3280 1249 3352 estbthses
1263 3281 1393 3334 universa
1407 3280 1562 3338 verbalnec
1576 3282 1691 3354 adfilios
1719 3286 1818 3354 lsrnel,

113 3370 217 3428 dudini
227 3373 460 3428 murmurationes
474 3371 598 3444 filiorum
620 3370 707 3426 lsrael
734 3386 745 3430 ‚¹
774 3369 885 3440 laquem
907 3369 943 3425 nd
997 3378 1024 3426 et
1039 3370 1112 3424 lucit
1125 3370 1242 3441 populus
1256 3369 1349 3424 nimis.
1365 3370 1397 3424 Et
1411 3385 1471 3425 ecce
1490 3387 1571 3427 murce
1590 3373 1682 3443 primo
1704 3367 1820 3445 surqeu-

115 3476 163 3518 ecs
184 3477 195 3523 ,·
220 3460 329 3533 Vespere
349 3459 493 3516 conudetis
522 3475 628 3527 carnes,
654 3466 679 3515 ct
702 3474 783 3514 mone
803 3457 942 3514 saturabi·
995 3463 1046 3524 tes,
1063 3457 1245 3514 ascenderunt
1259 3457 1386 3513 uerticem
1404 3460 1514 3526 montis,
1541 3469 1566 3515 et
1588 3459 1722 3518 dicerunt
1736 3481 1746 3518 :
1761 3468 1821 3520 Pa-

115 3549 191 3605 mini
202 3548 333 3622 panibus,
343 3550 486 3620 scietisque
500 3547 571 3620 quod
584 3563 633 3617 eqo
647 3563 708 3602 sum
723 3547 853 3602 Dominus
872 3546 942 3602 Deus
996 3548 1053 3601 rati
1065 3562 1159 3601 sumus
1173 3545 1319 3602 ascendere
1333 3545 1370 3600 ud
1384 3547 1482 3614 terrim,
1507 3548 1540 3603 de
1567 3565 1619 3621 quc
1649 3551 1757 3608 locutus
1781 3562 1821 3610 est

116 3647 214 3706 cester,
229 3642 342 3696 Factum
356 3641 397 3694 est
422 3653 484 3709 erqo
509 3652 625 3708 uespere,
648 3639 675 3693 et
698 3633 878 3690 conscendens
898 3649 941 3689 eo·
998 3635 1136 3700 Dominus,
1165 3637 1231 3706 quia
1258 3636 1439 3704 peccavimus.
1478 3635 1581 3704 Quibus
1608 3637 1721 3709 tdoqses,
1754 3639 1820 3710 Cur,

115 3725 581 3798 turniuopernitcnstra(lbid.lt
599 3725 694 3797 seqq).
724 3723 765 3778 De
789 3721 943 3779 secunds²
997 3725 1097 3796 inquit,
1121 3722 1355 3794 transgredimini
1375 3722 1488 3779 uerbum
1511 3723 1631 3792 Domini,
1656 3725 1726 3797 quod
1746 3727 1821 3783 cobis

115 3820 217 3872 sutem
232 3815 262 3871 in
278 3814 415 3871 Numeris
430 3814 538 3870 dicitur
552 3815 677 3870 :Interea
691 3816 783 3869 ortum
802 3819 840 3868 cst
865 3827 941 3867 mur·
997 3827 1050 3868 nan
1067 3812 1141 3868 cedet
1154 3813 1184 3866 in
1196 3815 1381 3883 prosperum?
1395 3812 1485 3868 Nolite
1498 3811 1651 3880 ascendere,
1667 3830 1725 3870 non
1745 3818 1820 3872 euim

115 3904 290 3975 murpopuli
312 3905 392 3976 quasi
413 3903 568 3959 dolentium
591 3917 641 3971 pro
666 3902 758 3957 labore
781 3908 876 3958 contro
891 3903 942 3958 Do·
996 3905 1035 3957 est
1047 3902 1175 3957 Dominus
1189 3903 1219 3956 in
1232 3899 1319 3956 rnedio
1345 3907 1474 3968 uestrum,
1504 3917 1538 3956 ne
1561 3904 1700 3959 corruatis
1729 3921 1820 3962 earam

115 3995 236 4049 minum.
253 3992 329 4062 Quod
343 4009 406 4048 cuns
418 3991 552 4058 aredium,
584 3993 615 4046 in
627 3995 671 4046 tus
686 3999 735 4061 est,
764 3999 789 4046 el
815 4007 943 4047 entecnius
998 3993 1120 4046 inimicis
1136 3991 1230 4046 irestris
1255 3987 1335 4062 (tbul.
1360 3989 1395 4044 39
1422 3989 1519 4061 seqq).
1550 3990 1679 4064 itemque
1693 3997 1749 4056 :At
1772 3993 1821 4051 ilii

116 4084 191 4154 iqnis
206 4083 316 4138 Domini
330 4083 340 4116 ²
353 4081 492 4139 decorauit
505 4089 658 4136 catrcmom
668 4090 779 4151 partem
791 4083 943 4136 castrorum
996 4080 1181 4136 contenebrati
1199 4077 1377 4134 ascenderunt
1390 4080 1516 4134 verticem
1531 4082 1632 4137 nuntie
1647 4099 1659 4146 ,·
1674 4083 1744 4139 droa
1768 4101 1820 4139 ou·

116 4171 212 4245 (rium.
229 4187 267 4226 xc.
284 4171 311 4241 l)
328 4189 335 4238 ;
351 4175 380 4226 et
404 4175 469 4243 post
493 4185 586 4243 peuce
608 4167 861 4238 :Sarictificarnini
882 4185 943 4225 cras
997 4177 1050 4224 tem
1066 4169 1221 4225 testamenti
1237 4167 1358 4236 Domini,
1388 4173 1413 4222 ct
1442 4167 1542 4239 bloqses
1570 4186 1625 4225 non
1654 4176 1819 4228 recesserunt

115 4263 220 4318 etenim
251 4259 393 4316 comedetis
407 4275 512 4314 carries.
524 4259 578 4328 Epa
589 4259 664 4312 enim
679 4258 776 4314 audiui
789 4257 943 4324 eosdicerc,
996 4257 1150 4314 dccnstris.
1167 4255 1482 4312 Descentlitdmnlecites
1503 4267 1528 4312 et
1558 4255 1742 4330 Cleannnecus,
1772 4264 1821 4334 qui

116 4351 184 4420 Quis
199 4348 274 4405 durbit
288 4349 365 4404 nabis
380 4363 469 4404 escum
482 4347 634 4402 earnium?
650 4348 720 4402 Bene
734 4346 811 4402 nobis
826 4355 887 4402 erat
913 4349 941 4403 in
996 4347 1155 4402 babitabant
1171 4348 1201 4401 in
1215 4349 1315 4416 morde,
1337 4353 1364 4400 ct
1386 4347 1543 4417 percutiens
1570 4363 1613 4402 eos
1636 4352 1717 4419 atque
1729 4352 1820 4406 conci-

116 4441 243 4510 AEqypta.
260 4435 340 4491 Dabit
364 4436 501 4491 Dominus
525 4433 600 4490 uobis
623 4449 730 4503 cernes,
755 4441 780 4490 et
800 4435 943 4490 comedetis
996 4435 1071 4503 clens,
1086 4439 1240 4508 persecutus
1254 4443 1293 4490 est
1308 4451 1354 4490 eos
1368 4450 1452 4506 nsque
1466 4435 1568 4490 llormn
1582 4436 1665 4508 (tbid.
1682 4438 1818 4512 llscqq.).

116 4525 314 4594 uerecundia,
340 4541 390 4580 nec
409 4524 525 4591 duobus,
550 4523 593 4578 uel
613 4524 744 4596 quinque,
769 4526 818 4578 out
838 4525 940 4592 decem,
959 4551 980 4614 D
997 4524 1080 4580 lllons
1096 4523 1200 4591 iste,in
1218 4540 1292 4595 quos
1308 4521 1465 4578 Amelecite
1480 4527 1510 4579 ct
1529 4522 1710 4582 Clrsnunaeus
1733 4526 1819 4584 hobi·

117 4631 169 4671 ner
187 4615 289 4686 uiqinti
311 4611 494 4686 quedem‚sed
517 4611 658 4683 usquead
682 4628 801 4667 mensem
824 4612 941 4680 dierum,
997 4619 1058 4669 tare
1087 4613 1234 4678 dicuntur,
1261 4629 1347 4667 mons
1374 4611 1436 4666 seir
1466 4611 1654 4684 intelligitur,
1683 4616 1761 4672 sicut
1787 4614 1818 4672 in

115 4706 201 4760 donec
215 4711 293 4758 emat
303 4718 352 4773 per
372 4718 454 4758 niues
476 4707 588 4768 uestros,
617 4705 643 4755 ct
663 4703 786 4756 uertatur
812 4702 842 4756 in
871 4718 942 4757 rursu·
996 4701 1220 4757 Deuteronomio
1250 4700 1388 4757 scribitur
1418 4717 1424 4754 :
1453 4705 1550 4772 itaque
1575 4718 1695 4774 eqressus
1724 4705 1818 4761 Amor·

114 4811 193 4850 seam
209 4810 216 4860 ;
231 4807 262 4848 eo
284 4791 354 4862 quad
378 4791 536 4860 repuleritis
558 4790 704 4845 Dominum
727 4790 776 4860 qui
800 4791 830 4844 in
853 4789 942 4845 media
996 4791 1099 4860 riuus,
1115 4791 1164 4862 qui
1178 4789 1318 4845 babitirbnt
1336 4792 1365 4843 in
1381 4789 1529 4856 montibus,
1544 4791 1818 4860 etobiiomceniens,

115 4885 202 4942 vestri
224 4891 274 4949 est,
301 4885 328 4936 et
350 4881 483 4952 deseritis
510 4895 602 4936 corum
636 4894 667 4934 eo
682 4877 823 4947 -dicentcs,
853 4880 943 4948 Qrsore
993 4884 1152 4953 persecutus
1177 4887 1215 4935 est
1244 4894 1298 4946 uos,
1326 4879 1397 4934 sicut
1423 4877 1513 4934 solent
1541 4895 1604 4952 apes
1628 4883 1777 4955 persequi:
1793 4891 1819 4940 et

113 5062 179 5118 ,roni
195 5061 332 5117 recordati
346 5057 777 5116 multitudidinismisericordie
790 5061 856 5127 lun,
873 5066 896 5117 ct
907 5061 943 5118 nd
996 5075 1095 5116 eurum
1112 5076 1119 5126 ;
1136 5058 1185 5114 sod
1202 5057 1316 5114 monuit
1331 5073 1384 5112 nos
1401 5061 1508 5112 doctor
1531 5055 1654 5130 hujusce
1677 5057 1818 5131 Opuscnli

115 5133 292 5188 iracurnliam
317 5135 533 5204 promcourunt
563 5135 589 5186 te
616 5146 699 5202 super
721 5147 799 5186 more
825 5135 942 5190 inmari
995 5133 1070 5187 duos
1085 5147 1149 5186 esse
1178 5133 1341 5185 tentationes
1368 5131 1496 5184 carnium
1524 5135 1551 5184 et
1577 5129 1724 5188 secundam
1751 5146 1816 5187 esse

116 5206 218 5262 ltubro.
996 5207 1160 5259 contentam
1176 5203 1204 5256 in
1220 5204 1321 5272 primo.
1339 5199 1419 5255 Unde
1434 5217 1575 5258 numerus
1591 5203 1736 5274 septimus
1765 5219 1816 5275 po-

155 5279 162 5310 ¹
181 5275 259 5330 ldenr
275 5291 331 5342 ms,
350 5275 468 5338 ;tiutlns
490 5273 665 5344 relinquatur
688 5289 722 5328 ec
745 5288 774 5328 co
798 5275 826 5330 in
849 5292 939 5332 manc.
997 5274 1154 5346 testnccipi
1168 5271 1221 5328 lroo
1237 5271 1298 5327 loco
1310 5288 1361 5343 pro
1376 5277 1475 5326 octova
1490 5273 1579 5330 etiarn
1597 5289 1730 5330 numero.

152 5345 340 5402 ’Emendsnt
354 5347 430 5402 hanc
445 5345 598 5402 lectionem
615 5344 684 5399 editi
702 5343 780 5412 libri,
797 5351 824 5400 et
838 5363 890 5420 pro
902 5363 941 5404 sc·
1030 5344 1345 5400 ³llursumineodem
1377 5359 1444 5410 ms,
1473 5343 1645 5404 Etacrensus
1673 5347 1757 5402 estin
1776 5347 1816 5404 eis

114 5417 209 5476 modo
224 5421 339 5490 ponunt
361 5421 476 5490 septima
493 5441 500 5484 t
517 5432 566 5487 pro
588 5417 701 5487 septima
731 5425 942 5490 consequenter
995 5419 1066 5490 iqnis
1081 5417 1199 5471 Domini.

114 5501 212 5548 actam
233 5507 240 5558 ;
256 5491 285 5544 et
300 5506 350 5572 pro
364 5494 459 5545 octctuo
474 5505 546 5544 nono
564 5487 593 5542 in
609 5487 651 5542 eis
667 5487 783 5559 legitur.
811 5495 866 5546 lloc
889 5508 939 5548 su·
1030 5489 1144 5544 ‘Addit
1160 5503 1243 5544 mous
1259 5503 1326 5556 ms„
1340 5490 1367 5541 et
1382 5501 1454 5542 rianio
1466 5490 1592 5556 tentatio,
1609 5495 1664 5550 oto.

112 5569 178 5620 tem
190 5561 230 5616 its
238 5562 440 5633 castigandum
453 5563 675 5633 potaveverunt
689 5575 829 5617 numerus
839 5562 939 5620 decem
1029 5561 1039 5598 ³
1055 5561 1159 5626 losio,
1174 5559 1250 5614 omni
1262 5557 1438 5614 multitudini
1453 5557 1528 5636 truie,
1544 5567 1600 5618 etc.

111 5633 323 5696 Tentstionnm
339 5632 525 5692 manifestius
539 5633 692 5706 opponeret
712 5631 741 5688 in
761 5633 940 5708 expositione
