4064 6158
768 288 800 354 S.
824 279 982 355 EUSEBII
1002 279 1235 354 htuacntltt.
1786 279 1845 349 sot

146 253 285 355 eos*

145 424 194 481 ille
218 440 306 496 quem
330 420 408 482 m
430 422 535 480 fratres
567 425 662 481 ceteri
696 441 753 482 non
782 426 966 497 sequuntur:
980 423 1009 490 A
1025 422 1183 495 Apostolus
1209 423 1238 478 in
1262 423 1364 480 eedem
1388 419 1517 480 historie
1541 415 1661 478 veritate
1692 418 1755 492 pari
1778 433 1847 477 vocs

144 512 292 586 colligitur
315 530 383 580 cum
407 513 636 586 primogenitum
662 512 769 582 vocari,
789 510 969 585 quivulvsm
1025 511 1200 568 concordat:
1221 511 1335 569 docendi
1355 513 1446 568 nutem
1464 509 1615 567 secundum
1636 505 1846 576 revelationem

144 600 254 671 operiat
275 605 303 657 et
326 605 393 656 unte
416 617 503 672 quem
532 601 631 657 nullus
654 601 693 657 sit
717 619 775 657 uon
800 617 867 656 eum
881 613 969 670 quem
1025 605 1052 656 et
1074 601 1214 656 neminem
1235 600 1302 670 uidi,
1327 602 1385 656 nisi
1406 600 1519 657 Petrum
1536 603 1564 656 et
1582 598 1716 656 incolum
1732 599 1849 666 [rutrum

144 689 233 745 frater
248 693 314 762 post
327 689 444 762 genitus
459 691 669 762 subsequatur.
686 691 801 763 Moyses
817 688 919 744 scribit
940 687 970 742 in
1027 690 1138 747 Domini
1152 689 1251 760 tentor.
1269 706 1300 758 11,
1315 691 1355 757 2).
1372 689 1408 745 Et
1421 704 1539 745 rursum
1555 687 1586 743 in
1602 685 1658 743 alio
1672 685 1754 742 loco:
1772 686 1846 742 2ss

144 777 386 834 Exodomocmm
397 783 436 836 est
450 783 542 835 cutem
556 781 630 835 circo
653 779 774 834 medinm
795 781 914 846 noemin,
945 782 972 832 et
1026 779 1165 851 Numquid
1184 795 1240 835 non
1268 779 1400 834 tutemus
1425 781 1586 851 potestatem
1613 773 1803 832 manducandi
1825 780 1852 829 et

144 867 277 924 Dominus
302 869 437 938 percussit
465 883 544 923 omrre
577 869 794 939 primopenitum
832 868 863 921 in
897 869 972 920 term
1027 867 1157 924 bibendi?
1179 868 1318 938 Numquid
1336 882 1392 924 non
1411 867 1542 923 hebemus
1564 868 1724 938 potestatem
1737 861 1852 919 usums³

144 955 265 1027 AEpypti,
282 972 298 1010 α
318 957 501 1028 primogenito
515 957 683 1021 Pharaonis,
700 958 748 1028 qui
765 954 873 1012 sedehat
890 969 973 1026 snper
1026 955 1257 1023 circumducendi,
1282 957 1352 1012 sicut
1373 965 1398 1012 et
1424 957 1519 1013 ceteri
1548 955 1675 1028 apostoli,
1703 956 1728 1009 et
1752 955 1852 1023 [ratres

143 1044 356 1115 thrcnnmejus,
378 1043 517 1116 usquead
538 1047 754 1116 primopenitum
775 1045 893 1115 captiose
910 1057 973 1114 qne)
1029 1047 1150 1102 Domini.
1184 1053 1210 1101 et
1241 1043 1343 1116 Cephus
1365 1045 1390 1114 (l
1413 1044 1475 1100 Cor.
1514 1061 1553 1112 rx,
1586 1047 1612 1112 t,
1654 1041 1715 1112 iili
1746 1041 1783 1096 ttt
1815 1055 1852 1096 ne

143 1135 182 1188 est
196 1132 233 1188 ad
248 1133 348 1200 lucum,
365 1141 391 1188 et
412 1149 492 1189 omne
504 1134 720 1204 princepenitnm
746 1133 850 1206 pecoris
875 1129 970 1203 (deod.
1027 1135 1101 1190 torte
1124 1133 1231 1205 aliquis
1253 1133 1423 1190 iudeorum
1443 1131 1645 1190 testimonium
1668 1146 1726 1187 non
1748 1127 1854 1186 admit

144 1238 195 1290 ΧΠ,
210 1221 267 1294 29).
285 1221 439 1292 R⁰³l³⁰nd0
458 1220 611 1288 mithUi
636 1226 706 1277 iuno
729 1222 766 1278 ab
797 1219 971 1276 extermina·
1028 1227 1111 1291 teret,
1129 1222 1178 1295 qui
1193 1222 1282 1278 ctiam
1298 1222 1417 1279 nomina
1432 1223 1554 1279 fratrum
1583 1220 1662 1276 illius
1686 1218 1852 1284 ediderunt,

145 1314 207 1365 tore
220 1310 336 1365 fuerant
350 1308 531 1380 interempti,
549 1309 738 1382 primogeniti
753 1310 872 1365 fuerunt
886 1325 922 1364 an
944 1310 973 1362 et
1028 1311 1117 1368 simili
1131 1327 1181 1368 eos
1195 1325 1330 1368 asserens
1341 1309 1394 1384 [lt.
1411 1308 1529 1384 asseris]
1545 1309 1574 1366 in
1591 1308 1732 1365 iratribus
1755 1321 1853 1363 errore

147 1397 316 1470 unigeniti?
340 1397 370 1453 Si
401 1397 588 1470 primogeniti
613 1402 729 1454 tuntum
753 1396 797 1453 illi
820 1400 972 1461 vocantur,
1028 1401 1175 1473 deceptos,
1199 1416 1257 1472 quo
1281 1423 1295 1450 a
1322 1399 1351 1455 in
1377 1403 1457 1472 patre
1480 1398 1653 1455 aestimundo
1673 1400 1743 1453 sunt
1765 1393 1852 1467 lapsi,

146 1487 197 1560 qui
212 1486 316 1542 iratres
331 1485 440 1543 habent
458 1502 525 1560 ergo
539 1488 575 1543 ub
590 1486 802 1543 ίιιίσίιισσίοιιαι
830 1484 972 1559 unigeniti
1029 1492 1129 1562 argute
1145 1488 1290 1560 praeerit,
1307 1492 1336 1543 et
1357 1487 1416 1543 ait:
1443 1487 1509 1542 Haec
1532 1487 1635 1542 eadem
1657 1482 1799 1541 voeabula
1817 1481 1855 1538 ab

146 1574 353 1632 liberatisunt.
385 1575 415 1632 Si
446 1581 544 1632 nutem
573 1579 605 1630 ut
633 1575 777 1649 unigeniti
806 1574 873 1631 caesi
892 1577 971 1639 suut,
1028 1574 1580 1650 cvangelistisinalioloccnominari,
1600 1578 1629 1631 et
1651 1573 1770 1630 eosdem
1790 1587 1856 1628 csse

148 1668 249 1720 contra
262 1664 440 1720 sententiam
464 1665 574 1720 iactum
600 1668 653 1734 cst,
679 1669 713 1720 ut
736 1665 812 1721 inter
826 1663 973 1736 primogc·
1028 1666 1134 1722 fratres
1150 1664 1278 1731 Domini,
1296 1663 1372 1720 illios
1387 1663 1494 1720 Muris.
1513 1686 1528 1714 n
1543 1662 1698 1720 Mattheus
1709 1660 1853 1734 loquitur:

149 1752 226 1809 nitos
241 1757 269 1808 ot
284 1753 428 1825 unigeniti
443 1757 637 1809 morerentur.
653 1755 710 1809 Aut
726 1743 893 1826 unigenitos
904 1749 1011 1852 libe-B
1028 1757 1114 1810 Erunt
1127 1762 1219 1810 cutem
1235 1753 1274 1808 iii
1286 1752 1385 1826 1(baud
1409 1752 1533 1809 dubium
1560 1752 1632 1825 quin
1656 1753 1723 1808 anto
1736 1763 1854 1806 crucum

148 1841 367 1914 rabisapoena,
379 1847 407 1897 et
422 1839 563 1898 ridiculus
579 1842 726 1897 cristaut
742 1841 767 1898 si
786 1839 971 1898 confiteberis
1027 1842 1174 1914 Domini‘)
1204 1850 1235 1898 et
1264 1842 1394 1898 mulieres
1419 1842 1516 1900 multe
1545 1857 1563 1896 α
1590 1841 1669 1911 tonpe
1696 1845 1855 1912 spectantes,

148 1929 324 1998 interlectos,
354 1929 477 2002 ingratis
505 1929 715 1998 obtinebimus,
747 1936 776 1986 et
806 1928 973 2002 unigenitos
1026 1947 1089 2006 ques
1103 1939 1204 1989 secute
1228 1932 1442 2002 sueruntieeum
1470 1929 1633 1999 oGutiten,
1666 1929 1857 1984 ministrantes

1027 2023 1083 2077 itti.
1108 2022 1183 2078 lnter
1211 2036 1278 2092 quus
1301 2027 1380 2076 erunt
1406 2021 1495 2077 Μανία
1517 2018 1690 2091 liupdutene,
1714 2021 1743 2074 et
1764 2017 1857 2074 Μανία

1026 2111 1131 2181 incedi,
1146 2118 1172 2166 et
1184 2108 1281 2181 ioseph
1295 2112 1392 2176 muter,
1421 2118 1448 2166 et
1472 2117 1561 2164 neuter
1589 2108 1712 2178 fitiorum
1732 2104 1859 2163 teneret

188 2195 230 2253 ll.
246 2195 366 2251 Heluidii
380 2196 476 2251 uttimu
488 2198 649 2268 propositio.
675 2227 709 2238 -
721 2197 854 2252 Extrema
868 2211 973 2268 propo·
1029 2198 1138 2272 (Μαίίίι.
1154 2216 1243 2265 xxvn,
1257 2199 1304 2266 55,
1319 2199 1375 2269 56).
1393 2199 1465 2254 ltem
1486 2197 1622 2254 Morcus:
1648 2201 1741 2252 Erunt
1763 2197 1857 2250 nutem

151 2283 218 2342 sitio
235 2284 290 2340 tuit
312 2283 390 2355 (licet
414 2284 442 2340 id
467 2285 565 2357 ipsum
585 2286 614 2341 in
640 2285 833 2358 primogenito
852 2283 975 2340 voluerit
1029 2299 1054 2345 et
1082 2289 1211 2345 mutieres
1233 2305 1251 2343 α
1275 2288 1352 2358 lonpe
1377 2288 1550 2360 uspicientes,
1570 2288 1653 2342 ‘inter
1676 2301 1743 2358 quus
1770 2291 1851 2340 erum

148 2018 360 2091 primogenitos
374 2017 526 2090 appellari.

152 2371 328 2444 ostendere),
344 2372 448 2428 iratres
462 2373 577 2428 Domini
593 2372 623 2428 in
643 2373 805 2446 Evangeliis
819 2373 974 2442 nominari,

154 2465 187 2518 ut
200 2461 241 2518 ihi
255 2476 261 2514 ε
275 2463 347 2517 Ecce
360 2470 448 2517 muter
461 2463 519 2534 σίαι
533 2464 559 2517 σί
572 2465 675 2533 tratres
702 2463 762 2534 ejus
775 2462 883 2518 stabunt
896 2464 975 2534 ioris,

154 2553 303 2623 querentes
329 2549 404 2620 toqui
429 2566 491 2605 σανα
518 2566 549 2606 eo
576 2551 651 2620 (Luc.
680 2568 743 2619 vni,
767 2552 822 2620 20).
839 2549 975 2607 Etalibi:

153 2642 218 2696 Post
233 2639 291 2696 limo
305 2638 445 2696 descendit
475 2638 665 2710 Ccpbunnnm,
681 2640 738 2711 ipse
752 2643 779 2695 et
800 2647 887 2696 muter
907 2641 976 2711 ejus,

153 2735 179 2784 ct
192 2729 292 2799 iratres
312 2729 370 2799 ejus
397 2727 476 2798 (ioan
504 2744 535 2795 ιι,
552 2728 607 2799 12).
633 2728 667 2782 Et
691 2728 750 2784 ibi:
779 2728 917 2784 Riserunt
934 2743 978 2784 er·

153 2832 187 2888 po
200 2818 299 2886 fratres
315 2817 372 2888 ejus
385 2816 420 2871 nd
433 2832 514 2872 eum:
532 2817 629 2871 Transi
643 2815 716 2885 hine,
741 2824 766 2873 et
787 2817 854 2872 crude
880 2817 911 2872 in
930 2818 978 2873 iu·

1031 2378 1119 2434 llario
1144 2376 1317 2448 diupdulene,
1342 2379 1368 2432 et
1391 2377 1480 2432 Μανία
1501 2375 1787 2441 tructimundus
1807 2374 1854 2429 io·

1030 2467 1096 2539 sept
1123 2470 1214 2522 muter
1242 2465 1350 2522 Satorm
1379 2465 1471 2538 (Μανσ.
1501 2480 1547 2534 xv,
1577 2462 1642 2536 iol:
1672 2462 1771 2534 ibique
1787 2463 1859 2534 post

1032 2555 1181 2612 modicum
1195 2571 1202 2610 :
1217 2555 1250 2610 st
1264 2555 1330 2610 otiu
1347 2554 1445 2612 muttae
1465 2569 1525 2626 que
1552 2552 1733 2609 ascenderunt
1752 2565 1815 2606 cum
1828 2564 1860 2606 eo

1032 2647 1062 2701 in
1076 2644 1235 2702 ierusalem.
1257 2643 1374 2700 Necnon
1398 2645 1428 2698 ct
1448 2642 1557 2698 Lucas:
1580 2643 1666 2697 Erunt
1684 2644 1776 2697 antem
1797 2640 1859 2697 liu·

1032 2735 1076 2789 rio
1091 2732 1247 2804 liopdotene
1260 2735 1287 2789 et
1299 2733 1420 2802 icauna,
1435 2735 1461 2787 et
1476 2732 1571 2788 Μανία
1583 2729 1694 2797 iacobi,
1710 2731 1736 2786 et
1748 2735 1860 2787 cetere

1032 2839 1095 2878 cnm
1110 2823 1150 2878 eis
1165 2821 1241 2893 (Luc.
1257 2837 1337 2888 xxiv,
1353 2821 1411 2892 tc).

156 2905 298 2972 deremet
311 2909 337 2961 et
351 2905 481 2977 discipuli
493 2906 538 2960 tui
551 2905 661 2962 uideant
675 2920 759 2977 opero
783 2913 831 2961 tuo
855 2920 918 2978 pne
938 2909 979 2978 tc
1069 2910 1114 2966 tu.
1137 2911 1330 2982 Hieronymus.
1356 2939 1391 2952 -
1414 2909 1479 2966 Huc
1502 2907 1611 2964 ideirco
1640 2893 1859 2980 replicavimus,

156 2996 205 3052 cis.
229 2995 311 3050 Nemo
335 3009 411 3050 erasm
433 2993 540 3066 otiquid
565 2995 594 3050 in
616 2996 718 3051 occuito
740 2996 854 3065 suemus,
881 2996 981 3066 querit
1034 3015 1070 3056 ne
1085 2997 1283 3056 calumnietur
1297 3003 1326 3055 et
1341 2997 1484 3066 clamitet,
1499 3013 1533 3054 ea
1545 3013 1609 3070 que
1624 3012 1677 3069 pro
1692 3012 1723 3052 se
1738 2994 1858 3062 iaciant,

157 3085 258 3156 ipsein
284 3083 378 3154 putum
391 3100 457 3140 csse.
474 3084 505 3139 Si
519 3083 578 3141 brec
594 3086 674 3155 incia
703 3087 851 3156 runnitestc
865 3086 980 3158 teipsum
1035 3087 1150 3144 anobis
1163 3103 1228 3144 esse
1252 3087 1411 3152 subtracta,
1428 3090 1457 3142 et
1481 3085 1656 3142 sententiam
1680 3099 1776 3152 suam,
1799 3097 1860 3140 uon

157 3173 258 3228 mundo
273 3173 349 3243 (ioan
364 3189 415 3237 vu,
431 3173 457 3240 3,
475 3173 512 3244 l).
537 3172 648 3228 Joenne
672 3173 798 3245 desuper
820 3171 978 3230 inserente:
995 3150 1016 3216 C
1035 3177 1212 3234 testimoniis
1225 3177 1454 3249 scripturarum,
1470 3173 1521 3232 sed
1534 3173 1648 3231 lubrica
1661 3173 1862 3246 disputatione

154 3261 334 3332 nequeenim
347 3262 448 3330 iratres
463 3261 522 3331 ejus
538 3261 757 3318 tnnccredebunt
773 3263 802 3318 in
815 3277 879 3318 eum
898 3260 978 3333 (ibid.
1035 3263 1215 3321 convulsam.
1232 3287 1246 3314 ιι
1263 3264 1332 3319 Ecce
1347 3261 1456 3335 inquit,
1476 3260 1604 3317 lacobus
1626 3264 1655 3317 et
1676 3259 1785 3332 ioseph
1804 3255 1860 3313 filii

154 3351 193 3421 5).
210 3349 283 3404 Item
312 3348 428 3403 Murcus
456 3354 485 3403 et
512 3349 683 3405 Mattheus:
712 3355 745 3406 lit
767 3350 980 3408 merleisuein
1033 3353 1137 3421 Mada,
1154 3353 1353 3424 iidcmiquos
1377 3349 1471 3408 iudei
1495 3349 1599 3406 iratres
1628 3346 1860 3422 appellaverunt.

154 3453 295 3510 synnpopn
307 3453 401 3494 eornm
420 3439 450 3493 in
462 3440 555 3508 patrio
569 3455 629 3504 sun,
645 3440 685 3494 itu
697 3443 727 3494 ut
740 3443 887 3514 stuperent,
901 3445 927 3496 et
939 3439 980 3496 di·
1033 3443 1105 3498 Ecce
1121 3441 1213 3497 Maria
1227 3439 1327 3496 iacobi
1345 3438 1467 3495 minoris
1482 3442 1511 3494 st
1524 3437 1632 3496 Josctis
1647 3445 1751 3493 mater.
1767 3435 1864 3493 Mino·

154 3525 875 3600 cerem:Undebuicomnistaecsopientinetnirtntes
886 3531 978 3586 ilion·
1033 3532 1074 3588 ris
1089 3534 1185 3587 autem
1201 3529 1313 3598 iacobi,
1328 3529 1364 3585 sd
1380 3527 1599 3585 distinctionem
1624 3525 1755 3597 majoris,
1781 3523 1862 3581 m

153 3631 189 3672 ne
199 3617 244 3672 ίιίσ
253 3620 293 3672 est
305 3615 380 3686 sciri
389 3615 471 3686 fitius
482 3619 591 3672 inonne
601 3621 690 3673 muter
699 3619 758 3690 ejus
767 3618 871 3674 dicitur
880 3618 977 3686 Μανία,
1032 3619 1082 3692 qui
1097 3623 1159 3676 erut
1173 3617 1252 3675 illius
1266 3616 1405 3685 zebedei,
1421 3615 1497 3673 sicut
1511 3621 1539 3673 et
1568 3615 1598 3671 in
1613 3612 1670 3670 alio
1698 3612 1761 3668 loco
1781 3609 1860 3667 Mar-

150 3713 180 3762 et
192 3709 295 3777 fratrer
306 3705 365 3776 ejus
379 3707 493 3762 iueobns
502 3715 528 3762 et
541 3707 649 3778 ioseph,
666 3709 802 3764 etSirnon
812 3708 939 3776 etincius,
953 3715 980 3764 et
1032 3725 1084 3764 cus
1100 3707 1202 3781 ponit:
1218 3708 1308 3764 llario
1321 3714 1414 3762 nutem
1426 3703 1593 3777 liopdutene,
1604 3711 1633 3759 et
1642 3701 1730 3759 Μανία
1762 3699 1859 3758 iacobi

146 3809 258 3852 sorores
270 3796 329 3866 ejus
344 3809 436 3850 omnes
451 3794 523 3867 opud
537 3811 587 3851 nos
600 3803 664 3852 sunt
679 3795 782 3868 (Μανία.
798 3797 977 3864 x1n,5d,55:
1031 3807 1058 3854 ct
1085 3799 1192 3865 insciis,
1219 3797 1348 3853 viderunt
1375 3795 1425 3852 utri
1446 3797 1600 3866 poneretur
1627 3810 1633 3848 :
1658 3795 1684 3848 et
1715 3795 1858 3847 transacto

153 3883 235 3938 Μανσ.
250 3899 291 3952 vr,
304 3881 388 3950 t-3)r
409 3889 501 3939 bures
514 3900 629 3956 quoque
644 3884 674 3940 in
688 3884 807 3942 Actibus
831 3885 977 3960 apostolo·
1032 3886 1159 3954 Subicio,
1187 3887 1311 3942 emerunt
1338 3891 1474 3952 ανααιαία,
1499 3889 1524 3938 et
1545 3887 1678 3938 irmernnt
1705 3877 1741 3934 nd
1754 3891 1858 3934 nunct-

153 3985 220 4027 rum
233 3972 276 4027 ita
289 3971 393 4029 refert:
410 3974 445 4028 lli
458 3989 550 4029 ornnes
564 3983 642 4031 erum
655 3977 788 4031 instantes
814 3977 978 4033 unanimes¹
1030 3977 1162 4032 menium.
1180 3973 1329 4046 starique
1344 3973 1401 4029 ait:
1418 3973 1510 4038 Quum
1526 3969 1667 4026 miserum
1684 3967 1741 4024 erit
1754 3970 1783 4022 st
1797 3965 1860 4022 im-

153 4062 183 4116 in
212 4061 336 4117 erutione
358 4077 421 4117 cnm
441 4062 607 4120 mutieribus
634 4068 660 4120 ct
688 4064 776 4120 Μανία
804 4066 976 4134 mutreiesu,
1032 4063 1113 4136 pium
1140 4062 1176 4118 dc
1191 4061 1284 4117 Mario
1298 4060 1354 4118 hoc
1378 4060 1549 4127 sentirent
1570 4075 1637 4114 oum
1661 4055 1724 4114 atiae
1739 4053 1857 4112 fominus

151 4150 325 4220 etsrntridus
349 4152 436 4221 ipsius
460 4152 527 4223 (Act.
553 4170 572 4222 1,
593 4151 646 4226 ll).
673 4153 791 4210 Necnon
815 4157 845 4210 ct
868 4153 976 4210 Paulus
1031 4167 1131 4208 curam
1146 4149 1303 4222 sepulture
1317 4153 1387 4206 iesu
1403 4147 1570 4214 habuerint,
1586 4151 1710 4204 matrem
1729 4145 1795 4216 ejus
1809 4142 1861 4200 di-

188 4275 357 4332 ¹Victorius
386 4278 602 4349 interemptione,
633 4293 701 4332 cum
729 4281 826 4332 tamen
854 4279 976 4334 interne·
1030 4279 1073 4331 ret
1088 4290 1154 4329 eum
1171 4273 1206 4329 de
1229 4273 1294 4329 aliis
1317 4272 1428 4329 sanctis
1452 4271 1561 4328 dixisse
1584 4269 1769 4337 mulieribus,
1793 4283 1860 4342 ques

152 4348 269 4406 cionein
284 4347 350 4403 eliis
365 4347 582 4420 exemplaribus
598 4347 767 4405 invenisset.
784 4348 859 4403 Olim
874 4348 976 4405 vitiose
1026 4349 1111 4418 junia
1126 4361 1237 4400 morem
1251 4344 1420 4408 ludoicum,
1436 4342 1587 4416 magistris
1600 4343 1636 4398 de
1651 4357 1705 4398 sua
1719 4341 1862 4397 substen-

152 4423 214 4473 erst
226 4420 460 4488 interpretatione.
1029 4418 1072 4474 tiu
1086 4416 1303 4483 ministrabunt,
1315 4416 1392 4471 sicut
1401 4413 1428 4470 le
1449 4415 1527 4471 imus
1536 4413 1593 4486 ipsi
1605 4427 1721 4498 quoque
1732 4409 1860 4468 Domino

187 4489 307 4542 ¹cortem
321 4488 507 4556 Veronensis,
522 4490 666 4544 unanimes
679 4489 800 4544 orationi
810 4490 975 4548 cunzmntie-
990 4516 1013 4581 D
1031 4488 1196 4545 lectitatum
1223 4506 1236 4537 ν
1256 4491 1313 4544 cto.
1331 4491 1370 4541 Ex
1384 4431 1493 4558 quiirus
1517 4489 1616 4541 tamen
1638 4483 1760 4540 minime
1778 4481 1862 4564 cvlp-

152 4558 241 4622 ribns,
257 4563 285 4612 et
300 4573 359 4628 quse
373 4563 427 4631 tunt
442 4560 612 4626 materiem,
628 4564 681 4614 etc.
1029 4559 1105 4616 citur
1122 4558 1254 4615 mutieres
1270 4575 1321 4631 pro
1336 4573 1438 4614 umores
1463 4555 1588 4630 legisso;
1605 4555 1679 4612 boue
1703 4554 1861 4626 veroquid

187 4627 358 4684 ΒΜίαίανίιιε
374 4631 502 4685 mutieres
516 4629 585 4702 legit
601 4646 653 4702 pro
663 4646 773 4696 encres,
789 4631 840 4703 qui
855 4636 884 4688 et
908 4629 974 4688 falsi
1029 4648 1062 4688 eo
1076 4628 1217 4688 vocabulo
1231 4633 1309 4686 esset
1320 4627 1555 4700 intelligendum.
1569 4625 1745 4696 llujusmodi
1757 4629 1860 4681 autem

152 4700 326 4772 impressam
342 4698 495 4756 lectionem
511 4699 645 4772 pluribus
661 4707 790 4766 accusat,
800 4708 931 4775 atqusex
941 4719 974 4760 eo
1030 4707 1145 4769 resset,
1162 4717 1219 4756 non
1235 4716 1334 4756 neores
1348 4703 1473 4766 tantum,
1491 4705 1542 4755 out
1556 4699 1686 4754 inertiores
1708 4696 1764 4769 legi
1779 4713 1787 4764 ;
1802 4696 1859 4753 sed

152 4772 296 4898 precipue
311 4772 388 4860 quod
404 4771 470 4827 etsi
487 4788 521 4827 ex
536 4773 598 4852 ipso
626 4771 792 4845 Hieronymi
813 4791 901 4831 sensu
921 4792 975 4832 vox
1025 4774 1153 4846 junctim
1171 4771 1215 4828 vel
1229 4773 1375 4828 mutierem
1393 4787 1525 4838 sororem,
1540 4774 1573 4825 ut
1588 4770 1617 4826 in
1643 4767 1743 4824 Latino
1763 4766 1859 4824 inter·

179 4859 250 4899 rreca
265 4863 333 4917 γυνη
351 4847 517 4900 communis
531 4847 569 4898 sit
586 4843 667 4898 uxori
682 4847 711 4899 et
725 4844 839 4901 mulieri
862 4847 973 4919 signifi·
1028 4849 1129 4916 pretc;
1153 4843 1198 4900 vel
1221 4859 1341 4900 sororem
1363 4843 1518 4908 mulierem,
1539 4845 1571 4897 ut
1593 4841 1624 4896 in
1648 4841 1746 4896 Graeco
1761 4841 1856 4907 textu,

1028 4911 1149 4992 ἀδελφὴν
1181 4919 1304 4988 γυναῖκα.
1327 4912 1430 4970 Plures
1452 4917 1549 4969 cutem
1577 4928 1611 4968 cx
1634 4909 1763 4982 antiquis
1787 4907 1859 4982 plu·

150 4982 281 5056 belligero
292 4987 327 5042 de
339 4987 524 5054 mulieribus,
536 4987 971 5059 quaeepostolisministrabant.
1027 4987 1104 5042 rium
1119 5002 1240 5042 numero
1252 4987 1381 5042 mutieres
1404 4984 1431 5041 le
1455 4988 1515 5040 unt.
1539 4981 1737 5040 Tertullianus
1751 4980 1786 5036 de
1799 4979 1858 5036 no-

149 5055 696 5128 Incujusreitcstimoniumefforts.
716 5059 971 5131 troctorisexposi-
1026 5059 1262 5131 nopcmiooap.8
1287 5063 1315 5114 et
1336 5057 1409 5112 del)
1449 5057 1528 5112 icitia
1548 5055 1592 5124 lt,
1617 5051 1858 5126 hieronymusin

148 5126 259 5182 tionem
274 5143 308 5182 ex
324 5129 417 5198 primo
432 5140 529 5187 centro
537 5132 687 5186 tonitrium.
699 5127 749 5185 lib.
765 5148 771 5186 :
786 5130 844 5186 «Si
860 5137 970 5196 sutem,
1027 5129 1196 5185 Mattbaeum
1212 5145 1300 5194 xxvn,
1317 5131 1346 5182 ct
1370 5127 1405 5181 sd
1429 5125 1632 5194 Eustochium,
1656 5122 1781 5198 epistola
1794 5123 1832 5178 22
1848 5141 1857 5190 ;

148 5198 254 5270 inquit,
271 5199 355 5253 uobis
371 5201 442 5256 illud
457 5201 626 5274 opposuerit
640 5201 676 5257 sd
689 5201 971 5274 probandum‚quod
1028 5200 1253 5268 ambrosiaster,
1268 5197 1417 5262 sedulius,
1443 5197 1562 5269 aliique,
1586 5211 1690 5252 sorores
1709 5194 1858 5250 mutieres.

148 5283 250 5324 omnes
265 5269 390 5341 apostoli
406 5287 525 5328 uxorem
550 5273 724 5328 habuerint:
750 5273 894 5344 numquid
913 5289 970 5328 non
1026 5271 1080 5337 Qui
1094 5287 1161 5327 vero
1176 5285 1273 5327 uxores
1287 5267 1460 5342 simpliciter
1472 5268 1612 5341 legerent,
1629 5267 1773 5324 haetenus
1792 5280 1859 5321 non

148 5339 291 5396 babemus
306 5345 480 5413 potestatem
495 5343 643 5410 mulieres,
656 5342 701 5399 vel
717 5361 820 5400 uxores
845 5344 970 5399 circum·
1024 5341 1201 5399 invenimus.

148 5411 284 5479 ducendi,
301 5413 370 5484 quia
383 5414 450 5486 γυνὴ
466 5413 543 5485 apud
558 5414 672 5469 Grsecos
687 5418 844 5488 utrumque
861 5414 972 5488 signill-
1060 5414 1223 5469 ‘Mendosa
1238 5410 1407 5483 trajectione
1423 5411 1495 5476 erut,
1509 5410 1550 5465 ibi
1563 5417 1594 5466 ct
1618 5410 1748 5465 mulieres
1774 5405 1856 5463 nond

148 5482 314 5566 cat;·si·cut
336 5485 430 5540 ceteri
454 5483 589 5610 apostoli,
616 5489 645 5540 ct
669 5484 793 5558 Cophos,
823 5486 970 5543 ctsratres
1023 5483 1139 5540 dubium
1153 5486 1414 5610 gjuinuntecrucern
1430 5481 1736 5550 Domini)mnttu,stc.
1786 5493 1855 5535 ero-

148 5555 396 5626 Domrn1,jungat
411 5555 462 5610 illu
500 5555 576 5627 quod
594 5560 623 5609 et
644 5555 674 5610 in
693 5555 800 5613 Grecis
819 5558 969 5614 codicibus
1024 5553 1124 5611 nensis
1139 5555 1159 5608 li
1182 5571 1214 5610 er
1227 5555 1403 5610 emendavit.

147 5630 210 5685 est:
226 5625 374 5700 Numquid
400 5642 458 5682 non
489 5624 633 5682 hebemus
655 5629 830 5698 potestatem
854 5645 969 5688 sorores
1059 5625 1198 5683 ⁵Vocem
1227 5625 1311 5682 iidem
1346 5641 1380 5682 ax
1403 5621 1563 5680 Veronensi
1586 5621 1771 5756 supplemus,
1800 5619 1855 5697 qui

147 5697 286 5765 mulieres
300 5696 344 5758 vel
359 5713 464 5757 uxone
476 5695 735 5758 circumducendit
749 5697 790 5757 nx
804 5714 862 5774 quo
878 5716 969 5777 oppu-
1023 5700 1193 5760 ocustanter
1206 5697 1283 5758 initu
1295 5693 1429 5778 toreptttr
1444 5709 1496 5784 pro
1507 5699 1526 5760 i
1534 5696 1614 5782 ααίίι
1640 5694 1709 5780 egit.

151 4913 260 4981 canda,
274 4921 386 4971 certum
401 4916 439 4971 sit
454 4921 563 4984 tamen,
579 4915 751 4987 Apostolum
767 4916 821 4972 boc
845 4916 907 4974 loco
929 4918 973 4974 in·
