4066 6162
221 293 284 367 cu

820 339 821 344 κ
849 291 882 366 S.
905 291 1064 364 adsueti
1081 291 1319 362 marui.

220 434 302 496 euim
314 431 508 495 venerationis
536 449 651 510 semper
679 433 746 505 tuit,
761 437 795 493 ut
819 437 975 510 regnantes
989 433 1049 490 ha·
1063 434 1090 502 Α
1104 448 1176 505 pum
1205 429 1531 507 apprehenderis.¹,uea
1543 433 1891 511 maecenatiana·

223 525 306 585 retici
334 527 493 600 ignomiam
522 543 605 583 suam
623 531 769 599 putarent,
797 526 821 582 si
848 525 1046 583 talemvirum

149 681 159 700 ·
222 621 476 692 persequerentur.
493 616 592 672 Scribe
606 615 697 690 igitur
724 615 760 671 ad
789 614 877 671 huuc.
894 613 1048 686 Responde

222 705 351 780 epistolae
366 707 430 778 ejus
448 722 455 762 :
472 705 600 762 sentient
614 705 708 761 caeteri
723 704 822 772 tinem,
838 702 1047 777 eloquentiam,

223 795 410 870 prudentiam
427 798 519 864 tuam,
535 811 571 851 nc
586 794 639 851 tibi
654 793 734 851 solus
763 793 891 850 disertus
914 807 979 849 esse
1006 791 1048 846 vi-

223 885 332 942 dearis:
347 884 405 940 Gur
417 884 452 939 ab
468 883 524 940 alio
539 888 721 956 provocatus,
731 882 872 939 aliorsum
887 897 970 938 arma
985 897 1050 936 con-

224 974 337 1031 vertis?
352 971 512 1030 Palaestinae
528 974 581 1045 [At.
603 971 777 1043 Palaestinis]
805 970 1004 1045 interrogaris,
1020 974 1050 1027 et

224 1063 385 1135 respondes
400 1065 529 1135 AEgypto.
544 1062 616 1118 Aliis
631 1061 832 1135 lippientibus,
854 1059 939 1133 ungis
950 1059 1050 1116 oculos

223 1167 282 1208 non
297 1150 469 1208 dolentium.
481 1150 510 1206 Si
525 1149 668 1223 placitura
678 1147 1050 1222 nobisoiteriloqueris,se·

157 1267 160 1276 ·
223 1238 1049 1314 tissuparbemialiudquamquerimuesatissupcrllue.

259 1330 375 1386 ⁴125.
407 1329 566 1401 Theophilus
593 1329 664 1400 quid·
686 1329 851 1400 probauerit.
880 1327 936 1384 Sed
966 1327 1051 1396 dicis,

222 1416 376 1491 epistolam
392 1433 488 1475 meam
503 1417 636 1490 probavit
652 1416 865 1474 Alexandrinus
884 1416 1050 1490 episcopus.

222 1506 299 1574 Quid
323 1506 593 1580 probavit‘tcontra
620 1505 732 1574 Arium,
762 1511 864 1563 contra
880 1505 1051 1573 Photinum,

223 1599 327 1653 contra
354 1594 545 1652 Manicheum
575 1595 647 1652 bane
676 1593 993 1662 locutumonisenim
1022 1597 1051 1650 ts

223 1684 280 1743 hoo
295 1687 425 1741 temoore
439 1674 538 1758 arguit¹
551 1682 687 1739 brianum
699 1683 713 1738 ‘l
727 1683 794 1756 quis
809 1682 861 1739 tibi
879 1699 957 1739 nunc
982 1681 1053 1740 Pbo-

223 1773 278 1832 tim'
308 1773 517 1845 Maniohaeique
542 1772 653 1829 crimen
681 1772 821 1845 impingit
845 1772 859 1827 ‘l
892 1771 968 1829 Olim
996 1772 1054 1829 ista

224 1863 380 1920 amendata
396 1866 465 1918 sunt
476 1866 563 1934 atque
578 1877 730 1917 concussa.
744 1862 806 1917 Non
819 1877 884 1917 eras
898 1864 959 1917 tam
979 1860 1051 1918 stul-

222 1954 282 2020 tus,
295 1954 328 2007 ut
342 1954 441 2024 aperte
454 1951 623 2008 defenderes
652 1948 797 2017 heresim,
827 1965 916 2022 quam
939 1950 1053 2008 sciebas

222 2039 357 2100 ecclesie
382 2039 545 2113 displicere.
576 2040 702 2096 Noveres
729 2043 758 2096 te
785 2041 810 2096 si
836 2038 892 2096 hcc
920 2040 1051 2108 fecisses,

221 2129 323 2189 atatim
336 2129 399 2186 loco
414 2130 601 2198 movendum,
617 2134 646 2185 at
659 2128 725 2184 solii
739 2128 782 2185 tui
812 2127 930 2186 delicias
952 2128 1051 2203 suspi-

221 2219 320 2277 rebes.
336 2218 383 2276 Sic
398 2218 573 2275 sententiam
588 2217 768 2292 temperasti,
784 2222 817 2274 ut
840 2235 893 2274 occ
908 2217 1051 2291 simplici-

222 2309 278 2366 bus
292 2307 603 2381 displiceres,nectuos
613 2308 785 2365 attenderes.
801 2307 878 2364 Bene
894 2307 1050 2380 scripsisti,

221 2398 272 2456 sed
299 2395 371 2453 nibil
399 2397 435 2453 ad
477 2411 598 2454 seusam
628 2397 790 2469 pertinens.
816 2397 898 2454 Unde
931 2401 1052 2455 noverat

220 2485 419 2544 Alexandriae
434 2483 722 2557 Ecclesiepoatiiex,
752 2486 781 2541 in
808 2485 916 2559 quibua
945 2501 1050 2559 argue·

220 2573 317 2632 reris?
332 2589 459 2646 querum
472 2590 491 2630 a
505 2577 533 2630 ts
547 2574 691 2630 confessio
709 2574 928 2647 postularetur?
941 2574 1051 2632 Debue-

220 2663 334 2720 restibi
349 2662 463 2733 objecta
478 2676 649 2735 proponere,
679 2667 708 2718 et
731 2663 774 2718 sic
803 2663 839 2718 ad
864 2663 985 2736 singula
1004 2679 1049 2719 re·

220 2751 375 2825 spondere.
399 2750 490 2807 Vetus
516 2753 618 2807 narrat
640 2749 763 2807 historie
792 2768 799 2806 :
828 2750 952 2815 Quidam
982 2768 1049 2808 oum

1101 521 1258 580 dimittere.
1273 527 1342 596 Ipsa
1356 539 1472 597 quaque
1487 523 1542 584 tria
1555 528 1632 585 m
1659 527 1738 598 quasi
1762 529 1896 603 negligens

1102 614 1189 684 atque
1203 626 1337 682 securus,
1354 615 1502 686 quasique
1516 613 1594 672 aliud
1609 631 1695 690 agens
1707 618 1752 672 :et
1763 616 1791 672 in
1803 617 1898 690 quibus

1102 703 1153 756 aut
1181 699 1263 756 nulla
1285 707 1336 758 aut
1358 703 1907 778 pervasitqoestio,pretervolnsetqua'

1103 789 1285 863 perstringis.
1312 793 1346 847 Et
1372 791 1413 847 ita
1441 797 1558 864 opertus
1573 810 1606 850 ac
1620 796 1714 850 textus
1739 793 1850 862 incedis,
1874 799 1902 850 ut

1102 876 1169 951 plus
1184 878 1354 936 confitearis
1370 881 1493 937 tacendo
1509 895 1596 954 quam
1611 897 1715 938 monae
1728 881 1898 954 disputando.

1104 965 1174 1034 Quis
1188 983 1245 1024 noa
1275 969 1411 1040 protinus
1434 969 1486 1026 tibi
1512 975 1606 1043 potest
1619 971 1734 1027 dicere:
1752 970 1804 1026 usi
1816 969 1902 1027 lumen

1104 1056 1181 1127 quod
1191 1056 1227 1112 in
1240 1060 1268 1112 te
1282 1061 1337 1124 ost,
1353 1059 1478 1114 tenebre
1495 1063 1574 1127 sunt,
1590 1059 1658 1132 ipsa
1673 1059 1789 1116 tenebre
1803 1062 1904 1132 quauta

1104 1148 1190 1201 erunt
1203 1144 1308 1218 (aaut.
1322 1163 1362 1214 vr,
1378 1147 1424 1219 23)
1438 1146 1452 1203 i
1468 1170 1482 1197 υ
1510 1148 1612 1205 Sitrae
1640 1145 1853 1222 questiuncule,
1875 1145 1905 1202 de

1105 1233 1213 1305 quibus
1227 1234 1309 1292 visus
1324 1251 1355 1292 es
1369 1235 1483 1309 aliquid
1497 1237 1604 1307 dicere,
1620 1235 1779 1308 suspicione
1793 1238 1821 1291 et
1833 1233 1907 1306 eulpa

1105 1339 1163 1379 non
1178 1327 1288 1390 carent,
1303 1328 1332 1380 at
1344 1325 1545 1384 fraudulenter
1559 1343 1593 1384 ao
1606 1325 1714 1382 lubrice
1741 1322 1847 1396 scripta
1866 1337 1905 1379 oo-

1106 1417 1280 1486 arguuntur,
1296 1413 1366 1486 quid
1382 1414 1524 1472 iaciemus
1545 1416 1581 1473 da
1609 1414 1736 1488 quinque
1751 1411 1870 1484 reliquie,
1881 1411 1906 1466 in

1106 1501 1215 1574 quibus
1227 1503 1298 1575 quia
1313 1500 1395 1559 nulla
1410 1503 1540 1578 ambigui
1556 1502 1700 1562 sermonis
1713 1501 1829 1558 dabatur
1842 1513 1909 1557 oece-

1107 1590 1160 1660 sio,
1177 1606 1230 1647 neo
1242 1591 1365 1648 illudere
1379 1597 1495 1666 poteras
1519 1593 1683 1661 audientes,
1709 1588 1831 1648 metuisti
1856 1601 1910 1644 om·

1106 1678 1177 1736 nino
1187 1679 1412 1754 reticere,quam
1424 1687 1522 1755 aperte
1533 1683 1611 1755 quod
1622 1685 1732 1740 rectum
1740 1680 1795 1753 [rit.
1804 1677 1909 1747 betam]

1107 1769 1203 1826 tuerat
1217 1769 1360 1828 confiteri.
1432 1777 1434 1780 '
1890 1793 1893 1806 ·

1141 1860 1168 1912 7.
1187 1859 1249 1916 Orto
1264 1875 1300 1916 ee
1316 1859 1441 1932 Origenia
1468 1862 1609 1919 eruribus
1633 1861 1809 1934 questionem
1831 1853 1912 1928 oreta

1105 1948 1208 2005 ioanni
1221 1948 1323 2021 objectu
1338 1949 1371 2005 ab
1385 1949 1550 2022 Epiphanio.
1567 1981 1603 1993 —·
1619 1951 1654 2010 iit
1668 1949 1789 2024 primum
1800 1945 1832 2002 de
1843 1944 1910 2000 libro

1107 2046 1269 2112 πιριἊρχῶν
1296 2037 1346 2094 ubi
1360 2036 1492 2110 loquitur
1507 2057 1514 2095 :
1531 2038 1608 2095 sicut
1634 2037 1712 2096 enim
1739 2035 1911 2106 incongruum

1105 2131 1149 2183 est
1162 2125 1269 2195 dicere,
1299 2127 1376 2199 quod
1391 2127 1485 2199 possit
1500 2126 1592 2185 Filius
1606 2128 1704 2186 videre
1726 2127 1853 2182 Patrem:
1878 2120 1913 2177 ita

1105 2213 1315 2272 inconveniens
1335 2220 1380 2272 est
1407 2216 1530 2289 opinari,
1561 2220 1641 2291 quod
1663 2215 1784 2290 Spiritus
1807 2213 1913 2270 aeneus

1105 2304 1198 2378 possit
1211 2305 1308 2361 videre
1325 2304 1441 2362 Filium.
1456 2307 1637 2374 secundum,
1666 2305 1740 2380 quod
1755 2303 1783 2358 in
1795 2301 1844 2362 boo
1856 2315 1914 2355 cor·

1105 2410 1174 2466 pore
1187 2393 1273 2467 quasi
1286 2394 1316 2450 in
1332 2411 1446 2452 carcere
1461 2394 1521 2453 sint
1548 2396 1656 2452 anima
1682 2392 1817 2466 religate-3
1830 2391 1857 2445 et
1868 2399 1915 2443 aa·

1104 2487 1225 2557 tequam
1238 2483 1325 2540 bomo
1341 2484 1423 2540 [leret
1436 2483 1466 2540 in
1495 2485 1647 2558 paradiso,
1677 2483 1753 2541 inter
1776 2476 1916 2536 rationales

1104 2577 1254 2630 creaturas
1273 2573 1303 2629 in
1332 2572 1499 2630 coelaetibus
1527 2577 1719 2632 commoratae
1745 2573 1820 2629 sunt.
1847 2565 1917 2623 Unde

1105 2666 1207 2733 postea
1220 2662 1249 2717 in
1266 2661 1497 2720 consolationem
1512 2679 1598 2720 suam
1628 2663 1734 2721 anima
1753 2657 1873 2732 loquitur
1886 2653 1916 2709 -in

1104 2750 1226 2823 psalmis
1251 2769 1258 2807 ι
1285 2773 1299 2800 a
1328 2752 1503 2825 Priusquam
1528 2752 1715 2823 humiliarer,
1738 2765 1789 2824 ego
1820 2741 1915 2816 deliqui

220 2840 328 2898 diserte
341 2840 459 2906 diceret,
477 2839 657 2913 ferreturque
683 2839 795 2912 impetu
811 2855 844 2895 ao
870 2838 1050 2897 volubilitate
1104 2839 1190 2912 (Paul.
1206 2855 1303 2909 cavur,
1318 2841 1374 2914 67).
1392 2861 1407 2890 o
1423 2841 1457 2896 iit
1472 2859 1481 2897 ι
1497 2861 1512 2891 a
1526 2841 1691 2908 Revertens,
1713 2839 1808 2898 anime
1821 2831 1915 2899 maala

218 2929 386 3000 verborum,
410 2944 590 3001 causamque
602 2928 722 2985 omnino
738 2943 794 2985 non
811 2932 951 3001 tangeret,
980 2946 1049 3001 pru·
1104 2929 1234 3001 requiem
1248 2932 1330 2986 tuam
1354 2931 1439 3002 (Paul.
1455 2947 1530 2999 cmv,
1544 2932 1583 3004 7).
1601 2953 1616 2982 »
1632 2932 1669 2988 lit
1685 2953 1699 2982 a
1714 2928 1792 2987 lidae
1806 2925 1841 2982 de
1864 2937 1917 2980 eer-

221 3018 572 3091 donsauditoretjudex
588 3035 594 3074 :
612 3040 626 3068 «
653 3018 729 3074 Bene
748 3017 854 3091 inquit,
884 3017 967 3087 bene,
998 3017 1049 3074 sad
1103 3017 1311 3075 cereanimam
1327 3034 1422 3076 meam
1439 3019 1528 3092 (Psoi.
1544 3035 1618 3089 cam,
1633 3021 1676 3094 8),
1701 3007 1916 3074 »ctoeterehit

222 3121 281 3181 quc
294 3107 374 3164 istud
390 3111 450 3164 tam
466 3108 540 3164 bena
554 3108 595 3162 ‘ie
615 3106 744 3179 imperiti
760 3105 865 3162 medici
893 3107 929 3161 ad
945 3122 1048 3164 omnes
1103 3106 1222 3163 similia.
1238 3108 1382 3174 Tertium,
1399 3108 1478 3180 quod
1492 3109 1583 3178 dicat,
1599 3114 1627 3166 et
1657 3106 1808 3166 diabolum
1830 3105 1857 3159 et
1868 3099 1917 3156 da·

221 3194 373 3253 oculorum
388 3195 503 3252 dolores
518 3213 576 3251 uno
593 3193 858 3268 utunturcotlyrio.
883 3193 936 3259 Qui
952 3195 1049 3270 argui·
1064 3181 1086 3248 C
1103 3211 1208 3252 mones
1236 3202 1353 3254 acturos
1383 3197 1587 3270 penitentiam
1612 3197 1787 3272 aliquando,
1804 3194 1841 3249 et
1861 3202 1919 3246 oum

219 3285 313 3341 turin
329 3282 474 3358 pluribus,
491 3283 564 3340 etin
594 3283 737 3341 dilutione
760 3282 917 3340 criminum
946 3283 1047 3357 aliqua
1104 3284 1215 3340 sanctis
1231 3282 1480 3359 ultimatempore
1496 3290 1684 3360 regnaturos.
1703 3277 1918 3354 Quacumque

215 3372 575 3448 pretermititquidquid
591 3372 724 3440 tacuerit,
741 3372 905 3429 confitetur.
921 3372 964 3428 Αιι
988 3389 1047 3429 aon
1104 3373 1219 3430 tunicas
1246 3373 1382 3447 pelliceas
1410 3375 1541 3432 bumana
1555 3391 1681 3448 corpora
1718 3357 1918 3447 inurpaetur}

217 3463 397 3536 respondisti
412 3463 449 3519 ad
464 3461 617 3534 epistolam
631 3461 797 3534 lipiphanii,
814 3465 842 3517 et
870 3461 1047 3534 proposuisti
1104 3461 1211 3534 quibus
1226 3463 1447 3534 postoiiensam
1478 3469 1507 3521 et
1535 3465 1713 3536 ejectionem
1738 3465 1774 3522 de
1797 3456 1918 3536 pendito

218 3549 282 3623 ipsa
297 3569 361 3624 qua
376 3549 573 3608 dissolevres?
588 3549 734 3606 Nimirum
746 3549 800 3606 bac
815 3549 1048 3623 fiduciurespou·
1102 3551 1194 3608 Adam
1210 3555 1238 3608 et
1253 3549 1309 3608 lira
1322 3551 1418 3608 induti
1434 3551 1504 3620 sint,
1520 3553 1600 3610 baud
1616 3554 1744 3612 dubium
1756 3551 1804 3626 qui
1820 3551 1880 3606 anie
1891 3543 1918 3600 in

218 3639 289 3696 disti
306 3657 312 3696 :
330 3639 687 3696 Nulluetortiterasemet
708 3639 1046 3712 ipsoceditur.llligara
1102 3641 1238 3714 paradiso
1266 3640 1330 3697 aine
1355 3657 1451 3708 corna,
1482 3643 1577 3699 nervis
1601 3647 1631 3700 at
1659 3644 1781 3702 ossibus
1812 3635 1917 3695 laerte.

213 3728 344 3797 duobus,
361 3727 508 3801 quodvis.
525 3727 820 3800 Optiotibidabitur,
849 3731 901 3784 aut
924 3743 1046 3802 respon·
1100 3729 1254 3799 Quintum,
1283 3730 1360 3803 qnod
1386 3730 1483 3790 carnia
1515 3730 1746 3790 resurectionem
1783 3725 1918 3786 membro·

216 3816 285 3874 disti
301 3817 336 3873 ud
352 3815 505 3889 epistolam
521 3815 688 3889 Epiphanii,
717 3820 768 3871 aut
781 3833 852 3873 non.
868 3817 898 3873 Si
925 3833 1044 3892 respon·
1099 3835 1226 3892 rumque
1240 3825 1454 3894 compagem,et
1468 3836 1569 3877 sexum
1585 3837 1643 3894 quo
1657 3821 1715 3880 viri
1731 3817 1884 3878 dividimur
1903 3827 1920 3866 a

215 3903 293 3973 dieti,
308 3919 363 3960 cur
377 3904 505 3961 maxima
521 3909 550 3961 et
562 3904 690 3977 plurime
709 3905 754 3962 da
782 3905 829 3962 bis
844 3923 909 3978 quas
923 3907 978 3963 tihi
993 3908 1044 3964 ob·
1099 3908 1227 3976 feminis,
1255 3909 1441 3981 apertissime
1469 3913 1556 3984 neget
1571 3922 1583 3964 ι’
1593 3915 1653 3966 tum
1671 3909 1702 3968 in
1724 3901 1921 3980 explanatione

210 3991 292 4065 jecta
305 3997 385 4062 eunt,
402 3992 548 4065 reliquisti
564 3993 622 4050 ‘tsi
638 4011 696 4050 aon
718 3995 906 4068 respondisti,
922 3997 973 4054 ubi
1000 4001 1046 4054 est
1098 3997 1185 4069 primi
1201 3997 1317 4070 psalmi,
1343 4013 1432 4071 qaam
1459 3997 1489 4053 in
1517 3997 1584 4055 aliia
1609 3997 1728 4056 multis·
1746 3991 1920 4055 tractatibus.

212 4079 265 4138 illa
277 4081 418 4155 Apologia
431 4084 493 4150 tua,
510 4083 540 4138 in
557 4097 615 4154 qua
629 4082 764 4155 gloriaris
778 4084 856 4156 apud
871 4084 1041 4158 simplices:
1097 4087 1228 4152 Sextum,
1241 4085 1321 4158 quod
1337 4085 1379 4142 sic
1389 4086 1563 4158 paradisum
1576 4086 1757 4162 allegorizet,
1784 4088 1815 4142 ut
1838 4081 1919 4140 hiato

213 4169 525 4246 etquasi[rlt.quaml
557 4171 761 4245 ignorantibus
775 4189 906 4242 oausam,
936 4173 1041 4231 huoil·
1098 4173 1145 4229 riae
1162 4175 1274 4230 auferat
1288 4172 1459 4244 veritatem
1478 4191 1529 4248 pro
1544 4176 1700 4233 arboribus
1716 4173 1845 4252 angelos,
1870 4181 1918 4244 pm

212 4259 320 4333 tuoque
334 4260 511 4318 disseminas
526 4261 540 4317 i
1097 4261 1270 4318 dominibus
1285 4260 1407 4319 virtutes
1423 4263 1554 4322 celestes
1569 4265 1762 4340 intelligens:
1778 4268 1918 4332 tuumque

242 4350 275 4408 o.
292 4349 385 4406 lribau
400 4367 435 4407 ee
462 4354 519 4407 octo
541 4351 736 4423 questionibus
750 4350 861 4406 leonata
888 4351 1040 4422 respondet.
1095 4349 1223 4422 paradisi
1239 4351 1471 4409 continentiam¹
1493 4353 1675 4430 tropologica
1688 4350 1918 4430 interpretatione

211 4439 331 4496 *Octo
347 4438 399 4494 tibi
413 4439 457 4510 (ut
472 4437 573 4495 statim
589 4437 729 4510 probabo)
743 4437 779 4493 de
807 4453 858 4510 spe
878 4436 945 4494 fidei
960 4439 1040 4495 chri·
1096 4439 1255 4496 subvertat.
1273 4441 1633 4517 duscptimum,qnod
1655 4461 1761 4518 aquas,
1791 4455 1855 4518 que
1874 4449 1918 4495 ett-

211 4524 315 4582 sticum
329 4527 525 4598 questionum
540 4525 753 4598 capitascjecta
768 4525 1040 4585 euntTriataatum
1055 4541 1079 4610 ῃ
1095 4543 1146 4601 per
1162 4527 1250 4586 coelos
1264 4529 1294 4586 in
1307 4529 1468 4603 scripturis
1481 4547 1546 4589 esse
1574 4532 1725 4596 dicuntur.
1742 4535 1858 4591 saneim
1870 4539 1917 4584 ⁸⁰·

211 4611 352 4687 tangiset
367 4616 507 4685 prataria.
523 4615 554 4670 In
571 4613 683 4670 cteris
694 4613 804 4686 grande
819 4614 967 4672 silentium
985 4621 1040 4673 est.
1094 4632 1260 4690 paruasque
1281 4618 1414 4686 virtutes,
1446 4637 1512 4694 que
1541 4637 1630 4695 super
1656 4625 1771 4680 terram
1796 4625 1825 4680 et
1851 4615 1921 4674 intra

212 4703 245 4762 si
257 4704 293 4760 ad
308 4706 420 4775 septem
437 4702 660 4759 absolutissime
671 4702 883 4775 respondisses,
900 4704 1040 4764 herarem
1094 4709 1213 4774 terram,
1231 4708 1392 4764 contrarias
1407 4713 1436 4766 et
1450 4709 1646 4768 demoniacas
1673 4727 1740 4770 asae
1755 4710 1918 4770 arbitretur.

210 4797 308 4850 tamon
326 4793 378 4865 [lt.
395 4792 641 4864 tantumlinuno
658 4792 781 4848 crimine
807 4809 813 4848 :
843 4799 871 4850 et
897 4797 974 4868 qnod
998 4800 1040 4854 ta·
1094 4795 1245 4866 Octavum,
1278 4799 1356 4870 quud
1376 4803 1539 4856 extremum
1571 4800 1683 4872 objicit,
1707 4799 1871 4875 imaginem
1895 4794 1920 4850 et

210 4882 547 4950 cueras‚hooteoerem.
564 4880 963 4955 Nuacveroquasieuribus
991 4886 1038 4942 lu·
1093 4883 1319 4944 similitudinem
1335 4887 1396 4956 Dei,
1413 4888 1448 4944 nd
1480 4889 1672 4962 quambomo
1696 4887 1834 4949 conditus
1861 4885 1919 4943 ins-

209 5133 292 5186 uum,
326 5121 423 5178 Acaoii
441 5123 627 5181 Caesariensis
637 5123 736 5180 Ariani
764 5128 860 5195 partas
889 5126 1035 5198 tuebatur,
1090 5131 1215 5195 invenio,
1230 5129 1605 5202 mqueaewtineammcto.

208 5189 338 5258 tametsi,
363 5194 604 5274 utdpiphanius
625 5195 725 5263 tradit,
752 5194 814 5266 ipse
841 5196 922 5253 intus
950 5201 978 5253 et
1004 5198 1035 5255 in
1126 5199 1287 5274 ¹lntellige
1301 5216 1353 5272 pro
1369 5214 1403 5256 eo
1423 5202 1502 5273 quod
1516 5201 1548 5258 in
1571 5203 1701 5276 paradisi
1716 5198 1922 5259 historiaoori·

208 5259 467 5344 oordeoatholrcus
483 5271 568 5324 esset.
587 5265 676 5324 Paulo
704 5283 795 5338 supra
823 5284 874 5340 pro
902 5285 932 5324 m
947 5269 1034 5326 medio
1089 5270 1210 5338 tinetnr,
1227 5276 1255 5326 at
1280 5287 1315 5326 ue
1329 5276 1490 5327 enarratur.
1509 5274 1565 5330 lloc
1580 5289 1669 5331 sensu
1689 5270 1814 5331 Sinicius
1829 5284 1913 5350 pepe,

207 5331 306 5389 eserico
321 5336 384 5389 erat
396 5350 424 5388 m
441 5335 530 5390 reteri
545 5337 614 5417 edit.
631 5339 662 5392 ia
675 5337 777 5395 voees
792 5340 902 5396 cecilio.
1090 5341 1180 5414 Epist.
1199 5342 1236 5398 ad
1253 5287 1383 5398 riiversos
1398 5349 1499 5400 contra
1520 5345 1720 5415 turinianum,
1749 5343 1787 5402 ab
1801 5357 1836 5400 ao
1851 5337 1922 5396 dixit

244 5401 311 5458 Ἐκ
327 5404 425 5459 Graeco
442 5407 602 5474 proverbio,
627 5414 676 5462 τῶν
705 5416 773 5465 ereo
802 5417 852 5483 ἔχω
878 5420 921 5468 τὸν
947 5419 1033 5482 λύκον,
1089 5415 1154 5469 noui
1175 5429 1210 5468 uc¹
1238 5413 1335 5470 vetere
1364 5413 1527 5472 Testamenti
1551 5419 1751 5475 continentiam
1776 5408 1921 5486 praeverti,

207 5481 367 5557 ciir’utyro,
393 5483 444 5531 οὒτ’
470 5481 567 5556 &privar
594 5484 705 5546 δύναμαι,
750 5483 825 5550 qnod
868 5482 910 5538 sic
944 5484 1034 5541 torma
1088 5483 1921 5561 quodestdoctrinaminutroqueTestnmentoooniee·

206 5548 293 5602 vertat
307 5547 407 5602 batiae
421 5546 576 5603 Terentius
589 5545 706 5604 Phorm.
737 5567 779 5619 111,
800 5555 828 5621 2,
840 5553 872 5610 21
891 5571 898 5610 :
915 5555 1033 5613 Acritas
1087 5558 1148 5612 tam
1165 5555 1293 5613 absurde
1308 5555 1503 5630 interpretari.

208 5618 404 5702 ttoeetepum.
421 5619 493 5677 Nam
511 5633 598 5690 oeque
625 5619 757 5689 quoavodo
786 5637 870 5682 ame
895 5629 1031 5698 emittam,
