4056 6156
176 272 211 336 ii
912 269 1133 337 PRAEFATIO.
1259 282 1265 296 ¹
1832 272 1868 342 il

173 457 224 514 cta
252 470 291 514 ex
318 454 425 514 areca
454 451 562 514 Latine
592 451 744 526 redditus,
771 451 819 513 vel
849 451 989 514 nondum
1018 449 1269 530 Hieronymianis
1294 455 1489 513 accesserant
1512 469 1520 526 ;
1543 451 1646 532 qualis
1673 459 1720 515 est
1752 455 1784 517 S.
1815 457 1869 517 Pa·

173 549 289 611 chomii
311 549 421 629 regula
439 549 516 611 item
527 549 635 612 Latine
663 567 814 612 conuersa
836 567 875 610 ex
903 551 1024 622 Graeco,
1047 552 1081 609 ut
1109 563 1193 608 nunc
1216 546 1280 608 slis
1308 555 1504 627 praetcream,
1522 549 1584 610 huc
1608 550 1739 612 adscisci
1765 570 1867 632 operae

173 657 308 736 pretium
337 662 414 727 erat,
431 675 468 717 ex
499 675 598 738 eaque
627 658 815 736 scriptorum
840 655 1017 718 accessione
1045 653 1190 716 collectio
1218 652 1249 714 in
1278 654 1444 734 peculiaris
1479 655 1556 716 tomi
1585 657 1700 718 molem
1729 676 1868 722 accreve-

167 760 232 817 rat.
249 755 367 828 Altera,
397 754 482 834 quod
508 773 570 814 uno
595 759 726 834 excepto
754 754 835 814 libro
863 753 902 814 de
931 752 1145 830 Scriptoribus
1175 752 1409 825 Ecclesiasticis,
1425 753 1617 833 reliquorum
1645 755 1787 818 omnium
1812 757 1868 819 sar·

174 851 315 930 ruginem
336 851 411 912 sotis
431 857 561 913 venuste
590 870 652 912 non
681 852 722 912 ad
751 869 855 912 rerum
886 849 993 923 modo,
1015 849 1069 910 sed
1097 849 1138 911 acl
1167 854 1344 928 temporum
1363 867 1490 929 quoque
1517 850 1660 912 ordinem
1685 852 1827 933 digerere
1837 856 1867 918 in

174 955 324 1030 promptu
351 954 430 1011 erat.
447 948 600 1011 Nimirum
630 948 775 1010 universa
802 947 913 1009 isthaec
934 947 1086 1028 opusculo
1114 947 1145 1007 in
1174 947 1253 1008 duas
1282 946 1379 1008 veluti
1407 946 1520 1008 classes
1546 948 1729 1011 tribuuntur
1758 960 1867 1033 suapte

175 1053 311 1109 natura:
337 1047 388 1107 vel
417 1045 500 1108 enim
525 1047 657 1108 Ascetica
684 1051 767 1118 sunt,
797 1051 829 1106 et
855 1045 894 1106 de
923 1045 1150 1107 monachorum
1179 1044 1256 1106 Vitis
1275 1063 1312 1105 ac
1329 1043 1454 1122 Regalis
1469 1049 1616 1120 tractant,
1632 1047 1693 1121 vel,
1712 1068 1784 1129 quae
1803 1069 1867 1113 ma·

171 1143 274 1224 joram
303 1148 423 1223 partem
453 1141 605 1216 obtinent,
622 1141 782 1218 Potcmr'ca,
800 1149 834 1204 ut
855 1142 1058 1221 vulgarijam
1083 1141 1210 1204 nominc
1238 1141 1425 1218 audiunt,et
1453 1148 1565 1205 contra
1592 1145 1749 1207 variarum
1771 1147 1866 1212 baere·

174 1261 250 1304 seon
275 1241 452 1303 conditores
479 1239 668 1302 scribuntur.
686 1242 750 1301 Hac
778 1240 985 1320 materiarum
996 1239 1165 1320 partitione
1193 1240 1374 1312 constituta,
1390 1240 1449 1302 sibi
1465 1239 1589 1318 singula
1617 1245 1680 1302 tam
1709 1249 1784 1322 apte
1812 1265 1867 1325 per

174 1357 262 1401 susm
278 1356 413 1418 qumque
428 1342 554 1398 aetetem
569 1339 747 1414 succedent,
766 1343 801 1400 ut
816 1356 909 1419 quem
925 1337 1083 1398 nascendo
1098 1337 1289 1398 sortitasunt
1303 1337 1419 1411 locum,
1437 1337 1469 1398 in
1484 1336 1553 1416 ipsa
1566 1339 1746 1402 recensione
1761 1360 1867 1424 perpe·

82 1439 84 1448 ’
174 1441 230 1496 tuo
245 1439 383 1496 teneant.

214 1533 247 1595 Si
274 1552 291 1594 e
319 1533 473 1596 sententia
502 1533 694 1604 successerit,
711 1533 789 1594 benc
817 1533 952 1613 positam
975 1550 1103 1612 operam
1132 1531 1265 1595 studiosi
1292 1539 1404 1612 sponte
1430 1533 1658 1610 affirmabunt;
1672 1535 1741 1615 jam
1757 1556 1820 1617 quo
1837 1539 1868 1601 id

172 1635 264 1711 pacto
293 1631 488 1710 perfecerim,
507 1632 614 1712 paucis
641 1631 755 1694 indico.
774 1631 913 1693 Priorem
942 1630 1047 1692 locum
1076 1631 1214 1693 asceticis
1229 1630 1317 1691 libris
1336 1631 1419 1708 dedi,
1435 1635 1501 1692 tum
1518 1630 1558 1693 ob
1577 1635 1756 1712 argumenti
1771 1655 1867 1716 prass-

172 1729 305 1791 tantiam
333 1747 369 1790 ac
398 1728 593 1808 dignitatem,
611 1734 677 1790 tum
706 1747 743 1790 ea
770 1728 865 1789 etiam
887 1729 925 1790 de
954 1746 1061 1802 causa,
1089 1728 1176 1808 quod
1199 1747 1218 1788 e
1245 1727 1276 1787 S.
1306 1727 1400 1790 Pauli
1427 1727 1522 1807 primi
1550 1729 1689 1792 eremitae
1725 1732 1791 1794 Vita
1819 1735 1878 1795 in-·

173 1827 337 1903 choentur‚
366 1845 437 1906 quae
466 1827 603 1906 reliquas
630 1845 739 1888 omnes
762 1827 1023 1906 Hieronymianas
1052 1826 1315 1901 elucubrationes,
1346 1827 1415 1906 ipso
1443 1831 1572 1888 auctore
1600 1832 1689 1902 leste,
1720 1833 1869 1911 temporis

175 1923 325 2001 suffragio
354 1924 532 1986 antevertit.
565 1924 807 2002 subsequuntur
834 1922 949 1984 Haloti
987 1932 1015 1984 et
1055 1921 1225 1986 Hilarionis
1253 1923 1323 1984 duae
1360 1923 1455 1997 elice3
1483 1929 1550 1986 tum
1574 1923 1608 1985 S.
1639 1925 1798 1990 Pachumii
1821 1947 1867 1992 rc·

175 2021 258 2102 quta,
275 2019 406 2101 ejusque
420 2018 564 2102 Epistola
591 2026 623 2080 et
654 2019 747 2081 Verba
774 2020 910 2102 mystice,
940 2039 1011 2100 quae
1039 2023 1071 2083 S.
1097 2024 1212 2082 Ductor
1234 2021 1349 2082 Latine
1376 2021 1492 2082 retudit
1512 2039 1550 2082 er
1580 2023 1688 2085 Graeca
1720 2025 1870 2106 interpre-

175 2119 304 2195 tatione,
337 2137 420 2180 nunc
446 2119 585 2198 primum
613 2117 682 2196 ejus
709 2136 841 2198 operum
864 2119 1049 2180 collectioni
1077 2119 1241 2188 accedunt,
1271 2125 1303 2180 et
1330 2119 1467 2197 priorem
1496 2119 1869 2203 bancpartemexplent.

175 2219 280 2279 Unum
301 2215 403 2278 habeo
432 2216 516 2296 quod
545 2215 648 2276 adbuc
674 2213 712 2274 de
730 2213 792 2275 illis
820 2233 1043 2293 praemoneam
1075 2215 1290 2294 aenigmsticas
1319 2234 1432 2296 nempe
1461 2216 1610 2296 loquendi
1638 2218 1801 2297 formulas,
1820 2223 1874 2289 ubi

175 2313 290 2376 classes
318 2314 544 2375 monachorum
574 2312 778 2391 designantur
805 2329 861 2390 per
902 2313 1022 2374 litteras
1041 2312 1335 2392 Graeci-alphabeti,
1366 2332 1501 2394 quaeque
1530 2315 1660 2394 mystico
1689 2318 1786 2381 verba
1821 2321 1866 2381 in·

174 2411 376 2486 scribuntur;
405 2429 425 2473 a
450 2409 613 2472 Kircbcrio
636 2411 669 2470 in
687 2409 851 2471 Prodromi
880 2415 911 2470 ct
936 2411 1039 2472 Lexici
1066 2411 1156 2490 Copti
1183 2410 1403 2490 supplemento
1427 2412 1582 2473 curiosius
1605 2414 1767 2494 explicari,
1780 2419 1865 2497 quod

175 2511 244 2592 ejus
277 2509 547 2589 interpretationis
571 2507 668 2569 homo
710 2507 843 2586 cupidus
885 2509 1041 2570 consulet.
1072 2507 1193 2569 llxinde
1231 2509 1360 2570 alterius
1400 2509 1524 2588 generis
1557 2510 1675 2592 scripto
1699 2513 1865 2594 incipiunt,

175 2629 247 2694 quae
272 2613 382 2670 contro
410 2607 574 2667 baereticos
610 2607 675 2666 sive
704 2603 925 2666 baereticorum
959 2611 1110 2685 patronos
1137 2605 1251 2666 acriori
1277 2606 1359 2685 stylo
1384 2611 1567 2682 exarantur,
1595 2613 1629 2668 et
1656 2616 1775 2688 quanta
1803 2612 1866 2674 lue·

174 2711 217 2772 rlt
243 2708 275 2770 in
304 2706 371 2786 ipso
402 2710 512 2765 contre
540 2703 614 2764 fidei
642 2701 748 2763 hostes
775 2703 946 2764 certamine
979 2704 1011 2764 S.
1041 2704 1184 2764 Doctoris
1211 2703 1318 2776 virtus,
1347 2721 1418 2782 quae
1452 2704 1535 2764 intre
1564 2703 1687 2766 cellulae
1728 2707 1864 2786 parietes

175 2811 298 2873 tantum
332 2802 475 2864 docendo
502 2797 660 2874 excelluit,
691 2799 939 2861 luculentissimo
972 2801 1116 2880 exemplo
1145 2804 1229 2860 sunt.
1259 2801 1380 2861 Primus
1407 2801 1544 2862 occurrit
1573 2801 1700 2884 Dydc'mi
1731 2805 1864 2882 liberde

174 2903 293 2989 Spiritu
321 2907 429 2962 sarrcto
457 2898 497 2960 ab
522 2899 590 2978 ipso
617 2897 727 2959 Latine
751 2898 925 2980 explicatus
955 2914 972 2958 a
1006 2899 1123 2972 Graeco,
1148 2903 1243 2978 atquc
1277 2897 1330 2958 illo
1365 2897 1493 2978 quidem
1526 2898 1695 2978 singularis
1733 2921 1797 2964 una
1837 2908 1870 2964 et

176 3003 327 3068 continua
354 2997 445 3070 serie,
476 3015 538 3057 nan
563 3000 598 3057 ut
622 2995 776 3057 hactenus
815 2995 997 3057 obtinuerat
1029 2995 1128 3056 stulto
1154 2995 1293 3074 quadam
1325 3001 1480 3086 asprepytqc
1521 2995 1552 3055 in
1582 3002 1645 3056 tres
1673 2996 1870 3062 distributus.

175 3102 330 3168 Scribitur
356 3103 459 3157 contra
487 3093 699 3154 nonnullorum
727 3102 886 3154 courmcata
929 3093 1009 3153 circa
1051 3091 1202 3174 Spiritum
1225 3101 1368 3167 sanctam,
1393 3111 1458 3174 qaae
1484 3113 1577 3174 neque
1631 3095 1663 3155 ia
1703 3095 1870 3180 Scriptoris

176 3204 263 3274 tecta,
293 3213 385 3278 aeque
411 3213 431 3255 a
457 3209 605 3272 quoquam
639 3192 897 3253 ecclesiasticorum
940 3199 1069 3250 aeteram
1108 3191 1229 3270 fuerant
1269 3199 1443 3270 usurpata3
1473 3197 1567 3271 atque
1595 3193 1678 3254 banc
1716 3213 1779 3256 non
1823 3197 1874 3258 Di-

175 3303 273 3382 dymo
301 3293 428 3376 quidem
452 3290 619 3364 scribendi,
649 3290 703 3351 sed
731 3291 921 3368 Hieronymo
950 3305 1076 3348 causam
1101 3287 1255 3348 exstitIsse
1283 3287 1523 3368 interpretandi,
1553 3290 1637 3351 docti
1663 3291 1792 3373 quidam
1811 3293 1871 3356 viri

178 3399 356 3465 autumant.
386 3387 535 3470 Sequitur
563 3387 751 3450 luciferiani
776 3395 807 3450 et
835 3385 1011 3448 orthodoxi
1040 3385 1211 3458 altercatio,
1237 3404 1309 3464 quse
1332 3391 1363 3447 et
1390 3385 1545 3464 superiori
1574 3387 1655 3449 libro
1682 3388 1721 3450 de
1747 3396 1872 3472 tempo-

176 3515 246 3562 rum
276 3488 425 3556 amussim
452 3486 596 3566 praeponi
629 3486 790 3559 debuerat,
820 3485 985 3546 nisi'tunc
1011 3483 1068 3544 illa
1105 3484 1204 3563 magis
1231 3484 1385 3546 arrisisset
1414 3483 1504 3554 ratio,
1542 3503 1613 3562 quas
1639 3486 1680 3546 ab
1720 3486 1869 3569 auctoris,

175 3613 273 3681 quam
300 3609 371 3672 quae
398 3605 435 3648 ex
462 3583 641 3664 interpretis
666 3590 757 3646 aetate
782 3583 918 3644 ducitur.
942 3583 1030 3642 Hanc
1057 3581 1219 3662 excipiunt
1247 3582 1326 3642 liber
1353 3591 1455 3642 contra
1478 3581 1651 3644 Heluidium
1677 3583 1715 3645 de
1744 3586 1870 3666 virgini-

175 3701 240 3759 tate
266 3689 372 3756 Mane
408 3687 586 3764 perpetua:
625 3688 656 3743 et
682 3681 745 3742 duo
768 3690 873 3741 contra
902 3679 1102 3752 quimbaam,
1133 3698 1196 3761 quo
1236 3679 1275 3741 de
1311 3679 1439 3742 bomine
1471 3699 1543 3742 cum
1582 3682 1682 3743 multa
1719 3685 1870 3762 praelatus

174 3792 301 3864 luerim,
329 3802 428 3847 unum
457 3781 517 3842 hoc
545 3784 698 3859 praeterce
723 3779 863 3859 suppetit
892 3778 1133 3839 annotandum:
1161 3777 1262 3858 legem
1287 3784 1398 3839 contra
1436 3796 1509 3839 eum
1534 3779 1632 3840 letam
1670 3781 1808 3842 Honorio
1836 3799 1870 3844 1¹

175 3897 207 3954 et
233 3883 410 3950 Theodosio
440 3899 457 3941 v
482 3881 507 3938 Α
535 3879 572 3937 A.
603 3895 696 3950 coss,
719 3876 784 3937 sive
813 3894 896 3937 anno
919 3877 990 3953 lla,
1020 3894 1090 3956 quae
1119 3881 1150 3936 et
1174 3876 1205 3936 in
1234 3874 1485 3954 Hieronymianis
1513 3875 1635 3956 aliquot
1662 3895 1736 3938 mss.
1763 3879 1874 3941 incal-

175 4006 211 4051 ce
240 3984 309 4065 ejus
332 3979 436 4061 operis
464 3974 634 4050 iuvenitur,
656 3979 688 4033 et
715 3974 745 4035 in
771 3973 991 4036 Theodosiana
1018 3974 1087 4034 cod.
1115 3971 1198 4034 titul.
1227 3973 1257 4034 5.
1283 3970 1319 4032 de
1341 3971 1506 4048 Haereticis,
1535 3973 1598 4052 leg.
1629 3975 1681 4048 53,
1710 3994 1732 4037 a
1760 3976 1800 4037 cl.
1817 3979 1876 4040 Go-

175 4082 321 4148 thofredo
350 4079 540 4148 recensetur,
565 4071 740 4154 suspicatus
762 4090 831 4132 sum
859 4077 915 4134 out
943 4071 1175 4152 supposititiam
1196 4087 1273 4144 esse,
1291 4075 1346 4130 aut
1374 4069 1459 4150 quod
1474 4071 1675 4133 verisimilius
1695 4073 1871 4136 etiamnum

175 4189 265 4268 puto,
286 4179 319 4240 in
348 4172 487 4236 haeretici
515 4175 626 4232 contra
654 4187 748 4250 quem
784 4171 954 4250 irrogatur,
988 4167 1116 4229 nominc
1145 4169 1360 4248 depravatam,
1398 4166 1476 4230 salso
1499 4169 1702 4232 turinianum
1740 4174 1873 4252 praelcr·

175 4303 220 4347 re.
247 4272 448 4358 Argumentis
470 4271 514 4331 ibi
541 4289 578 4330 ex
607 4269 798 4347 Hieronymo
831 4267 988 4340 adductis,
1027 4265 1240 4328 testimonium
1274 4264 1371 4326 hocce
1399 4266 1534 4327 alterum
1572 4266 1653 4328 adde
1682 4287 1721 4330 ex
1749 4271 1872 4333 Genna-

174 4382 238 4456 dio,
268 4394 337 4455 cap.
368 4375 406 4431 75
435 4370 468 4429 in
501 4366 615 4439 Paulo,
644 4365 697 4425 ubi
724 4363 879 4424 Jaoimam'
904 4363 1038 4424 heretici
1056 4363 1209 4438 meminit,
1235 4362 1420 4444 voluptatum
1448 4381 1483 4424 ac
1522 4361 1655 4424 libidinis
1693 4365 1873 4446 praedicato·

173 4480 228 4548 ris,
258 4475 309 4536 cui
327 4474 357 4532 in
386 4476 500 4529 tanturn
524 4461 698 4526 continentis
727 4461 793 4520 uitas
818 4469 846 4520 et
869 4470 952 4522 custus
981 4461 1125 4522 institutio
1147 4461 1298 4523 contraria
1324 4461 1395 4540 suit,
1425 4469 1459 4522 at
1485 4462 1563 4522 inter
1600 4460 1769 4526 luxuriosas
1802 4485 1876 4547 epa·

174 4575 217 4640 Ius
240 4573 372 4636 citimam
395 4570 553 4627 eructaret.
582 4560 628 4620 Ex
657 4559 715 4620 boc
738 4576 862 4618 rursum
891 4559 1060 4636 constabit,
1091 4557 1273 4621 haereticum
1302 4577 1365 4618 non
1392 4558 1425 4619 in
1454 4559 1618 4620 Dalmatiae
1654 4559 1758 4622 insula
1786 4565 1873 4626 exsi-

173 4674 222 4736 liis
250 4670 347 4740 clera,
378 4671 412 4726 ut
435 4666 496 4723 Lex
521 4659 624 4738 jubet,
654 4655 824 4737 plumbatis
853 4674 967 4716 caesum
995 4675 1204 4719 aerumnosam
1233 4657 1329 4717 vitam
1359 4655 1501 4725 traxisse,
1538 4659 1591 4718 sed
1620 4659 1793 4722 consertam
1818 4680 1875 4724 vo-

173 4770 328 4842 luptatum
365 4759 505 4824 amnium
534 4755 684 4816 varietate
714 4754 878 4814 mediisin
906 4754 1027 4815 deliciis
1052 4755 1189 4815 animam
1227 4755 1402 4815 evomuisse
1431 4772 1503 4815 cum
1546 4755 1686 4835 crapula.
1716 4759 1786 4819 lam
1818 4777 1876 4820 ve-

173 4887 208 4931 ro
236 4863 408 4930 succedunt
439 4867 542 4919 caretro
576 4853 770 4934 Vr'pitantram
800 4852 923 4914 libellus
954 4871 1011 4932 pro
1040 4855 1225 4914 Sanctorum
1255 4854 1342 4914 cultu
1372 4852 1575 4931 acretiquiis,
1603 4860 1698 4934 etque
1722 4856 1802 4917 alius
1824 4857 1876 4918 iu-

172 4964 247 5034 siori
271 4964 392 5026 calamo
426 4960 572 5018 exaratus
604 4961 708 5012 contra
735 4949 880 5010 Jaarrncm
913 4949 1227 5031 Hier-asclepiadaeum,
1258 4950 1455 5028 Origcniauae
1480 4949 1623 5011 sectionis
1658 4951 1872 5037 primmdum,

171 5065 273 5142 Atque
301 5059 385 5120 hunc
418 5071 545 5136 quoque
571 5050 687 5110 librum
716 5047 762 5108 illi
797 5048 945 5127 proelerre
983 5049 1127 5109 videatur
1162 5049 1272 5120 aetatis,
1300 5065 1396 5126 quarn
1432 5054 1556 5126 egomet
1589 5065 1707 5122 assero,
1752 5073 1875 5133 praero.

171 5161 302 5240 μῆνας
333 5155 386 5216 sed
408 5152 534 5232 quando
564 5152 666 5210 varias
696 5147 754 5207 bac
779 5147 817 5205 de
847 5165 879 5206 re
912 5145 1083 5206 sententias
1113 5147 1217 5207 ierunt
1244 5145 1368 5216 cruditi,
1398 5145 1464 5223 ipsc
1493 5153 1598 5206 urucas
1628 5147 1707 5209 liber
1741 5171 1798 5214 nec
1827 5157 1873 5218 ad

172 5259 267 5318 finem
296 5271 394 5334 usquc
423 5250 592 5330 perductus
615 5247 655 5306 ab
684 5250 811 5306 auctore
838 5249 895 5317 est,
927 5243 986 5303 nisi
1018 5244 1116 5303 multo
1145 5250 1214 5324 post
1242 5242 1280 5302 ud
1307 5241 1394 5320 vulgi
1419 5261 1530 5301 ananus
1558 5243 1743 5319 devenit,ut
1771 5252 1872 5314 etiam

173 5355 321 5417 Rufinum
349 5352 542 5431 quaerentem
571 5344 603 5404 in
633 5343 735 5422 scirpo
756 5343 873 5402 nodum
899 5341 1048 5415 latuerit;
1080 5341 1110 5400 in
1139 5359 1234 5418 quam
1250 5339 1383 5418 quisque
1412 5340 1502 5400 malit
1516 5339 1696 5418 opinionem
1714 5350 1873 5411 concede-

173 5469 219 5526 re,
243 5452 399 5528 integrum
437 5445 496 5506 boc
525 5442 593 5521 ipso
617 5440 727 5501 ordine
752 5440 916 5501 reservavi.
949 5440 1107 5501 subnecto
1145 5435 1366 5518 Apologeticos
1394 5442 1456 5497 tres
1482 5445 1587 5498 corrtru
1611 5437 1765 5522 Rufinum,
1796 5449 1874 5528 qui-

172 5550 232 5626 bus
258 5548 424 5636 ipsiusmet
455 5538 662 5626 Aquileiensis
690 5538 865 5626 presbyteri
889 5539 928 5602 ad
963 5539 1154 5605 Anastasianas
1193 5554 1308 5622 papam
1346 5533 1543 5629 Apologiam,
1577 5541 1672 5618 atque
1706 5539 1803 5624 hujus
1831 5543 1879 5614 ad

1871 5725 1996 5900 52..ss
