4056 6156
241 237 286 312 bi
862 233 898 304 S.
919 231 1077 304 nonnuli
1096 228 1330 306 mutantur.
1907 245 1944 314 a!

248 385 293 442 est
314 375 462 455 omnibns,
477 381 600 443 credens
627 379 658 439 in
684 381 841 441 Dominum
867 383 984 455 iesum,
1009 395 1067 442 non
1083 372 1269 442 Anuevorat·
1285 378 1360 444 Ouid
1376 377 1431 452 [Al-
1455 376 1629 438 multllm!-
1653 377 1739 454 Quid]
1759 379 1869 442 reses
1882 382 1942 443 dit·

247 474 316 532 circi
328 461 491 542 lareribus,
507 491 565 531 non
589 490 683 534 arene
709 472 863 549 sanguine,
879 493 937 531 non
961 474 1068 532 theatri
1122 467 1229 525 bolus?
1257 485 1314 540 quo
1342 485 1375 526 ss
1402 468 1545 527 verteret?
1572 469 1626 538 Qui
1659 468 1840 544 gloriabatur
1867 479 1942 544 anta,

245 563 364 622 luxuria
387 563 600 622 delectabatur:
631 566 682 622 sed
708 569 769 621 tota
796 564 839 620 illi
860 563 1065 636 voluntasplt.
1122 557 1242 613 dietus:
1267 561 1298 615 ln
1337 559 1434 615 celum
1459 559 1614 630 mumdum,
1647 573 1730 634 super
1763 561 1854 621 eslim
1883 565 1943 623 coeii

244 653 389 727 uoluptas]
404 653 434 710 in
449 653 582 711 Ecclesie
597 657 659 710 erat
672 653 905 728 congregatione.
1119 663 1221 720 ponam
1236 648 1365 705 tironum
1375 665 1477 720 nuum,
1493 654 1520 706 ct
1534 663 1580 707 cro
1602 649 1704 708 rimulis
1718 649 1859 710 licuitne
1874 653 1941 726 (iso.

281 744 308 800 3.
324 743 452 802 Audiens
476 747 661 801 autemtunc
685 743 797 801 celebre
820 761 927 802 nomen
937 745 1066 813 Antonii,
1120 752 1178 804 ΣΝ,
1195 737 1252 808 ¹¹¹1)
1266 737 1403 794 &tinebit
1421 753 1452 794 ⁸0
1464 738 1542 795 vimi
1565 754 1582 796 ἃ
1602 755 1703 812 linem,
1719 744 1748 796 02
1761 739 1844 814 prius
1857 741 1893 800 ab
1910 760 1941 800 ⁰⁰

246 833 323 906 quod
339 850 391 906 per
406 849 509 890 omnes
524 831 638 908 AEgypti
653 832 777 908 populos
793 835 949 906 terebatur,
966 835 1067 891 incen-
1121 825 1265 884 calcatum
1281 827 1380 906 luisse,
1397 843 1486 902 quam
1501 845 1554 902 per
1565 831 1679 886 etatem
1695 845 1814 904 peccare
1828 829 1940 906 potuis-

244 937 296 979 sns
310 921 423 978 risendi
443 922 506 993 ejus
527 921 635 992 studio,
660 922 785 995 perrexit
809 923 846 980 ad
866 939 1008 980 eremum.
1031 923 1067 982 Et
1120 921 1174 974 set.

244 1011 344 1067 statim
360 1015 392 1067 ut
407 1026 475 1066 eum
489 1010 571 1073 vidit.
588 1014 701 1067 mutato
723 1010 845 1082 pristino
865 1011 979 1080 habitu,
996 1011 1067 1069 duo·
1157 1009 1207 1066 tu
1222 1007 1249 1064 5.
1274 1006 1452 1066 'titillabat'
1479 1009 1577 1082 itaque
1606 1025 1712 1066 sensus
1737 1009 1813 1082 ejus,
1837 1014 1867 1068 et
1888 1025 1940 1084 pu-

243 1099 300 1156 bus
316 1099 377 1173 [rna
393 1097 499 1170 tribus]
512 1099 562 1156 rs
574 1099 633 1155 iere
648 1099 892 1172 mensibusjurta
906 1115 973 1158 eum
985 1118 1067 1157 mun·
1119 1096 1250 1154 bescenti
1265 1097 1379 1169 corpori
1394 1095 1481 1153 solita
1492 1095 1677 1170 voluptatum
1688 1097 1825 1156 incendis
1840 1113 1942 1173 sugge-

244 1187 292 1256 sit,
324 1187 527 1260 contemplans
551 1187 683 1244 ordinem
713 1188 779 1245 vite
798 1191 863 1261 ejus
891 1206 1066 1263 morumque
1119 1187 1213 1244 rebat.
1232 1187 1394 1259 cogebatur
1409 1186 1574 1244 tirunculus
1590 1185 1699 1244 Christi
1721 1187 1850 1261 cogitare
1864 1187 1938 1262 quod

131 1295 135 1304 ·
242 1276 416 1350 grauitatem
437 1292 548 1349 :quam
570 1277 671 1334 creber
693 1279 723 1333 iu
742 1279 882 1349 oratione,
899 1295 988 1352 quam
1010 1279 1064 1334 bu·
1120 1274 1276 1342 nesciebat,
1292 1277 1395 1347 atejus
1410 1274 1562 1334 reianimo
1572 1291 1711 1348 pompam
1723 1276 1846 1346 volvere,
1856 1278 1939 1352 cujus

244 1363 324 1422 milis
352 1365 382 1422 in
411 1363 607 1438 suscipiendis
631 1367 781 1434 iratribus,
798 1384 916 1424 severus
945 1368 976 1424 in
1001 1385 1064 1426 cor·
1119 1363 1318 1436 experimenta
1347 1381 1405 1423 non
1429 1366 1561 1422 novarat.
1589 1363 1684 1423 Iratus
1708 1364 1888 1438 itaquesibi,
1913 1371 1941 1422 ct

242 1452 394 1527 ripiendis,
419 1452 516 1511 alacer
528 1454 559 1510 in
573 1454 763 1513 exhortandis
784 1461 880 1514 esset:
904 1463 933 1514 et
948 1463 980 1516 ut
995 1474 1063 1514 con·
1117 1457 1220 1526 pectus
1230 1453 1339 1527 pugnis
1363 1453 1522 1512 verberans
1538 1455 1635 1526 (quasi
1659 1451 1851 1528 cogitationes
1864 1455 1940 1514 cede

241 1541 406 1606 tinentiam,
423 1541 539 1616 cibique
554 1545 619 1616 ejus
634 1546 821 1618 asperitatem
837 1547 918 1605 nulla
932 1561 1063 1620 unquam
1118 1558 1225 1598 manus
1247 1545 1346 1616 posset
1372 1541 1553 1616 excluderet:
1579 1543 1663 1616 lingo,
1688 1542 1796 1616 inquit,
1813 1542 1903 1604 aselle
1917 1545 1938 1611 ⁸,

242 1630 400 1687 intirmitas
429 1629 585 1704 frangeret.
615 1633 704 1691 Porro
730 1635 924 1707 frequentiam
950 1653 1061 1705 eorum,
1118 1630 1234 1700 taciem,
1251 1634 1352 1687 utnon
1368 1629 1519 1688 calcitres:
1536 1647 1590 1688 nec
1609 1636 1638 1689 te
1659 1630 1767 1689 hordeo
1784 1631 1873 1702 alam,
1885 1633 1939 1689 ssd

243 1718 295 1791 qui
323 1719 358 1775 nd
388 1735 454 1776 oum
478 1721 515 1777 ob
538 1722 633 1779 varias
656 1719 1068 1812 passiop'qsffplitfintpetus
1114 1719 1336 1804 paleipggl'pme
1350 1724 1378 1776 te
1402 1720 1556 1776 conficiam
1581 1723 1610 1778 et
1633 1719 1700 1777 siti:
1717 1719 1798 1794 gravi
1813 1721 1939 1778 onerabo

240 1808 410 1864 damnum
433 1810 657 1880 concurrebant,
683 1807 846 1870 staffines
866 1797 1083 1883 neeesse:
1095 1796 1333 1897 :cenwine
1344 1812 1436 1865 estus
1454 1808 1601 1882 termeno
1614 1812 1645 1865 at
1658 1809 1778 1881 neore,
1797 1813 1828 1866 ut
1840 1809 1939 1868 ,enum

242 1911 406 1969 congruum
422 1897 696 1972 esscducens‚pati
712 1900 742 1956 in
767 1919 865 1958 eremo
885 1903 1008 1976 populos
1024 1906 1064 1962 oi·
1118 1898 1216 1970 polim
1240 1884 1329 1970 quani
1354 1896 1504 1954 lentitiam
1532 1897 1651 1971 cogites·
1681 1896 1843 1956 Herbarum
1872 1915 1938 1972 ergo

241 1984 382 2040 vitatum:
413 1985 513 2057 sicque
541 1986 597 2044 sibi
627 1979 954 2072 magrist'run'pn'elqdudu
966 1998 1072 2064 ·ipsse‚·,
1087 1985 1465 2075 ,quqopqtpan-eispariois
1475 1990 1541 2059 post
1551 1986 1682 2042 triduum
1693 1985 1738 2043 vel
1749 1986 1937 2059 quatriduum

241 2076 274 2129 ut
289 2072 424 2146 caepisset
438 2075 602 2144 Antonius;
628 2074 712 2134 illuni
724 2060 1090 2152 'qia‘siirtmmuiaem'f
1117 2064 1309 2162 ρθΰξπὶῐξθω·
1317 2058 1447 2142 &fillium
1463 2075 1656 2146 flusleulabub
1672 2091 1760 2131 orans
1776 2075 1939 2149 frequentur

240 2159 368 2218 victorin
398 2161 518 2234 premia
546 2165 695 2236 accipere:
726 2184 757 2224 se
786 2168 913 2224 necdum
938 2169 1063 2227 militare
1117 2170 1146 2222 et
1166 2163 1306 2238 psallens,
1328 2146 1483 2220 et'iastro
1509 2163 1632 2220 humum
1658 2163 1783 2231 fodiens,
1805 2168 1839 2220 ut
1857 2165 1936 2236 Jeju-

241 2251 382 2323 coepisse;
399 2268 531 2308 reversus
554 2256 599 2308 est
618 2270 685 2309 curn
707 2255 884 2326 quibusdam
910 2259 1062 2317 monachis
1118 2255 1234 2310 nicrum
1254 2253 1383 2310 laborem
1408 2253 1490 2309 labor
1511 2251 1606 2325 operis
1632 2250 1803 2325 duplicaret.
1829 2251 1936 2310 Simul·

240 2338 276 2395 ed
292 2339 437 2412 patriam;
462 2343 491 2396 et
510 2340 680 2412 parentibus
691 2343 754 2414 jam
779 2344 936 2415 defunctis,
949 2352 1062 2419 partem
1117 2359 1174 2415 quc
1197 2341 1323 2398 fiscellas
1339 2343 1430 2412 junco
1452 2345 1572 2402 wreus.
1588 2339 1783 2396 emulabatur
1807 2341 1935 2414 AEgptio·

240 2427 410 2484 substantiae
425 2427 576 2499 iratribus,
600 2435 713 2503 partem
734 2433 914 2505 pauperibus
940 2434 1062 2508 largitus
1115 2448 1182 2488 rum
1204 2430 1414 2488 monachorum
1443 2427 1640 2501 disciplinam,
1661 2433 1690 2484 et
1715 2428 1845 2503 Apostoli
1866 2445 1934 2486 san·

239 2516 380 2584 estnihil
395 2517 451 2574 sibi
475 2519 595 2575 omnino
618 2536 780 2586 reservans,
805 2526 834 2578 et
856 2522 964 2580 timens
988 2525 1060 2582 illud
1115 2521 1248 2586 lentium,
1274 2519 1420 2575 dicentii?
1445 2519 1497 2587 Qui
1522 2525 1615 2574 ‘tillem
1638 2533 1692 2575 '20²¹
1716 2521 1856 2588 overatur,
1881 2533 1936 2576 Μ

239 2603 275 2662 de
287 2605 408 2661 Actibus
422 2605 638 2678 Apostolorum,
663 2609 781 2666 Ananis
804 2613 833 2666 et
854 2611 1003 2684 Sepphirae
1018 2613 1062 2668 vel
1114 2609 1265 2665 manducet
1284 2609 1319 2674 (ll
1343 2609 1430 2664 Thess.
1457 2624 1499 2676 ur,
1518 2607 1581 2678 sci:
1603 2606 1645 2662 sic
1668 2610 1847 2676 attenuatus,
1862 2611 1891 2664 et
1903 2607 1933 2663 in

238 2691 415 2764 exemplum,
441 2694 486 2749 uel
511 2694 710 2766 supplicium:
736 2697 920 2771 meximeque
944 2700 1062 2758 Domini
1115 2701 1229 2754 tantum
1246 2713 1330 2752 exeso
1346 2711 1474 2766 corpore,
1492 2699 1524 2750 ut
1539 2695 1656 2751 ossibus
1671 2695 1718 2750 vix
1733 2695 1862 2752 hereret.

238 2796 361 2848 memor,
386 2780 524 2838 dicentis:
552 2783 606 2850 Qui
632 2799 688 2842 non
711 2788 912 2844 renuntiaverit
935 2790 1061 2846 omnibus
1150 2788 1177 2842 e.
1194 2785 1325 2852 Quadam
1334 2787 1426 2851 noem,
1435 2783 1580 2839 intantum
1593 2783 1680 2856 caepit
1691 2781 1793 2841 audire
1807 2784 1933 2856 vagitus,

237 2885 298 2942 puae
326 2868 417 2937 iubet,
443 2885 499 2926 aon
518 2879 604 2942 potest
624 2887 701 2928 meur
726 2889 781 2930 esre
807 2873 959 2948 disciputus
984 2879 1058 2948 (tiu.
1115 2873 1230 2931 balatus
1244 2887 1409 2946 peccorum,
1425 2870 1555 2945 mumius
1571 2871 1670 2940 boam,
1684 2871 1834 2944 planctum
1849 2872 1935 2945 quasi

237 2973 296 3026 xiv,
313 2958 370 3031 33).
387 2959 456 3016 Erat
469 2963 567 3016 autam
582 2964 653 3018 tunc
667 2979 810 3018 annorum
823 2964 999 3036 quindecim.
1013 2968 1060 3026 Sic
1114 2963 1355 3020 muliercularum
1381 2962 1432 3030 [ii.
1454 2959 1634 3032 mulieruml,
1661 2959 1780 3018 leonum
1807 2959 1934 3034 rumbis.

236 3046 346 3114 nudus,
375 3052 405 3104 st
426 3052 559 3104 armatus
581 3049 611 3104 in
627 3049 751 3117 Christo,
776 3051 974 3118 solitudinem.
996 3073 1059 3130 que
1117 3067 1251 3110 murmur
1263 3051 1417 3118 exereitus,
1442 3054 1471 3106 et
1493 3049 1618 3106 rursusi
1638 3048 1787 3106 variarum
1801 3053 1936 3122 portenta

236 3133 267 3190 in
282 3135 409 3208 septimo
425 3135 562 3195 milliario
577 3155 594 3194 a
610 3138 757 3211 Maioma¹
771 3140 852 3198 Gaza
868 3144 997 3215 emporio
1010 3109 1097 3219 perC
1114 3159 1230 3209 vocum,
1247 3144 1278 3197 ut
1293 3147 1359 3196 ante
1374 3138 1472 3196 sonitu
1486 3154 1575 3212 quam
1585 3141 1707 3210 aspectu
1720 3137 1842 3194 territus
1855 3137 1936 3200 eade-

235 3221 321 3281 littus
332 3224 472 3282 euntibus
502 3225 669 3298 AEgyptum,
686 3230 721 3285 ad
735 3228 837 3286 levam
862 3232 997 3300 flectitur,
1015 3235 1059 3290 in·
1114 3237 1168 3288 ret.
1186 3229 1332 3287 intellexit
1350 3229 1518 3286 demonum
1542 3225 1695 3284 ludibria:
1715 3229 1745 3283 et
1766 3224 1935 3300 provolutus

234 3326 356 3384 gressus
382 3316 437 3370 cst.
462 3314 596 3386 (tumque
628 3321 727 3374 essent
754 3324 875 3378 cruenta
899 3319 1060 3380 latrociniis
1114 3321 1250 3396 genibus,
1271 3319 1378 3376 christi
1402 3332 1519 3373 crucem
1543 3314 1671 3389 signavit
1692 3315 1724 3372 in
1748 3313 1861 3374 ironia:
1883 3313 1936 3372 tali

237 3399 311 3466 luca,
328 3406 357 3458 et
370 3401 528 3474 propinqui
550 3403 695 3476 amicique
719 3405 784 3476 ejus
800 3406 959 3466 imminens
980 3413 1059 3483 pari-
1114 3427 1171 3483 que
1187 3411 1329 3473 armatus,
1341 3407 1444 3478 jacens
1454 3403 1559 3460 iortius
1573 3402 1759 3476 praeliabatur
1770 3419 1778 3471 ;
1789 3403 1935 3474 quodem-

235 3488 336 3546 oulum
350 3490 569 3558 denuntiarent,
585 3495 761 3567 contempsit
780 3501 917 3567 mortem,
932 3503 965 3554 ut
979 3516 1059 3556 mor·
1114 3499 1200 3556 medo
1224 3497 1323 3553 ridere
1351 3493 1533 3560 desiderans,
1563 3509 1637 3566 quos
1661 3491 1798 3550 borium
1820 3491 1935 3560 audire,

235 3580 294 3634 tem
310 3579 452 3640 evaderet.
1113 3591 1143 3644 et
1169 3584 1302 3644 sollicitis
1325 3581 1418 3640 oculis
1442 3581 1501 3638 huc
1526 3579 1655 3654 illucque
1683 3578 1935 3652 circumspiciens.

271 3668 299 3724 l.
315 3669 456 3740 Jejnuium
470 3670 623 3727 Hilarionis
636 3703 671 3711 —
687 3671 868 3733 Mirabantur
882 3691 984 3732 omnes
1000 3677 1059 3732 ani·
1113 3675 1185 3732 Cum
1210 3675 1327 3731 interim
1348 3689 1383 3728 cx
1405 3671 1445 3726 im
1450 3669 1574 3744 proviso,
1586 3669 1757 3743 splendente
1779 3667 1862 3740 iuna,
1875 3683 1937 3729 css·-

236 3771 348 3812 mum:
380 3757 564 3814 mirabantur
592 3763 707 3824 etatem
733 3779 739 3830 ;
779 3761 837 3817 nisi
866 3763 944 3834 quod
975 3765 1057 3820 ilam-
1112 3765 1157 3821 nit
1182 3763 1305 3821 rhedam
1329 3761 1508 3818 icruentibus
1531 3758 1616 3830 equis
1639 3769 1781 3830 superse
1801 3755 1935 3818 nrum:

235 3859 284 3899 rna
305 3845 441 3917 quedem
467 3846 624 3918 pectorisi,
649 3851 678 3904 ct
698 3847 832 3905 scintillae
855 3848 922 3908 tidei
944 3852 973 3910 in
990 3869 1058 3909 ocu·
1112 3869 1240 3927 eumque
1254 3851 1443 3908 inclamasset
1462 3848 1574 3914 iesum,
1590 3847 1657 3906 ante
1680 3843 1782 3903 oculos
1799 3846 1867 3915 eius
1889 3859 1936 3904 ns·

234 3930 272 3988 lis
297 3931 476 3990 relucebant.
502 3935 635 4004 innuen*
666 3937 716 4004 [lt.
743 3937 833 4009 lenes]
863 3945 946 3996 erent
964 3955 1057 4015 gene,
1112 3942 1232 4016 pectino
1255 3947 1338 3997 terre
1368 3938 1451 3995 biatu
1472 3951 1580 4009 pompa
1594 3935 1692 3992 omnis
1714 3933 1854 4012 absorpta
1876 3937 1935 3990 est.

192 4045 193 4048 ¹
236 4020 393 4080 delicatum
409 4038 516 4097 eorpus
541 4027 1057 4103 ettenue,etadomneminjurlam
1112 4034 1196 4089 Tunc
1225 4029 1274 4085 ille
1303 4029 1364 4084 ait:
1389 4028 1497 4099 Equum
1519 4029 1743 4080 viunnoense
1767 4024 1881 4096 projecit
1904 4023 1936 4080 iu

235 4108 413 4182 impatiens:
430 4112 508 4184 quod
521 4111 576 4169 levi
589 4112 636 4170 uel
660 4115 776 4188 frigore,
799 4115 845 4172 vel
861 4123 944 4187 estu,
959 4126 1058 4191 posset
1111 4135 1189 4178 we
1204 4119 1303 4193 (deod.
1329 4135 1377 4185 xv,
1402 4117 1439 4188 l).
1461 4115 1507 4184 nt,
1528 4115 1564 4172 lli
1587 4115 1618 4170 r'n
1640 4112 1779 4182 cunibus,
1802 4120 1829 4170 et
1851 4111 1881 4168 ii
1903 4113 1937 4168 in

234 4197 336 4272 altligl.
353 4199 545 4272 Igiturseoco
560 4206 676 4260 tautum
701 4205 833 4261 membra
847 4212 1013 4279 coopertus,
1029 4213 1058 4265 et
1111 4211 1197 4282 apuu,
1225 4223 1276 4263 eros
1304 4215 1396 4262 uuum
1423 4207 1455 4261 in
1480 4203 1591 4260 nomine
1619 4204 1673 4260 uei
1693 4201 1937 4273 mupniieebirnnr

233 4286 388 4360 pelliceum
406 4289 516 4347 habeus
532 4293 705 4367 ependyten,
723 4309 810 4366 quem
827 4294 868 4349 illi
880 4295 984 4353 beatus
998 4299 1055 4354 An·
1112 4299 1199 4371 (Paul.
1215 4313 1274 4363 xvi,
1290 4296 1345 4367 te).

232 4377 333 4434 tonius
348 4379 542 4450 proficiscenti
558 4381 687 4450 dederat,
713 4398 877 4454 sagumque
901 4383 1056 4458 rusticum,
1146 4389 1173 4441 7.
1190 4383 1287 4442 Multae
1304 4386 1373 4439 sunt
1396 4379 1570 4438 tentationes
1590 4379 1665 4450 ejus,
1683 4381 1713 4434 st
1726 4377 1774 4436 dia
1788 4380 1937 4450 neceque

233 4464 311 4520 inter
325 4481 405 4520 mare
419 4472 448 4522 et
468 4467 617 4538 paludem,
631 4473 712 4526 vasta
726 4473 755 4526 st
766 4469 886 4526 terribili
904 4471 1061 4532 solitudine
1075 4479 1099 4545 Ι)
1113 4477 1200 4533 varie
1215 4474 1380 4530 demonum
1406 4469 1538 4526 insidiae:
1555 4483 1631 4541 quas
1652 4465 1677 4524 si
1693 4481 1796 4524 omnes
1815 4481 1939 4524 narrare

234 4551 396 4622 fruebatur,
426 4554 591 4626 quindecim
623 4561 739 4614 tantum
764 4559 874 4617 caricas
898 4567 964 4634 post
987 4561 1058 4622 solis
1110 4565 1207 4632 velim,
1232 4564 1352 4618 modum
1385 4559 1520 4616 arcadem
1547 4555 1714 4614 voluminis.
1744 4553 1861 4618 Quoties
1891 4553 1938 4611 illi

232 4657 370 4698 occasum
387 4645 554 4701 comedens.
568 4645 604 4701 nt
618 4647 688 4719 quia
703 4647 782 4720 regio
799 4647 960 4708 latrociniis
984 4652 1058 4712 inia-
1110 4655 1195 4710 nudae
1212 4651 1350 4708 mulieres
1367 4648 1498 4716 cubanti,
1514 4645 1627 4720 quoties
1642 4641 1785 4701 esurienti
1801 4641 1936 4714 largissi-

233 4729 547 4803 miserat,nunquam
564 4733 591 4788 in
616 4735 718 4792 eodem
743 4734 806 4792 loco
831 4735 963 4796 babitare
986 4756 1056 4796 con·
1112 4759 1166 4800 mae
1188 4755 1349 4814 apparuere
1370 4736 1480 4810 dapesl
1510 4733 1660 4794 Interdum
1683 4733 1817 4792 orontem
1845 4729 1938 4806 lupus

267 4923 490 5054 elvelicqn‘isob
514 4929 611 5056 uarioq
635 4931 812 5002 infirmitates
837 4941 864 4990 et
892 4937 1056 5008 passiones,·
1112 4937 1198 5042 laepia.
1209 4935 1318 5022 'densa
1334 4949 1424 5018 xnxrr,
1438 4932 1482 4998 11,
1482 4943 1545 5058 hqpo
1559 4945 1621 5056 usqe
1638 4930 1719 5012 lenia.
1734 4927 1880 5055 blqar'lqsq.
1926 5015 1935 5030 ο

235 5011 767 5142 pqukqsqeqajqqqaereqrmepem
784 5074 988 5148 Sozomenum,
1004 5079 1055 5137 lib.
1113 5007 1472 5150 ffliuqqqtqqaqruerrqqqq&
1495 5019 1554 5146 ciris·
1577 5014 1812 5196 ηανιῖιᾚιῖἳοῖἑιίε
1825 5014 1935 5141 &gp-0,

232 5140 481 5281 ν’θωῖἶῐέ)ἰῗῖασιι)νι“ε
496 5213 526 5269 in
539 5231 609 5273 mss.
625 5215 684 5274 iere
700 5216 894 5274 desideratur.
1110 5155 1395 5294 et'ieittlegantissimc
1410 5217 1439 5274 S.
1456 5215 1597 5274 Paulinus
1611 5213 1708 5270 Poem.
1724 5157 1826 5269 ¹er

267 5279 384 5336 *Leues
397 5291 476 5337 erant
498 5299 583 5355 pene.
601 5287 632 5343 iu
650 5288 775 5345 editione
796 5289 969 5346 Erasmiana
983 5291 1058 5364 legi·

232 5367 310 5416 mus,
324 5351 486 5408 lenesernrrt
499 5369 599 5426 pene:
614 5360 664 5414 sed
682 5359 764 5428 lalso,
782 5377 848 5416 cum
865 5377 967 5418 omnes
983 5379 1055 5419 mss.

232 5423 346 5478 codices
372 5422 501 5482 melioris
517 5431 592 5482 notae
605 5432 692 5499 atque
717 5447 833 5501 manus,
850 5433 997 5490 retineant
1009 5449 1057 5490 vo·
1110 5447 1333 5508 corpusnempe
1349 5431 1379 5490 in
1394 5429 1532 5488 libidines
1545 5443 1684 5503 pronum.

231 5509 294 5552 cem
310 5493 400 5578 leves
426 5496 534 5554 uadem
560 5497 661 5556 fraude
684 5501 729 5556 uel
755 5502 902 5576 imperitia
926 5509 1056 5561 velerum
1144 5507 1240 5562 icum
1266 5503 1393 5562 victorio
1423 5517 1494 5560 mss.
1518 5499 1611 5558 nostri
1628 5513 1747 5573 prorsus
1761 5511 1938 5572 proruens.

231 5567 443 5640 exscriptorum
478 5567 574 5641 potuit
601 5569 728 5648 irrepere
759 5574 883 5632 verbum
907 5576 977 5632 ienis
1004 5594 1055 5651 pro
1863 5588 1864 5594 ’

1198 5329 1238 5378 Sit
1250 5327 1326 5377 tortis
1340 5324 1430 5376 anima
1447 5321 1613 5374 mortificans
1627 5321 1734 5371 asinum
1749 5332 1838 5380 suum,
