4066 6162
174 207 234 276 325
270 213 275 222 '
603 209 799 280 blouoous
821 213 979 280 coarat
997 213 1259 286 Patsonteos.
1276 255 1315 272 -
1329 223 1404 290 tle.
1428 223 1451 289 1.
1807 233 1879 304 tm

173 340 315 414 possibile
340 341 471 415 jactitas.
510 345 587 402 Inter
620 347 777 404 Diodorum
807 353 836 404 et
862 349 998 422 Chrysip·
1014 353 1131 418 ADum
1148 355 1253 424 neseis,
1270 359 1728 435 propriocaptuseslaqueo.d.
1745 369 1877 432 Ortonam

172 446 243 504 pum
284 429 504 490 valentissimos
558 435 727 494 dialecticos
779 436 841 512 περὶ
885 433 1000 493 δυνατοῦ
1057 443 1209 499 modoid.
1226 445 1268 500 Ex
1282 448 1426 503 sententia
1441 447 1555 505 Domini
1571 453 1678 509 asseri
1689 458 1879 526 posaehomi·

173 520 231 576 ista
253 522 403 578 contentio
427 531 481 578 est.
504 522 648 581 Diodorus
672 525 701 580 id
725 525 820 582 solum
838 543 922 598 posse
938 529 1000 586 iteri
1056 547 1122 586 uem
1140 549 1204 588 esse
1221 536 1392 605 perfectum.
1408 538 1530 602 Quando
1546 541 1623 596 enim
1644 542 1731 599 dicit:
1759 569 1773 596 «ι
1789 547 1818 603 Si
1833 547 1878 605 vis

169 609 250 676 dicit,
280 609 359 682 quod
390 613 441 666 aut
468 615 700 682 sitverum,aut
730 630 834 670 verum
866 615 999 672 futurum
1055 621 1878 708 perfectumesse,vendeomniaquaehabeaetdapau-

171 697 220 754 sit.
236 697 272 754 ttt
285 697 428 770 quidquid
446 699 578 756 futurum
598 701 647 769 sit,
665 700 694 758 id
710 701 771 759 beri
789 719 908 761 neeesse
922 719 997 761 esse.
1054 707 1185 779 peribus,
1202 717 1232 766 et
1245 711 1321 779 veni,
1337 729 1460 786 sequere
1475 733 1532 786 me,
1549 738 1564 766 »
1579 720 1706 774 ostendit
1715 720 1875 794 hominem,

174 784 321 858 Quidquid
344 792 443 843 autem
472 805 531 845 non
560 789 599 845 sit
627 791 771 860 futurum,
801 791 831 847 id
861 792 923 849 fleri
940 810 998 849 non
1054 796 1227 866 sivoluerit,
1253 805 1282 854 et
1306 802 1493 875 feceritque
1518 811 1662 879 praecepta
1687 814 1767 879 sunt,
1791 828 1875 882 possa

178 891 274 947 posse.
289 874 469 950 Chrysippus
483 893 551 933 vero
570 881 599 934 et
622 895 687 951 qua
711 895 768 935 uon
794 884 865 936 sunt
888 881 996 938 futura.
1053 888 1355 959 essepertectum.1t.
1376 891 1564 950 Validissimo
1579 896 1699 967 quidem
1714 914 1813 970 pugno
1829 917 1876 958 me

178 979 263 1036 posse
277 963 338 1019 dari
353 965 443 1022 dicit:
461 970 494 1021 nt
510 966 604 1040 frangi
619 966 674 1024 hoc
686 969 892 1042 margaritum,
908 971 997 1026 etiam
1053 975 1235 1046 percussisti,
1248 977 1290 1032 ita
1300 981 1333 1033 ut
1343 978 1437 1052 caligo
1449 981 1521 1036 mibi
1534 987 1601 1039 ante
1617 985 1875 1045 oculosobversari

175 1052 200 1109 si
212 1050 241 1108 id
258 1069 413 1125 nunquam
429 1054 563 1111 futurum
583 1057 631 1113 sit.
649 1057 703 1121 Oui
719 1074 787 1130 ergo
803 1058 886 1114 aiunt
900 1059 997 1116 bomi·
1052 1062 1190 1135 coeperit:
1205 1064 1256 1121 sed
1281 1070 1379 1123 tamen
1404 1068 1458 1123 hoc
1481 1069 1579 1142 ipsum
1608 1074 1685 1143 quod
1706 1074 1793 1131 dicit:
1812 1099 1826 1127 «ι
1843 1076 1873 1134 Si

172 1155 237 1196 nem
254 1156 343 1213 posee
357 1157 422 1198 ease
436 1143 548 1215 absque
563 1149 680 1216 peccato
694 1146 719 1202 si
733 1145 812 1216 velit,
839 1163 896 1203 non
917 1153 996 1220 pote-
1022 1199 1024 1204 .
1050 1151 1094 1207 vis
1110 1153 1256 1225 perfectus
1281 1171 1355 1225 esse,
1374 1178 1387 1205 o
1411 1158 1437 1212 ei
1462 1159 1580 1226 dicitur,
1606 1162 1657 1232 qui
1685 1179 1743 1218 non
1769 1166 1872 1237 potuit,

168 1229 654 1304 ronthooverumprobare,nisi
675 1234 809 1291 futurum
832 1235 994 1294 docuerint.
1050 1240 1110 1296 imo
1139 1239 1265 1298 u'oluit:
1299 1249 1328 1300 et
1365 1245 1473 1302 idcirco
1511 1263 1568 1303 nou
1608 1251 1712 1322 potuit.
1751 1253 1793 1308 Tu
1817 1271 1873 1311 au-

166 1318 239 1374 Cnm
256 1321 358 1375 autem
371 1319 472 1375 sutura
486 1320 597 1377 incerta
611 1322 673 1378 sint
686 1324 796 1390 omnia,
817 1328 847 1378 et
869 1323 996 1382 maxime
1050 1333 1108 1386 tem
1125 1331 1246 1387 ostende
1272 1333 1356 1404 mibi,
1391 1333 1440 1406 qui
1468 1340 1504 1391 et·
1532 1337 1655 1393 voluerit
1686 1344 1715 1394 et
1735 1343 1871 1412 potuerit,

166 1421 198 1464 ea
220 1423 290 1479 que
315 1423 469 1480 nunquam
493 1408 669 1477 factasunt,
693 1411 861 1484 perspicom
887 1416 996 1471 esteos
1050 1419 1221 1489 quodnuno
1242 1420 1390 1492 pollicitus
1411 1440 1453 1479 es.
1485 1424 1513 1480 C.
1544 1427 1612 1493 Qua
1634 1428 1712 1484 enim
1734 1445 1781 1486 me
1795 1431 1874 1504 cogit

164 1495 192 1550 id
208 1495 349 1552 buturum
365 1496 472 1562 dicere,
489 1499 566 1569 quod
586 1514 645 1554 uon
669 1498 709 1555 sit
732 1495 995 1568 futurum3Dcoie-
1050 1505 1208 1583 nenessitas
1238 1510 1401 1577 ostendere,
1431 1513 1480 1583 qui
1510 1514 1626 1585 perfecti
1660 1515 1778 1580 tuerint,
1803 1536 1871 1576 cum

119 1585 124 1590 '
161 1585 252 1642 aiente
268 1584 349 1641 bano
364 1585 556 1642 oontirmante
570 1587 764 1644 senteutiam:
782 1611 796 1639 u
812 1588 993 1662 Dmuequod
1048 1595 1238 1666 perspicuum
1256 1598 1295 1652 sit
1310 1615 1396 1670 posse
1420 1617 1484 1657 esso
1509 1603 1663 1674 periectos,
1687 1621 1720 1662 ex
1745 1609 1871 1679 eoquod

160 1674 298 1730 futurum
315 1677 372 1740 est,
384 1675 448 1745 J‘am
469 1673 580 1730 iactum
606 1681 651 1732 est
675 1675 704 1731 in
730 1678 821 1748 priori
846 1679 961 1734 secuto.
977 1700 992 1730 u
1049 1682 1100 1737 uni
1114 1698 1131 1738 a
1151 1683 1299 1742 Salvatore
1315 1687 1354 1742 sit
1367 1688 1489 1756 dietum,
1506 1694 1535 1745 et
1549 1706 1600 1762 per
1614 1708 1707 1748 unum
1722 1693 1871 1766 omnibus,

195 1763 244 1819 10·
275 1761 429 1818 Pwiil'li'ss
459 1764 510 1819 Dei
535 1763 729 1821 mandssla·-
749 1765 778 1820 C·
808 1764 864 1821 0¹³0
893 1771 931 1830 ῑθ.
960 1771 995 1823 ut
1047 1793 1062 1820 «
1079 1770 1103 1827 si
1118 1771 1162 1827 vis
1177 1789 1242 1829 esse
1265 1776 1421 1846 perfectus.
1439 1800 1453 1828 »
1479 1781 1511 1834 Α.
1537 1780 1872 1854 Tergiversaristiueo·

162 1852 215 1910 boc
230 1850 311 1908 mihi
325 1851 525 1923 respondeas:
541 1853 695 1925 possibilia
708 1853 786 1910 Deus
797 1856 994 1913 mandatade-
1047 1859 1112 1914 dem
1128 1859 1190 1916 luto
1205 1861 1334 1920 haesitas.
1350 1867 1407 1921 Aut
1422 1867 1500 1923 enim
1515 1868 1592 1940 quod
1609 1873 1705 1941 potest
1726 1871 1799 1942 fieri,
1816 1872 1869 1930 aii·

162 1941 218 2010 dit,
234 1958 275 1997 sn
294 1939 516 2013 impossibilia?
544 1942 575 1998 A.
605 1941 698 1999 Cerno
726 1959 784 2015 quo
811 1947 862 2000 tua
891 1945 993 2001 tendat
1047 1949 1164 2021 quando
1181 1950 1290 2006 sactum
1307 1958 1371 2009 est:
1390 1958 1441 2010 aut
1460 1956 1485 2011 si
1512 1973 1664 2029 nunquam
1688 1959 1870 2032 factumest,

166 2029 306 2086 assertio.
320 2029 375 2086 ticd
390 2028 426 2086 de
442 2027 497 2086 boo
512 2028 541 2084 in
556 2029 766 2102 posterioribus
786 2030 992 2090 disserendum
1047 2035 1108 2090 deri
1123 2053 1180 2094 nou
1197 2055 1283 2110 posse
1297 2042 1432 2098 concede.

166 2123 223 2188 est,
241 2117 361 2174 nedum
384 2117 547 2176 miscemus
570 2118 781 2190 questionibus
804 2121 992 2192 questiones,
1083 2127 1125 2180 12.
1143 2125 1172 2181 C.
1193 2127 1267 2192 Quid
1293 2126 1369 2184 ultra
1393 2129 1519 2186 differat
1548 2133 1623 2188 tiu
1652 2135 1869 2207 Scripturarum

162 2207 325 2264 obscuram
335 2207 525 2264 audientibus
537 2207 762 2281 intelligentiam
776 2207 990 2282 relinquamus.
1046 2215 1218 2271 auctoritato
1233 2217 1394 2274 vincendus
1410 2235 1451 2274 es.
1478 2219 1514 2275 Ut
1536 2225 1640 2277 catara
1660 2223 1863 2295 intermittam,

158 2297 323 2355 Reservato
332 2294 425 2368 igitur
435 2295 491 2353 hoo
504 2297 581 2369 quod
594 2297 883 2370 fatemurposaibilia
899 2300 991 2357 Deum
1047 2302 1190 2358 nonnebis
1207 2305 1324 2360 duobus
1338 2306 1515 2364 testimoniis
1528 2308 1581 2364 tibi
1597 2309 1765 2382 imponetur
1779 2312 1868 2370 silen-

156 2386 280 2444 dedisae
296 2386 447 2452 mandata,
465 2401 502 2442 ne
517 2386 852 2459 ipseauotorinjuatitiae
865 2388 913 2454 stt,
925 2388 949 2444 si
961 2388 990 2444 id
1045 2391 1131 2461 tium,
1147 2391 1177 2446 in
1193 2392 1302 2464 quibus
1328 2393 1394 2461 iob,
1420 2399 1449 2450 et
1470 2396 1635 2463 Zacharias,
1661 2398 1868 2474 Diisabetbqua

155 2476 257 2550 exigat
272 2475 350 2542 fieri,
377 2475 455 2547 quod
484 2473 548 2530 dari
576 2491 635 2530 non
669 2480 782 2547 potest:
811 2492 889 2532 nunc
917 2475 990 2534 illud
1045 2478 1866 2558 laudanturiNisienimsatioriniobitascriptumest:

154 2563 250 2639 imple
280 2563 364 2637 quod
392 2579 598 2636 proposueras,
627 2578 714 2635 posse
748 2564 897 2634 hominem
928 2565 991 2623 siue
1047 2569 1169 2626 «Homo
1188 2570 1309 2642 quidam
1339 2577 1401 2628 erat
1430 2573 1460 2628 in
1491 2574 1608 2648 regione
1636 2576 1866 2651 ausitide¹pit

156 2659 283 2728 peccato
299 2667 368 2710 esse
382 2652 407 2708 si
421 2651 501 2709 velit.
516 2654 574 2708 Aut
588 2652 667 2709 enim
691 2653 775 2711 dabis
799 2670 848 2710 eos
872 2653 923 2726 qui
939 2671 990 2728 po·
1045 2657 1127 2730 Hus],
1149 2659 1267 2715 nomine
1279 2659 1345 2727 Job,
1360 2665 1388 2716 et
1403 2667 1465 2717 erat
1482 2661 1571 2718 bomo
1598 2663 1647 2720 ille
1661 2682 1747 2721 verax
1761 2671 1788 2722 et
1804 2667 1867 2724 sine

155 2747 304 2812 inerunt;
322 2745 374 2798 aut
389 2741 414 2798 si
429 2741 529 2798 nullus
549 2741 654 2815 potuit,
677 2741 789 2814 liquido
804 2743 990 2800 confiteberis
1044 2746 1177 2813 crimine,
1194 2764 1279 2804 verus
1294 2749 1345 2807 Dei
1360 2749 1464 2820 cultor,
1482 2752 1634 2809 abstinens
1649 2769 1680 2810 se
1695 2755 1731 2810 ab
1745 2755 1867 2812 omnine

153 2833 315 2892 hominem
330 2831 362 2886 in
378 2835 553 2904 perpetuum
567 2831 660 2887 vitare
678 2836 796 2904 peecata
819 2849 877 2888 non
893 2849 988 2906 posse.
1044 2834 1122 2890 mala
1137 2836 1195 2908 (tob
1213 2855 1232 2905 1,
1249 2839 1276 2906 t,
1292 2855 1343 2895 sec.
1366 2841 1443 2897 [dx.
1462 2863 1475 2890 ιι
1495 2841 1530 2896 at
1554 2842 1679 2898 iterum:
1707 2865 1721 2892 α
1738 2844 1807 2909 Quis
1822 2849 1867 2901 est

155 2925 184 2980 ι’.
200 2921 356 2991 Quoniam
376 2921 450 2977 roa
469 2936 557 2994 urges
584 2936 641 2987 ma,
672 2923 705 2976 ut
733 2921 799 2977 dem
828 2921 990 2995 quoddare
1044 2925 1094 2997 qui
1110 2925 1208 2997 arguit
1219 2926 1335 2998 justum
1349 2927 1412 2984 sine
1428 2931 1572 3002 peccato¹,
1588 2935 1617 2987 et
1629 2930 1866 3002 loquiturverbis

154 3030 214 3070 non
231 3013 341 3075 debeo,
358 3008 442 3077 iilud,
460 3024 568 3081 queso,
585 3008 835 3081 considera,quod
848 3008 990 3068 Dominus
1044 3013 1107 3070 suis
1122 3028 1174 3086 per
1189 3013 1385 3088 ignorantiam
1401 3017 1458 3088 (lob
1473 3035 1511 3082 vr,
1528 3018 1599 3090 amr
1615 3040 1629 3068 a
1654 3019 1685 3076 ln
1711 3020 1865 3093 Evangelio

153 3101 266 3160 dixerit
280 3097 400 3157 facilins
416 3096 559 3155 camelum
575 3099 771 3170 perforamen
791 3115 862 3155 acus
878 3099 988 3156 intrare
1003 3085 1024 3152 C
1045 3117 1162 3174 quoque
1177 3104 1338 3160 secundum
1351 3105 1457 3160 Lucum
1471 3123 1478 3161 :
1492 3128 1506 3156 κ
1517 3105 1863 3164 FuitindiebusHerodis

153 3207 258 3266 posse,
277 3203 369 3263 qnam
385 3187 505 3244 divitem
521 3187 551 3244 in
567 3203 690 3260 regnum
710 3187 850 3243 cantorum
865 3188 873 3259 (
890 3189 987 3246 Mottb.
1043 3189 1120 3264 regis
1134 3190 1215 3246 Jodae
1231 3193 1367 3249 sacerdos
1383 3193 1503 3267 quidam
1518 3195 1636 3251 nomine
1646 3195 1811 3264 Zacharias,
1828 3196 1864 3252 de

154 3297 219 3350 xxx,
232 3283 291 3346 2113
307 3283 333 3335 et
346 3279 429 3333 Dore.
442 3293 470 3346 x,
486 3278 544 3346 25).
562 3277 597 3332 Εἰ
611 3280 710 3332 tumen
726 3275 799 3332 dixit
814 3276 876 3332 fleri
892 3293 988 3350 posse,
1043 3280 1105 3336 vica
1120 3279 1201 3348 Abia,
1219 3286 1248 3336 et
1261 3299 1333 3337 onor
1347 3280 1389 3337 illi
1405 3282 1441 3338 de
1454 3282 1572 3340 filiabus
1586 3286 1692 3348 Aaron,
1713 3288 1742 3339 et
1758 3299 1865 3341 nomen

157 3370 244 3444 quod
261 3383 414 3440 nunquam
429 3366 539 3422 tactum
556 3369 611 3422 est.
628 3365 728 3439 Neque
751 3365 829 3421 enim
859 3365 989 3422 camelus
1044 3366 1124 3423 itlius
1157 3367 1314 3425 Elisabeth.
1343 3371 1431 3426 Erant
1459 3387 1560 3427 aurem
1590 3373 1675 3428 ambo
1701 3373 1775 3442 justi
1799 3377 1867 3430 ante

156 3465 304 3532 anquam
318 3457 511 3528 perforamen
528 3469 599 3511 acus
612 3453 830 3528 ingressusest.
853 3455 884 3510 A.
902 3455 991 3511 Miror
1045 3458 1149 3543 Deum,
1166 3457 1332 3514 incedentes
1353 3457 1382 3514 iu
1407 3460 1546 3516 omnibus
1570 3461 1716 3516 mandatis
1738 3466 1765 3516 ct
1775 3461 1867 3532 justi·

160 3547 495 3619 hominemprudentem
503 3544 690 3620 proposuisse
697 3543 844 3601 testimoni
850 3545 991 3618 um,quod
1046 3545 1231 3601 ticatiouibus
1247 3547 1372 3614 Domini,
1390 3549 1453 3604 siue
1464 3548 1581 3619 quarela
1592 3549 1667 3620 (Luc.
1682 3567 1701 3616 1,
1712 3550 1730 3604 5
1740 3550 1836 3622 seqq).
1852 3571 1867 3599 »

169 3641 282 3693 contra
296 3651 327 3691 se
343 3633 434 3692 saciat:
450 3636 481 3691 ln
497 3634 553 3690 bac
567 3634 644 3691 enim
659 3650 716 3691 uon
729 3634 876 3705 quodtieri
887 3633 991 3706 possit,
1046 3633 1075 3689 si
1092 3650 1177 3691 verus
1192 3634 1242 3691 Dei
1266 3633 1361 3690 cultor
1384 3640 1437 3704 est,
1461 3640 1490 3692 rt
1511 3635 1730 3702 immaculatus,
1756 3653 1789 3692 ac
1803 3637 1868 3694 aine

159 3721 989 3797 dictumest‚scdimpossibileimpossibilicompuratum.
1046 3721 1179 3790 arimino,
1196 3725 1224 3778 et
1239 3723 1289 3795 qui
1313 3723 1505 3779 ambulabant
1528 3724 1557 3779 iu
1584 3725 1697 3780 cunctis
1718 3725 1868 3795 justifica·

151 3815 320 3884 Quomodo
334 3813 412 3870 enim
442 3812 572 3870 camelus
603 3828 659 3868 non
690 3815 785 3884 potest
811 3809 920 3867 intrare
941 3827 993 3885 per
1047 3810 1178 3868 tionibus
1192 3810 1407 3882 Domini,justi
1419 3812 1529 3894 suntin
1542 3815 1782 3887 conspectuejus,
1797 3819 1868 3888 puto

152 3906 298 3962 toramen
315 3901 455 3972 aens,·ita
467 3905 495 3958 et
511 3901 590 3958 dives
601 3917 658 3956 uon
673 3899 992 3974 ingredieturinregna
1047 3899 1124 3971 quod
1142 3906 1260 3971 peceato
1272 3905 1398 3966 careant,
1421 3907 1450 3958 et
1468 3901 1549 3958 nulla
1573 3919 1603 3958 re
1626 3903 1787 3975 indigeant,
1803 3921 1868 3976 quas

153 3991 317 4051 emiorum.
334 3993 393 4047 but
418 3989 443 4046 si
467 3989 598 4062 potueris
623 3989 790 4058 ostendere,
810 3987 887 4061 quod
911 3988 992 4044 dives
1046 3987 1249 4062 adjustitiam
1275 3988 1409 4062 pertinet.
1435 3991 1466 4045 Α.
1492 3991 1672 4064 Proposuisti
1698 3991 1870 4050 testimonia

151 4082 353 4158 ingrediatur
370 4095 460 4153 regna
475 4078 626 4146 coelorum,
638 4078 772 4150 sequitur
781 4082 814 4133 ut
823 4081 852 4133 et
862 4076 992 4135 camelus
1047 4097 1111 4154 quae
1127 4095 1185 4134 non
1203 4078 1237 4133 de
1259 4076 1380 4133 alterius
1405 4079 1560 4151 Scriptura
1581 4079 1654 4146 loco,
1678 4081 1728 4135 sed
1751 4081 1786 4135 de
1801 4095 1867 4151 pro·

80 4216 86 4227 .
149 4173 250 4230 intret
265 4187 322 4246 per
336 4171 469 4226 foramen
484 4185 563 4224 aons.
579 4167 637 4223 Nec
652 4165 723 4222 mihi
738 4165 887 4222 Abraham
902 4169 992 4222 etce-
1047 4169 1118 4242 priis
1134 4166 1218 4223 libris
1233 4165 1368 4223 absoluta
1384 4171 1463 4223 suut.
1489 4168 1561 4224 Num
1577 4172 1606 4224 et
1628 4168 1683 4223 Job
1708 4172 1868 4240 postquam

150 4269 250 4330 teroe,
267 4277 348 4334 quos
364 4258 493 4316 inveteri
516 4257 702 4314 Testamenta
724 4257 829 4314 divites
853 4255 990 4330 legimus,
1046 4261 1257 4332 peroussusest
1268 4255 1354 4328 plaga
1365 4255 1609 4313 multaadversus
1620 4256 1668 4312 Dei
1680 4255 1868 4324 sententiam,

151 4349 296 4424 exemplo
314 4364 473 4422 proponas,
489 4347 539 4420 qui
552 4346 656 4403 divites
671 4345 795 4420 ingressi
816 4350 886 4402 sunt
901 4361 991 4420 regna
1046 4362 1207 4420 provocans
1221 4361 1288 4400 eum
1304 4344 1339 4400 ad
1361 4345 1519 4416 judicium,
1536 4345 1644 4403 dixisse
1668 4345 1867 4402 convincitur:

149 4438 320 4506 emiorum,
332 4437 466 4510 cumipsi
479 4437 534 4510 [At.
549 4435 653 4508 ipsius]
665 4434 774 4491 divitiis
785 4435 992 4492 adbonauten·
1007 4453 1029 4518 p
1046 4461 1060 4489 «
1081 4439 1176 4508 Atque
1190 4435 1304 4490 utinam
1320 4434 1363 4491 sic
1373 4433 1556 4506 judicaretur
1568 4436 1613 4490 vir
1626 4451 1693 4491 cnm
1708 4434 1777 4502 Dco,
1793 4449 1868 4507 qno·

150 4523 991 4599 taaopera,divitesessedesierint3imoeumuonsibi,
1049 4525 1136 4582 modo
1152 4523 1305 4595 judicatur
1329 4522 1408 4579 fitius
1438 4523 1567 4580 bominis
1594 4541 1661 4579 cum
1691 4523 1870 4596 eoitrgusuo

146 4613 990 4686 sedaliisdivitestuerint,etdispensntoresmagisDei,
1049 4611 1289 4686 (tuouuarba
1313 4611 1348 4666 bt
1378 4612 1502 4668 iterum:
1536 4613 1635 4679 «Ouia
1665 4611 1734 4668 mibi
1762 4611 1872 4667 tribuat

152 4721 257 4778 qnam
271 4704 379 4761 divites
394 4700 559 4776 appellandi
573 4700 642 4758 sint.
656 4701 711 4757 Sed
726 4700 810 4758 nobis
826 4700 995 4775 evangeliea
1049 4701 1223 4768 auditorem,
1233 4700 1450 4756 utdesideriam
1461 4719 1558 4758 mcum
1569 4698 1870 4772 omnipotensaudiat,

153 4792 308 4869 perfectio
318 4791 559 4865 requirendaest,
574 4786 602 4844 in
615 4805 674 4862 qua
686 4789 863 4862 precipitur:
881 4812 894 4840 α
909 4789 940 4846 Si
950 4790 994 4846 vis
1050 4797 1079 4848 et
1094 4790 1202 4846 librom
1219 4788 1329 4844 scribat
1341 4789 1404 4862 ipso
1415 4790 1465 4861 qui
1477 4791 1592 4861 judicat
1603 4788 1664 4861 (tot
1679 4805 1754 4844 xxxi.
1772 4786 1841 4855 35)t
1856 4807 1871 4836 r

149 4877 996 4958 perfectuscsee,vadeetvendeomniaquahabes,etda
1052 4879 1239 4934 Etrursum:
1272 4875 1335 4932 ·Si
1364 4877 1443 4932 enim
1473 4877 1553 4932 suero
1578 4877 1691 4948 justus,
1720 4893 1752 4931 os
1772 4890 1872 4932 meum

143 4973 364 5050 pauperibus,
381 4973 410 5026 et
422 4967 499 5036 veui,
514 4983 635 5042 sequere
650 4983 696 5024 me
711 4965 815 5039 (natta.
832 4983 890 5034 xix,
906 4967 962 5040 21).
980 4990 994 5017 »ι
1049 4967 1141 5041 impia
1161 4965 1309 5038 loquetur,
1333 4969 1361 5020 et
1373 4965 1396 5020 si
1410 4965 1521 5036 absque
1532 4964 1664 5030 crimine,
1676 4981 1782 5036 pravus
1792 4963 1872 5020 inve-

188 5065 245 5120 11.
265 5059 421 5133 Respondet
434 5059 581 5130 objectioni
599 5073 634 5113 cc
660 5057 770 5114 Domini
786 5057 931 5112 coemtio.
947 5056 995 5112 Di·
1050 5055 1133 5112 niar:
1150 5059 1179 5111 et
1193 5053 1217 5111 si
1231 5053 1403 5126 purisscutus
1419 5053 1483 5108 nive
1498 5056 1526 5108 et
1539 5051 1616 5109 totus
1637 5054 1785 5120 manibus,
1801 5052 1874 5110 satis

141 5155 210 5214 luit
224 5149 368 5224 exempta
382 5149 416 5206 de
442 5147 501 5216 iob,
529 5145 665 5204 Zacharia
690 5149 718 5203 et
745 5145 894 5202 Elisabeth.
915 5177 949 5186 —
964 5144 994 5202 C.
1051 5161 1098 5202 ma
1113 5145 1198 5202 sorde
1211 5141 1334 5198 tinxisti.
1354 5141 1542 5198 Exseoratum
1559 5146 1604 5199 est
1627 5159 1674 5200 me
1687 5144 1698 5178 ³
1713 5142 1873 5200 vestimen·

185 5337 263 5393 ¹1n
277 5330 394 5401 repone
406 5325 539 5384 Aeetida.
556 5325 599 5382 tta
612 5323 714 5398 legunt
737 5338 840 5381 omues
859 5339 931 5380 mss.
948 5339 996 5381 oo·
1049 5321 1343 5404 mcomainepcccoto.
1656 5393 1661 5406 Ι
1731 5391 1736 5406 ¹
1855 5391 1861 5404 .

142 5409 241 5467 dieas
256 5405 348 5474 juxta
365 5397 446 5457 Lxx.
462 5397 536 5456 iiditi
557 5395 625 5454 libri
654 5393 726 5454 istro
753 5397 808 5454 Har
835 5399 998 5471 posuerunt
1085 5393 1200 5450 ⁸Vetus
1214 5391 1303 5450 editio
1320 5395 1349 5452 et
1363 5389 1513 5460 Erasmus,
1530 5409 1618 5470 quem
1629 5393 1775 5454 Victorius
1790 5395 1876 5450 castr·

146 5499 210 5562 pro
227 5472 374 5538 milido
391 5469 532 5528 Meum·
597 5540 603 5554 ‚
658 5537 663 5552 ⁸
768 5537 773 5551 Ι
899 5537 904 5552 ⁸
1051 5469 1112 5542 gat,
1129 5466 1226 5522 inme.

182 5553 197 5594 ¹
217 5545 349 5624 Ropisa
365 5557 422 5602 mn.
437 5557 506 5602 cum
516 5545 605 5602 veteri
618 5540 688 5600 edit.
704 5537 879 5610 etVtotorto.
889 5543 998 5614 justam
