4078 6162
196 348 260 416 cst
823 355 857 422 S.
878 346 1279 427 uusuall'flthadtlrttt
1836 349 1903 422 SSS

196 485 405 563 Peripateticos
418 489 514 550 autem
535 495 563 550 ei
577 493 696 553 difficile
710 499 739 551 et
759 493 941 569 impossihile
956 498 1017 550 est:
1032 494 1061 560 A
1075 497 1135 552 sint
1148 495 1178 567 8;
1196 498 1237 554 sic
1257 497 1394 571 perfectio
1418 492 1547 556 hominis
1572 511 1630 555 non
1654 505 1689 553 cx
1712 493 1831 560 natum,
1846 492 1895 549 sed

197 579 244 636 cui
267 582 420 638 sententie
444 583 541 640 omnis
560 585 720 657 Scripturas
743 588 850 642 sancte
876 583 1020 640 consentit
1075 587 1219 659 engratia
1245 587 1374 656 veniens,
1400 587 1586 660 imperfectos
1617 601 1667 642 eos
1696 583 1746 657 qui
1776 581 1895 655 perfecti

196 671 364 730 auctoritas.
380 671 460 727 Unde
476 677 504 726 et
522 673 666 746 losephus
682 673 915 730 Machahmorum
931 673 1020 746 scrip·
1075 676 1211 732 videntur
1222 691 1297 743 esse,
1313 676 1505 732 demonstrat.
1525 675 1607 741 Quod
1632 677 1730 731 autem
1755 671 1897 744 scriptum

196 765 265 834 pter
279 759 419 828 historias,
437 761 530 834 frangi
547 767 575 817 et
590 765 650 835 regi
671 779 757 835 posse
782 763 854 818 dixit
869 763 1020 835 perturba·
1076 768 1138 820 est:
1155 787 1169 815 α
1185 765 1220 820 ut
1246 765 1366 837 sanguis
1390 766 1459 822 lesu
1482 765 1534 819 lilii
1557 764 1621 836 ejus
1646 761 1771 818 mundat
1794 775 1848 816 nos
1863 761 1898 816 ah

198 851 294 906 tiones
307 849 399 905 animi
414 852 434 916 ¹,
460 868 517 906 non
543 852 694 920 eradicari,
721 857 748 908 et
772 852 903 924 quinque
927 854 1022 908 fruce-
1076 853 1156 910 omni
1172 858 1291 927 peccato
1305 856 1331 923 (f
1342 857 1420 910 4444.
1437 871 1457 919 ι,
1472 854 1511 926 7),
1529 875 1543 902 »
1557 856 1618 909 tam
1634 852 1645 886 ⁴
1659 851 1687 906 iu
1715 849 1899 907 confessicae

198 941 330 996 44444444
352 943 531 1011 questionum
554 941 701 997 Ciceronis
725 940 791 997 lihri
817 941 864 997 his
888 940 1021 1013 disputa·
1076 943 1275 1016 baptismatis,
1291 959 1380 1016 quam
1395 943 1424 998 in
1443 941 1598 999 clementia
1613 938 1805 1014 paenitudinis
1824 937 1900 995 acci·

198 1027 1019 1102 tionibusrelertisunt.Pugnantenimjuxtahposlolum
1076 1032 1216 1105 piendum
1233 1039 1285 1088 eal.
1299 1032 1355 1089 Sed
1371 1031 1451 1088 uliud
1474 1035 1518 1088 est
1541 1027 1678 1086 mundari
1703 1046 1721 1085 a
1744 1029 1803 1084 Deo
1819 1028 1900 1084 aliud

198 1119 352 1176 adversum
368 1135 420 1174 nos
435 1117 579 1190 fragilitas
590 1119 731 1191 corporis,
759 1125 788 1178 et
812 1120 957 1192 spiritalia
971 1136 1020 1178 ne·
1077 1135 1253 1193 persuasae
1268 1118 1426 1176 siuevitio.
1443 1117 1472 1175 Si
1488 1119 1565 1175 enim
1585 1118 1670 1189 juxte
1694 1117 1767 1174 loh:
1788 1137 1803 1167 a
1818 1119 1900 1172 huna

199 1208 297 1280 quitim
320 1207 350 1262 in
381 1207 548 1264 coelestibus
578 1209 684 1281 (Sphes.
715 1227 754 1277 vr,
786 1212 840 1278 42).
868 1210 1022 1267 Manifesta
1077 1226 1134 1266 nou
1150 1209 1293 1282 splendet,
1309 1211 1338 1265 et
1353 1206 1443 1264 stelle
1457 1224 1515 1264 uon
1530 1205 1766 1264 suntmuadasin
1777 1221 1898 1278 conspe-

197 1299 269 1353 sunt
284 1295 397 1350 dicente
412 1295 525 1367 eodem,
541 1312 630 1368 opera
643 1297 740 1353 carnis
750 1301 780 1353 et
789 1313 877 1368 opera
888 1295 1020 1368 spiritus,
1076 1303 1124 1354 ctu
1153 1300 1229 1370 ejus,
1245 1304 1355 1370 quanto
1372 1297 1467 1370 magis
1481 1297 1579 1363 homo,
1603 1296 1737 1369 putredo,
1763 1297 1792 1350 et
1815 1291 1895 1350 lilius

197 1383 302 1441 etheo
317 1383 373 1440 sibi
393 1369 517 1440 invicem
543 1386 735 1441 adversantur
761 1385 858 1456 (Galat.
876 1403 903 1451 v,
920 1383 975 1456 49),
989 1387 1023 1439 44
1076 1387 1204 1444 hominis
1218 1386 1326 1442 vermis
1341 1387 1410 1458 (lot.
1425 1403 1491 1455 xxv,
1515 1387 1542 1454 5,
1562 1385 1609 1453 ott
1626 1405 1640 1434 a
1666 1384 1759 1440 Omne
1774 1381 1899 1440 enimes

198 1488 332 1544 nonquae
362 1473 508 1540 volumus,
538 1474 589 1530 illa
617 1475 768 1531 faciemus.
799 1475 828 1528 si
859 1491 917 1530 noa
943 1475 1020 1546 quod
1076 1475 1247 1540 obstruitur,
1265 1473 1450 1530 etobnoxius
1475 1477 1520 1530 est
1546 1471 1644 1530 omnis
1667 1472 1798 1528 mundus
1819 1471 1899 1528 Deo:

196 1562 345 1628 volumus,
364 1562 499 1630 facimus,
516 1565 567 1620 sed
584 1565 661 1636 quod
676 1563 826 1633 nolumus,
839 1563 912 1619 illud
923 1579 1022 1635 opera·
1076 1587 1091 1616 «
1111 1564 1184 1630 Quia
1198 1581 1233 1620 ex
1247 1563 1384 1636 operibus
1398 1561 1473 1635 legis
1496 1577 1556 1618 ιιοιι
1574 1560 1788 1633 justificabitur
1803 1560 1901 1616 omnis

197 1668 282 1708 mur:
312 1652 458 1722 quomodo
488 1652 596 1719 dicitis,
627 1677 641 1703 ι(
672 1653 759 1709 Posse
787 1652 937 1709 hominem
958 1652 1021 1708 sine
1076 1671 1142 1710 caro
1157 1669 1256 1709 coram
1271 1669 1304 1708 eo
1322 1651 1424 1724 (Galat.
1442 1668 1472 1718 n,
1489 1651 1545 1719 to).
1563 1670 1577 1699 a
1601 1647 1746 1721 Nullaque
1761 1647 1904 1706 distane‘a

197 1743 316 1814 peccato
332 1757 407 1806 esse,
423 1741 448 1796 si
460 1739 530 1796 velit
544 1741 578 1795 ²?
595 1763 609 1791 e
625 1742 695 1796 Ecce
710 1740 878 1813 Apostolus,
904 1747 1020 1796 omnes2
1075 1747 1120 1799 est
1136 1757 1347 1816 personarum:
1374 1763 1389 1790 a
1415 1741 1523 1796 Omnes
1549 1739 1629 1794 enim
1654 1743 1857 1810 peecaverunt,
1872 1742 1903 1794 et

198 1844 256 1902 que
270 1828 431 1893 credentes,
448 1829 525 1901 quod
541 1828 653 1896 volunt,
669 1829 791 1902 implere
811 1846 868 1885 non
885 1832 1019 1902 possunt.
1075 1831 1208 1904 indigent
1222 1831 1316 1904 gloria
1331 1829 1400 1885 Dei:
1417 1828 1571 1899 iustificati
1593 1826 1685 1899 gratis
1708 1827 1903 1900 pergratiam

198 1939 213 1969 c
229 1916 362 1973 Charitas
377 1916 470 1988 operit
485 1915 706 1973 multitudinem
722 1924 911 1989 peccatorum
927 1918 1020 1990 (lPet.
1077 1921 1172 1994 ipsius
1195 1920 1282 1994 (Rom.
1312 1935 1356 1984 111,
1384 1919 1429 1986 23,
1458 1917 1514 1987 24).
1546 1938 1561 1966 »
1590 1915 1621 1971 Si
1650 1919 1744 1972 aulem
1774 1916 1901 1972 scribit:

197 2021 236 2074 ιν,
253 2007 291 2076 8),
310 2028 324 2055 »
341 2021 399 2060 non
413 2008 472 2062 tam
489 2005 702 2077 preteritorum
718 2023 805 2079 quarn
820 2008 1021 2080 praesentium,
1078 2032 1092 2062 «
1107 2009 1316 2066 Existimamus
1331 2008 1389 2064 fiac
1401 2004 1559 2078 justificari
1570 2004 1791 2061 hominemsina
1802 2006 1904 2077 operi-

198 2094 332 2160 neultra,
344 2092 393 2150 Dei
405 2094 433 2149 in
446 2094 530 2150 nohis
544 2095 840 2164 manentecharilate,
857 2112 1021 2169 peccemus.
1076 2100 1133 2155 hus
1150 2099 1232 2168 legis,
1254 2097 1401 2170 siquidem
1418 2111 1494 2151 unus
1510 2098 1555 2151 est
1579 2099 1666 2161 Deus,
1688 2094 1739 2167 qui
1756 2093 1906 2166 justificat

198 2183 393 2249 Quamobrem
415 2183 450 2238 de
473 2183 597 2240 muliere
622 2184 1022 2257 peccatricediaiturzclli·
1078 2187 1328 2244 circumcisionem
1366 2202 1401 2241 ex
1432 2183 1506 2257 lege,
1535 2187 1564 2239 et
1584 2182 1762 2257 praepulium
1787 2199 1822 2239 ex
1846 2181 1907 2239 lide

198 2272 357 2330 mittuntur
371 2273 396 2328 ei
412 2277 530 2344 peccata
546 2274 649 2340 multa,
666 2275 804 2346 quoniam
819 2274 922 2331 dilexit
935 2273 1023 2346 pluri·
1078 2277 1157 2348 (ibid.
1173 2279 1218 2342 28,
1235 2277 1299 2348 30),
1317 2299 1328 2328 ι
1348 2272 1502 2330 manifeste
1517 2271 1654 2341 ostendit,
1678 2288 1736 2329 non
1759 2270 1789 2327 in
1804 2271 1906 2328 honri-

199 2362 373 2434 mumltao.
401 2379 451 2432 vn,
480 2363 537 2434 47).
554 2385 567 2412 a
597 2364 637 2418 Ex
666 2380 724 2435 quo
753 2362 949 2436 intelligimus
964 2379 1022 2419 non
1079 2365 1252 2434 nismcrito,
1270 2365 1320 2420 sed
1344 2364 1375 2420 in
1400 2367 1457 2419 Deo
1481 2361 1577 2434 gratia
1600 2377 1664 2418 esse
1684 2361 1837 2433 justitiam
1852 2361 1907 2433 qui

200 2455 306 2509 nostre
323 2451 869 2525 solumessepotestatisfaceraquod
886 2452 1022 2524 volimus,
1078 2457 1142 2512 sine
1169 2455 1242 2527 legis
1272 2453 1407 2527 operibus
1436 2450 1617 2508 credentium
1651 2449 1777 2523 suscipit
1801 2450 1905 2506 iidem.

199 2535 820 2614 sedetDaiclementim,sinestramadjuvet
831 2540 1022 2598 voluntatem.
1078 2546 1160 2602 Unde
1175 2545 1325 2617 sequitur:
1343 2567 1357 2593 α
1373 2543 1528 2600 Peccatum
1542 2541 1629 2597 vestri
1654 2556 1712 2597 non
1734 2539 1904 2596 dominabi-

235 2629 351 2684 7.Deuc
369 2630 442 2684 eolus
465 2631 643 2698 iotmortctis,
666 2633 786 2702 sepiem,
809 2634 958 2702 perlectus,
975 2647 1025 2702 per
1078 2636 1283 2706 iur(llem.vr,
1307 2633 1392 2699 lits
1417 2633 1499 2688 Cur?
1529 2653 1540 2681 ι
1571 2631 1645 2696 Quia
1672 2645 1731 2686 nou
1760 2629 1907 2686 estissuh

198 2724 341 2773 naturum.
358 2719 484 2775 -Deus
500 2717 549 2774 lux
563 2719 736 2792 appellatur,
753 2724 781 2776 et
805 2719 931 2776 tenebrae
947 2720 975 2774 in
990 2735 1023 2775 eo
1078 2724 1152 2796 lego,
1170 2723 1219 2780 sed
1237 2723 1291 2778 suh
1306 2721 1400 2795 gratia
1414 2719 1520 2793 (leia).
1539 2741 1553 2769 »
1565 2741 1578 2770 e
1593 2718 1657 2774 Non
1673 2717 1750 2774 onim
1767 2717 1906 2787 volentis,

199 2823 259 2863 non
282 2811 351 2863 sunt
374 2806 440 2862 ullae
453 2807 477 2878 (l
499 2810 577 2863 4444.
604 2826 623 2876 ι,
639 2810 676 2879 5).
693 2809 814 2873 Quando
837 2808 909 2864 dicit
926 2807 1024 2864 nullas
1079 2828 1173 2884 nequo
1188 2811 1343 2876 currentis,
1361 2809 1410 2866 sed
1426 2807 1593 2866 miserentis
1614 2811 1659 2862 est
1683 2806 1732 2863 Dei
1759 2807 1847 2878 444444.
1864 2823 1907 2874 ιν,

198 2896 336 2953 tenebras
360 2897 388 2951 in
414 2896 463 2952 Dei
487 2896 599 2953 lunrine
618 2895 749 2969 reperiri,
775 2897 903 2952 ostendit
927 2896 1025 2952 omnia
1083 2901 1136 2972 46).
1155 2922 1168 2950 n
1185 2923 1200 2948 a
1213 2899 1294 2956 Unde
1309 2904 1337 2954 et
1351 2901 1453 2971 gentes
1468 2913 1531 2970 que
1546 2913 1604 2953 non
1619 2895 1808 2952 sectabantur
1815 2895 1907 2967 justi-

200 2982 325 3042 aliorum
342 2984 454 3041 lumine
470 2985 568 3058 aliqua
583 2987 667 3042 sorde
684 2985 834 3042 maculari.
851 2985 981 3057 Denique
997 2991 1026 3042 et
1079 2989 1161 3056 tiam,
1178 2988 1462 3061 comprehenderunt
1474 2983 1788 3058 justitiam,justilism
1804 2987 1908 3041 autem

203 3073 328 3145 apostoli
344 3073 530 3146 appellantur
545 3074 594 3130 lux
609 3075 721 3154 mundi.
738 3075 791 3130 Sed
815 3091 873 3130 non
893 3079 939 3129 est
953 3075 1024 3130 scri·
1079 3093 1113 3134 ex
1128 3077 1184 3134 fide
1198 3079 1218 3133 ¹.
1236 3077 1322 3134 lsrael
1338 3080 1436 3133 autom
1461 3091 1587 3147 sequens
1610 3074 1705 3148 legem
1720 3073 1858 3146 justitie,
1873 3075 1907 3130 in

201 3165 298 3232 ptum,
315 3163 392 3233 quad
409 3162 438 3216 in
455 3162 655 3234 apostolorum
679 3163 743 3218 luce
766 3161 851 3218 nullm
874 3162 934 3218 siut
949 3169 1026 3218 lane·
1080 3165 1173 3238 legem
1190 3166 1312 3238 justitias
1329 3182 1386 3222 non
1401 3164 1541 3238 pervenit,
1559 3163 1698 3236 quoniam
1715 3179 1774 3219 non
1789 3161 1907 3230 calide,

203 3248 271 3303 brar.
289 3248 498 3305 Etdsioanne
527 3250 682 3306 scribitur:
701 3249 782 3306 «Hic
801 3252 880 3306 venit
898 3241 1061 3308 intecti-G
1081 3257 1132 3312 sed
1159 3271 1193 3311 ex
1229 3255 1376 3328 operibus.
1407 3254 1596 3311 offenderunt
1622 3251 1701 3308 enim
1728 3250 1908 3324 inlepidem

203 3336 348 3402 monium,
365 3341 398 3390 ut
412 3337 612 3392 testimonium
627 3338 791 3409 perhiberet
805 3339 841 3396 de
857 3339 976 3408 lumine,
992 3343 1025 3395 ut
1078 3343 1249 3400 offensionis
1264 3342 1347 3416 (thid.
1363 3343 1398 3397 30
1420 3341 1516 3414 sepe).
1547 3364 1562 3392 »
1589 3362 1603 3392 «
1623 3339 1702 3396 Finis
1726 3339 1806 3396 enim
1829 3339 1906 3413 legis

202 3439 305 3480 omnes
320 3425 470 3480 eraderent
485 3442 536 3497 per
550 3425 644 3482 illum.
662 3427 723 3483 Non
740 3433 802 3484 eret
826 3428 875 3486 ille
896 3427 956 3496 lux,
971 3431 1022 3485 sed
1078 3433 1214 3490 Christus
1228 3431 1422 3504 adjustitiam
1438 3429 1518 3486 omni
1534 3429 1663 3486 eredenti
1680 3429 1769 3501 (Rom.
1785 3447 1813 3497 x,
1830 3429 1869 3502 4).
1889 3453 1905 3480 ‚r

200 3515 235 3568 ut
257 3512 460 3569 testimonium
487 3514 651 3586 perhiberet
675 3517 710 3571 de
734 3516 855 3574 lumine.
886 3517 1023 3574 Eratlnx
1112 3525 1138 3577 8.
1182 3522 1223 3577 Ex
1267 3520 1388 3594 Apostoli
1422 3520 1562 3597 Epistolis.
1601 3550 1635 3558 —
1662 3519 1780 3576 Cuncta
1811 3535 1906 3592 prope

198 3617 277 3672 vera,
294 3619 358 3675 que
373 3602 522 3659 illuminat
543 3619 660 3660 emnem
682 3604 831 3662 hominem
857 3607 1020 3664 venientem
1076 3611 1212 3684 Epistulae
1227 3609 1356 3683 Apostoli
1372 3609 1426 3665 hoc
1441 3609 1550 3665 hahent
1561 3607 1738 3681 principium
1751 3625 1758 3663 :
1771 3631 1786 3659 «
1800 3608 1906 3666 Gratia

198 3690 229 3746 in
245 3691 324 3748 hune
337 3692 481 3748 mundum
497 3693 586 3765 (loon.
604 3711 623 3758 ι,
639 3697 667 3760 7,
690 3695 728 3766 8).
745 3719 759 3744 »
782 3695 864 3752 Unde
886 3700 915 3751 et
937 3697 973 3752 de
988 3713 1021 3752 eo
1075 3700 1156 3757 vohis
1171 3703 1199 3756 et
1214 3717 1269 3772 pax
1285 3717 1301 3754 a
1316 3699 1374 3756 Deo
1389 3698 1473 3753 Patre
1490 3702 1518 3754 et
1541 3696 1656 3754 Christo
1680 3697 1748 3754 Jesu
1775 3695 1905 3755 Domino

198 3781 341 3854 scriptum
358 3786 419 3837 est:
435 3805 448 3832 «ι
466 3781 519 3846 Qui
544 3782 625 3839 salus
647 3783 736 3840 hahet
757 3785 1019 3852 immortalitatem,
1076 3789 1149 3847 4451
1167 3793 1267 3845 nostro
1283 3789 1307 3860 (l
1320 3788 1382 3844 Cor.
1400 3805 1420 3855 r,
1436 3787 1474 3856 3),
1492 3809 1506 3837 n
1522 3791 1551 3843 et
1570 3787 1660 3843 simili
1686 3787 1744 3843 flue
1759 3785 1905 3844 claudun-

200 3870 320 3926 tuost
340 3869 436 3926 lucem
455 3869 568 3927 habitet
593 3872 825 3928 inaccessibilem
851 3876 875 3945 (l
897 3876 1018 3943 fertvr,
1073 3883 1130 3934 tur.
1158 3878 1200 3933 hd
1230 3876 1395 3934 Corinthios
1424 3891 1541 3948 quoque
1569 3875 1725 3932 scribitur:
1749 3874 1814 3930 «444
1838 3863 1903 3933 ιιοιι

197 3958 254 4030 lc).
277 3981 287 4009 ι
305 3959 340 4014 Et
359 3965 435 4014 certe
451 3958 578 4030 legimus
594 3961 785 4028 immortales,
809 3962 946 4035 Angelos,
964 3963 1019 4018 im·
1073 3967 1230 4040 indigeatis
1246 3964 1306 4021 ulla
1332 3963 1497 4033 donatione,
1521 3967 1723 4036 exspectantes
1746 3960 1903 4018 revelatio·

197 4046 336 4104 mortales
359 4048 493 4104 'fhronos
520 4053 548 4104 et
582 4051 812 4118 nominationes,
843 4057 1019 4125 ceterasque
1073 4073 1141 4114 nem
1153 4055 1269 4112 Domini
1286 4055 1376 4110 nostri
1393 4052 1595 4121 lesuChristi,
1608 4053 1698 4125 quiet
1714 4050 1903 4109 confirmabit

194 4135 336 4194 Virtutes.
353 4137 408 4192 Sed
425 4137 507 4194 solus
522 4138 598 4195 Deus
614 4144 658 4195 est
674 4139 860 4208 immortalis,
877 4143 946 4212 quia
960 4159 1018 4198 non
1072 4161 1123 4201 vos
1139 4161 1232 4216 usque
1255 4143 1286 4199 in
1312 4143 1400 4198 fruem
1422 4142 1485 4197 sine
1509 4141 1631 4197 erimine
1655 4142 1685 4196 in
1710 4141 1757 4197 die
1780 4139 1901 4197 Domini

196 4229 241 4283 est
255 4242 306 4298 per
320 4227 456 4300 gratiam,
473 4231 505 4282 ut
516 4232 627 4296 emtore,
637 4229 687 4284 sed
701 4234 908 4300 pernaturam.
925 4231 1017 4293 Quam
1072 4233 1164 4289 nostri
1179 4233 1250 4289 lesu
1266 4231 1373 4287 Christi
1387 4230 1466 4302 (lhid.
1479 4231 1507 4296 7,
1523 4233 1561 4302 8).
1578 4253 1593 4281 »
1605 4230 1685 4287 Licet
1695 4243 1764 4303 ergo
1774 4228 1857 4286 nulla
1868 4229 1901 4286 iu

196 4315 233 4373 uh
262 4331 380 4372 causam
410 4315 486 4371 idem
519 4316 670 4389 apostolus
701 4317 803 4372 scribit
832 4319 917 4388 (Rem.
947 4319 1015 4390 xvi).
1072 4320 1724 4394 digeamusdonatione‚tamenexpeetamus
1745 4317 1900 4376 revelatio·

195 4403 399 4462 Deumsolnm
420 4406 755 4477 essesapienlem,cum
784 4405 1018 4475 etSelomoa,at
1072 4428 1139 4468 nem
1156 4409 1272 4466 Domini
1288 4407 1380 4465 nostri
1394 4407 1464 4466 lesu
1480 4409 1598 4476 Christi,
1624 4407 1674 4481 qui
1699 4413 1770 4463 tunc
1795 4409 1898 4464 ausin

195 4491 345 4548 mullialii
375 4494 468 4548 sancti
497 4493 645 4566 sapientes
670 4497 818 4560 vocentur,
848 4499 877 4550 et
902 4496 1017 4552 dicatur
1071 4500 1208 4556 omnihus
1219 4497 1413 4568 confirmabit,
1425 4495 1896 4564 etostendetsiuecrimine,cum

189 4580 274 4652 juxta
290 4580 465 4636 llehraicum
481 4583 516 4636 ad
533 4581 694 4653 prinoipem
711 4581 797 4654 Tyri:
817 4603 827 4633 ι
853 4583 1017 4656 Sapientior
1030 4615 1054 4681 D
1070 4589 1133 4645 dies
1148 4587 1263 4646 Domini
1277 4587 1369 4643 nostri
1381 4587 1450 4643 Jesu
1461 4586 1567 4643 Christi
1578 4591 1606 4643 et
1616 4586 1718 4642 mundi
1730 4585 1799 4642 linis
1811 4586 1897 4642 adve-

192 4668 313 4727 Deniale
327 4685 358 4724 es
385 4674 415 4724 tu
431 4670 538 4742 (Erech.
563 4687 662 4737 xxvnr,
687 4671 754 4742 3).»
782 4672 931 4735 Quomodo
946 4691 1014 4748 ergo
1070 4677 1155 4744 uerit,
1175 4681 1208 4733 ut
1231 4692 1289 4732 non
1314 4675 1454 4749 glorietur
1472 4674 1569 4732 omnis
1589 4691 1656 4732 caro
1678 4675 1708 4730 in
1734 4677 1896 4748 conspectu

191 4757 273 4816 solus
288 4758 349 4825 lux,
366 4757 447 4814 solus
463 4758 638 4814 immortalis
653 4765 681 4814 et
695 4758 776 4816 solus
792 4761 1015 4836 sapiensappel-
1069 4768 1144 4838 ejus.
1170 4765 1277 4822 Paulus
1301 4764 1454 4836 plantavit,
1475 4763 1577 4837 Apollo
1604 4763 1708 4836 rigavit
1726 4764 1750 4836 (l
1763 4763 1825 4822 Cor.
1850 4780 1895 4832 rra,

191 4848 282 4917 latur,
298 4863 364 4904 cum
381 4847 464 4903 multi
481 4847 672 4915 immortales,
684 4853 713 4904 et
736 4847 815 4906 luces
830 4853 1014 4926 etsapientss
1068 4857 1106 4928 6),
1123 4856 1173 4912 sed
1189 4855 1332 4911 Dominus
1348 4854 1563 4910 incrementum
1578 4853 1677 4910 dedit:
1705 4867 1773 4927 ergo
1799 4867 1895 4926 nequa

226 4991 446 5064 Ι4444444444
475 4993 572 5046 mento
598 4989 763 5074 hahuit'ex
789 4991 910 5104 toscphi
938 4993 1013 5051 libro
1068 5001 1143 5066 eto.;
1164 5013 1250 5054 secus
1277 4997 1354 5052 enim
1384 5011 1471 5052 omne
1498 4994 1575 5067 quod
1604 5009 1704 5052 cavere
1731 4995 1894 5053 hemanea

189 5060 222 5114 de
263 5061 437 5128 caetratae,
475 5079 528 5134 cap
566 5079 597 5116 ιιι
638 5080 644 5116 :
689 5065 725 5113 Oe
767 5062 818 5137 γάρ
862 5069 1011 5138 apricitas
1068 5073 1174 5142 potest,
1191 5065 1542 5141 peccatumnullosensu
1561 5064 1677 5122 dicitur.

188 5133 243 5180 τῶν
285 5135 376 5184 παθῶν
420 5134 434 5186 4
476 5131 610 5207 λογισμός
660 5133 742 5202 ἐστιν,
774 5131 837 5186 ἀλλ’
866 5133 1013 5208 decapen-
1104 5142 1114 5175 ³
1144 5140 1307 5196 Laborehat
1336 5153 1441 5194 sensus
1465 5134 1710 5209 interpunctionis
1732 5135 1820 5194 vitia:
1851 5136 1893 5193 sic

190 5199 274 5266 ostiu
293 5206 347 5256 lllcc
368 5205 441 5258 reim
465 5207 683 5276 perturbationes
707 5207 779 5261 ratio
804 5206 1011 5263 4444444444ῑί-
1066 5212 1144 5266 enim
1189 5211 1331 5284 seriptum
1360 5213 1431 5265 erat.
1464 5213 1548 5264 Lares
1584 5216 1609 5264 et
1650 5209 1786 5280 sapienter
1812 5209 1894 5269 stult

187 5273 243 5333 444,
273 5272 318 5324 scd
354 5278 535 5331 concertando
570 5281 717 5348 oppcprral.
748 5279 918 5350 Quanquam
950 5284 1012 5334 tota
1066 5283 1121 5338 suh
1156 5280 1354 5354 interrogandi
1391 5283 1469 5345 note,
1503 5279 1606 5336 exinde
1634 5296 1709 5336 nova
1740 5277 1891 5406 gariardus,

188 5339 268 5396 aurei
299 5342 362 5410 ejas
389 5342 455 5398 lihri
479 5347 612 5426 prefatio
637 5349 672 5402 ud
695 5354 1011 5422 quartanausquenu-
1066 5353 1256 5435 Sicpersectio
1283 5352 1415 5422 frumists,
1446 5357 1515 5420 ete,
1534 5351 1563 5406 in
1593 5349 1719 5424 vulgatis
1769 5353 1891 5409 actenus

188 5425 301 5467 merum
320 5412 544 5486 flieronymrano
560 5419 708 5490 proposito
733 5420 935 5477 commentarii
949 5421 1009 5477 vice
1065 5422 1158 5480 lihrrs.

186 5487 369 5564 essepotcst.
530 5555 536 5567 ,
617 5559 621 5570 Ι
1099 5494 1245 5550 ⁴arldunt
1272 5492 1404 5548 Vaticani
1431 5493 1490 5548 duo
1524 5507 1609 5563 msa,
1637 5492 1756 5548 Mrmdat
1779 5493 1889 5564 cuidem

220 5553 1009 5638 ’Lacetexhaoloeorntellrgera,Pelagianorumcira-
1063 5565 1253 5622 nescierunt
1279 5569 1388 5636 peccato
1416 5567 1483 5633 tem,
1512 5569 1579 5631 ete,
1613 5567 1701 5635 atque
1733 5565 1888 5623 adsomox

188 5627 336 5704 μαρτησὲαι
354 5643 386 5709 aa
407 5631 603 5708 pertinuisse,
621 5633 652 5709 ut
676 5629 764 5686 homo
776 5701 780 5711 Ι
794 5639 903 5689 careret
928 5637 1007 5691 omni
1063 5653 1157 5705 voces,
1178 5635 1366 5708 accipiendum
1380 5639 1429 5703 est,
1446 5651 1504 5690 nou
1517 5639 1690 5708 agnoscunt.

184 5705 314 5774 peccato,
347 5703 436 5757 ettam
461 5697 605 5753 materiali
636 5706 818 5771 ignorantiae,
842 5704 1006 5774 oblivionis,
1098 5707 1326 5776 waravilla,
1347 5707 1486 5766 4444444444
1506 5715 1597 5767 444444
1620 5719 1683 5780 444
1705 5709 1743 5767 ec
1765 5721 1803 5766 cc·
1823 5707 1886 5781 flate.
