4064 6158
136 231 194 306 {dl
759 239 790 308 S.
814 239 970 310 eusanii
993 237 1214 308 utuaoatut
1776 225 1837 302 488

135 390 285 434 summum
300 373 392 434 Deum
411 375 544 445 thracas,
561 393 628 435 cum
643 379 780 436 trecentis
808 379 958 454 sexaginta
972 397 998 463 Α
1014 371 1836 453 uolaitarumdoctrinareprehenditur.1temapudhnge·

135 463 265 538 quicque
287 467 482 524 editionibus¹
503 473 721 534 commentatus
736 473 798 525 est':
821 475 890 524 ωηο
912 469 960 524 Νἰ-
1015 465 1077 524 lum
1093 467 1308 542 Thiatyrorum,
1322 469 1436 526 ,Iezabel
1452 468 1647 542 prophetissa,
1661 470 1690 523 et
1713 462 1835 522 simula-

134 552 246 621 aolaus,
276 556 326 628 qui
352 573 428 612 unus
450 556 487 612 de
515 563 626 629 septem
653 557 787 614 diaconis
816 557 882 625 luit,
914 556 961 611 die
1015 573 1131 613 crorum
1145 575 1227 624 asca,
1243 562 1272 614 et
1285 558 1493 615 fornicationes
1507 559 1705 629 increpantur.
1729 555 1764 610 iii
1792 556 1835 608 ta·

134 647 280 716 noctuque
305 645 423 718 nuptias
461 645 581 715 faciens,
627 647 752 703 obsceno
788 652 816 702 et
857 645 959 702 auditu
1015 645 1534 719 menomneshusadpoenitentiam
1564 644 1706 702 Dominus
1734 642 1837 698 horta-

132 748 250 805 quoqnu
266 734 481 791 erubescendus
496 735 590 792 coitus
614 737 780 792 somniavit.
810 741 900 792 Taceo
925 735 960 790 dc
1014 740 1080 791 tur:
1093 736 1148 790 sub
1165 735 1391 792 comminatione
1406 751 1523 808 quoqne
1536 734 1640 790 sutura
1663 749 1764 805 pieriae,
1778 728 1837 786 nisi

131 821 447 890 Judaismihareiicis,
478 825 527 896 qni
552 829 618 882 anta
644 825 801 882 adventurn
840 824 958 890 Christi,
1014 822 1752 896 convertantur.Nonautemcogoretpcrnitere,si
1776 835 1835 874 non

133 908 687 985 legumtraditamdissiparunt:qnod
709 915 876 981 Dositheiis,
907 913 959 968 Sa·
1013 919 1090 970 esset
1101 913 1309 986 pauitantibus
1323 914 1436 970 veniam
1452 929 1654 969 concessurus.
1685 908 1835 981 Numquid

134 999 346 1056 maritaucrum
361 1001 669 1074 princeps,prupbatas
687 1003 850 1075 repudiavit
862 1021 868 1057 z
881 1003 958 1074 qnod

133 1088 284 1144 Sadducaei
301 1091 321 1158 ²,
338 1089 463 1146 ciiiilius
478 1091 574 1146 radica
590 1092 845 1156 irascentes,etiam
860 1108 957 1147 resur·

132 1177 289 1233 rectionem
302 1177 397 1233 carnis
410 1183 585 1251 negaverunt
601 1197 607 1234 :
626 1181 703 1251 quod
720 1181 892 1246 Phoibaia
906 1179 957 1235 lu·

134 1264 204 1320 daeis
230 1265 315 1322 divisi
344 1271 462 1340 propter
491 1268 634 1340 quasdam
664 1270 880 1326 observationes
908 1286 957 1324 su·

134 1354 271 1427 pertines,
288 1371 394 1412 numen
410 1372 527 1427 qnoque
548 1375 564 1412 η
590 1358 714 1414 dissidio
741 1362 955 1431 susceperunt:

134 1443 211 1515 qnod
228 1443 382 1499 Herodiani
398 1445 409 1478 ³
423 1444 566 1500 Herodem
596 1461 693 1518 regem
720 1463 874 1518 suscepere
893 1463 956 1518 pro,

1013 1001 1095 1067 dixit,
1112 1002 1327 1074 rebaptizentur
1341 1003 1390 1074 qui
1405 1003 1435 1057 iii
1450 1001 1658 1057 Nicolaitarum
1684 999 1740 1054 sida
1767 998 1837 1070 bap·

1013 1089 1262 1147 tizatisuntirel
1283 1091 1474 1163 imponantur
1502 1091 1544 1145 eis
1575 1105 1692 1156 marius,
1722 1087 1771 1160 qui
1801 1102 1835 1142 eu

1012 1183 1141 1252 tempora
1155 1181 1232 1251 apud
1248 1181 1443 1252 Pergamenus
1459 1179 1656 1246 crediderunt,
1671 1177 1721 1250 qai
1747 1173 1836 1232 disci-

1012 1267 1122 1340 plinam
1138 1269 1276 1324 tenebant
1295 1268 1438 1324 Balaairil
1467 1267 1541 1333 Quin
1570 1266 1678 1340 potina,
1701 1267 1765 1336 Aac,
1790 1265 1836 1321 in·

1013 1357 1087 1429 quit,
1102 1359 1312 1427 penitentiam:
1328 1360 1371 1414 etit
1388 1364 1492 1427 cutem,
1504 1373 1553 1426 coo
1568 1358 1677 1412 veniam
1693 1356 1745 1410 titi
1767 1357 1834 1424 citu,

1011 1454 1037 1502 ct
1050 1449 1177 1518 yiupnauo
1188 1451 1278 1502 tecum
1290 1449 1320 1502 iii
1334 1448 1494 1519 rtumpilioeu
1509 1447 1629 1502 crismei
1644 1444 1834 1518 (tracanto).

132 1530 255 1588 Christo.
281 1532 395 1588 Adeas
420 1533 502 1588 venio
533 1533 693 1602 hacreticus,
720 1534 771 1607 qui
804 1533 957 1607 Evangelia
1046 1539 1090 1592 25.
1116 1533 1143 1590 S.
1175 1535 1308 1608 Cypriani
1330 1538 1408 1607 epist.
1438 1536 1474 1592 ed
1498 1536 1678 1604 Stephon-tim.
1708 1533 1837 1606 Ejusdem

132 1619 325 1678 laniaverunt.
342 1621 535 1677 Saturninum
552 1623 722 1695 quemdam,
746 1628 775 1680 et
803 1624 924 1696 Ophites
934 1626 954 1692 ⁴,
1011 1640 1054 1696 cp.
1071 1623 1247 1680 cattutaicc.
1263 1657 1297 1665 -
1323 1624 1432 1680 Verum
1448 1625 1472 1680 si
1492 1623 1636 1680 voluerint
1662 1623 1692 1678 hi
1720 1621 1769 1694 qui
1798 1624 1836 1678 ab

133 1708 315 1776 attiniacus,
332 1709 545 1782 etSeitnoiias,
562 1717 590 1768 et
605 1711 818 1784 Carpocratem,
848 1721 876 1770 et
903 1715 956 1770 Ce-
1011 1711 1118 1768 Hilario
1133 1713 1259 1768 instituti
1282 1718 1360 1781 sunt,
1392 1729 1514 1769 amores
1540 1713 1604 1769 sine
1631 1715 1747 1785 pastore
1770 1727 1837 1768 asse

133 1797 276 1864 rinthum,
290 1803 319 1854 et
330 1796 419 1869 buy'us
430 1815 629 1856 successorem
647 1801 785 1858 libionem
801 1804 821 1869 ³,
837 1809 865 1858 et
876 1807 958 1859 arata·

134 1902 183 1943 raa
203 1892 309 1960 pestes,
331 1904 458 1960 quornm
482 1887 601 1960 plurimi
627 1889 738 1947 virente
762 1893 839 1948 198
863 1891 958 1948 adbuc

132 1975 245 2032 ιΙοηηηο
274 1976 405 2049 apostolo
429 1983 597 2050 eruperunt,
641 1985 669 2034 et
704 1985 801 2038 tamen
843 1981 956 2036 nullum

134 2081 233 2122 aurum
246 2063 372 2138 legimus
382 2065 607 2137 rebaptizatum.

166 2155 211 2209 at.
227 2155 367 2211 Haereticia
377 2154 552 2211 concedendo
563 2159 725 2228 pauitantia
739 2161 798 2216 ciac
813 2159 955 2232 baptismo.

132 2272 166 2283 -
181 2241 324 2306 Quoniam
337 2247 434 2298 autem
451 2243 519 2299 talis
543 2245 595 2300 riri
620 2247 745 2304 lecimus
767 2248 956 2320 mentionem,

132 2331 168 2386 de
182 2330 355 2404 Apocalypsi
372 2348 487 2404 quoque
499 2334 563 2404 ejus
579 2336 785 2407 approbemus,
814 2338 957 2394 haereticis

133 2419 197 2476 sirie
213 2419 388 2492 baptismate
399 2420 504 2477 debere
520 2423 723 2494 paenitentiam
748 2427 877 2484 concedi.
903 2430 958 2482 Aii-

132 2507 197 2581 gelu
207 2507 313 2580 Ephesi
324 2509 438 2564 deserta
448 2509 576 2566 charitas
600 2511 774 2584 imputatur.
800 2515 831 2570 lii
846 2514 957 2588 Angeia

132 2597 317 2670 Pergamena¹
340 2597 485 2666 Ecclesiae,
506 2598 738 2672 idclutHytorum
754 2620 832 2671 esus,
857 2609 886 2660 et
909 2604 957 2659 Ni-

134 2713 506 2787 saoctns,primogenitum
529 2716 653 2784 Satanae,
673 2739 686 2765 »
713 2721 774 2784 Qua
797 2720 831 2776 in·
857 2739 958 2779 narra·

132 2785 211 2841 tione
222 2785 339 2840 tametsi
354 2786 503 2851 eri-averit,
521 2787 556 2843 de
571 2787 683 2844 launna
694 2797 722 2844 at
737 2791 863 2848 Basilide
889 2793 958 2849 scri-

134 2856 306 2928 bens‚quud
322 2858 357 2912 de
385 2856 540 2929 l‘ulycarpo
571 2863 599 2914 et
622 2860 766 2918 Marcione
793 2865 879 2919 retert
901 2865 958 2919 Ire·

135 2944 227 2990 umus,
245 2927 338 2984 sensit
353 2933 450 2984 tamen
466 2927 524 2994 ille,
548 2929 703 2986 basilidem
733 2935 957 3006 apostolicorum

135 3004 301 3070 temporum
317 2999 484 3055 hereticum
497 3001 653 3066 exstitisse,
669 3005 745 3075 qnod
762 3005 808 3061 bic
822 3005 876 3060 loci
890 3023 956 3062 cuin

134 3069 338 3144 aHiaronymo
357 3087 473 3142 quoque
494 3073 669 3138 at'tirmetnr,
691 3075 775 3131 multi
804 3078 863 3133 salli
889 3094 957 3133 euni

134 3145 249 3214 putarit.
281 3143 363 3198 Certe
392 3142 580 3198 Firmilianus
607 3145 684 3216 apud
720 3147 749 3201 S.
781 3133 994 3220 CyprianumC

134 3213 220 3285 epist.
236 3213 287 3268 75:
307 3213 387 3269 «Sed
404 3218 432 3268 et
455 3213 611 3280 Valentini,
640 3217 740 3288 ixionii,
766 3223 794 3274 et
822 3220 957 3275 Basilidis

134 3289 252 3355 tempus
268 3285 456 3340 manifestum
471 3287 606 3411 estquod
619 3288 661 3342 eti
686 3287 708 3344 si
745 3291 956 3362 ustaposlolos,

135 3360 164 3411 et
180 3361 246 3428 pust
258 3355 376 3427 longam
387 3359 531 3411 etatema
554 3373 655 3413 versus
665 3305 826 3417 ἓοοΓοοὶηηη
844 3363 958 3418 boisce·

136 3427 236 3484 teretis
250 3427 412 3483 mendaciis
428 3425 490 3481 auis
507 3427 716 3485 rebellaverint.
733 3453 747 3481 a

174 3499 182 3532 ¹
198 3497 346 3553 Editionas
362 3503 432 3554 sunt
447 3498 584 3566 Virtutes,
612 3499 771 3573 Principes,
794 3508 823 3559 et
843 3504 957 3578 Angeli,

137 3585 212 3641 quos
223 3569 251 3624 iii
266 3571 318 3625 365
334 3569 442 3624 classes
449 3571 534 3640 y'nxta
557 3569 696 3627 coelorum
726 3591 882 3631 nnmerum
906 3577 958 3632 Ba-

137 3639 238 3696 silides
253 3641 447 3696 distribuebat
462 3640 560 3712 (coelos
576 3643 654 3698 enim
664 3644 717 3698 365
731 3647 858 3717 tingebat
872 3648 958 3718 esse),

138 3713 239 3784 sicque
264 3711 410 3785 appellare
434 3711 476 3766 illi
501 3713 612 3784 placuit
644 3715 729 3771 orbas
767 3733 839 3788 quus
878 3724 959 3774 motu

138 3782 244 3838 diurno
258 3784 300 3838 sol
338 3783 469 3839 arcuerit.
487 3785 740 3842 Sumrnushorum
758 3789 830 3844 deus
841 3795 869 3846 et
880 3791 959 3862 prin-

138 3801 431 3925 repseratxiraaas.
460 3853 537 3924 quud
563 3873 668 3912 noman
696 3860 831 3916 eumdem
861 3878 962 3916 nnme-

137 3941 203 3979 rum
220 3925 282 3980 suis
298 3925 402 3980 littaris
421 3924 547 3980 exhibet.
564 3928 617 3982 Sed
647 3929 747 4002 legunt
777 3933 824 3987 alii
839 3933 962 3989 iconibus

138 4009 188 4064 pio
203 3995 385 4051 editionibus.
401 3994 552 4051 Nicolaum
568 4014 653 4070 porro
684 4000 768 4057 multi
799 4005 834 4059 ab
860 4005 961 4060 haeresi

139 4065 310 4130 defenduut,
326 4083 393 4122 cum
409 4071 507 4122 tamen
524 4083 626 4124 ansam
644 4069 685 4126 iNi
707 4075 961 4131 comminiscendis

140 4137 256 4194 dedisse
272 4137 423 4194 Nicolaitis
438 4153 495 4192 non
507 4138 567 4194 dit'H
574 4146 697 4198 tenatur.

175 4210 186 4243 ²
200 4209 340 4282 Origenes
355 4210 384 4266 iii
399 4209 558 4266 Matthcum
576 4229 642 4268 cuin
664 4215 838 4271 sadduceos
868 4233 962 4270 resur-

139 4281 297 4338 rectionem
310 4297 426 4356 negare,
446 4280 600 4354 ipsamque
624 4285 728 4339 anima
758 4285 962 4341 immortalita-

139 4357 199 4408 tem
233 4370 369 4426 respuere
398 4352 530 4417 dixisset,
564 4354 708 4421 subditae
723 4362 748 4410 tt
763 4362 822 4411 αὐτὸ
837 4365 885 4422 τοῖς
900 4364 962 4412 ηαδ-

140 4429 259 4488 deumiura
290 4432 369 4494 du'ypa
414 4433 470 4494 περὶ
513 4433 556 4490 τῆς
602 4435 650 4480 τῶν
697 4432 825 4496 ἀνθρώπων
871 4434 961 4500 ψυγῆς,

140 4489 965 4636 tatia..litantia.iustiti.anitati

142 4632 214 4689 lianc
232 4649 316 4704 usqae
342 4633 413 4690 diem
442 4632 616 4690 Samaritani
644 4639 767 4692 tuentur.
792 4638 832 4694 De
865 4639 965 4695 Phari-

141 4703 218 4776 sats,
235 4722 384 4778 quaemus
398 4721 414 4758 a
428 4702 551 4762 dissidio
567 4719 674 4762 numan
696 4712 862 4782 suscepisse
880 4711 966 4777 dicit,

141 4781 245 4833 notarii
257 4793 291 4832 ex
314 4777 520 4846 Hebraiaopyp
532 4778 609 4850 quud
627 4778 799 4837 divisionem
810 4783 968 4855 significat,

145 4847 470 5002 espemappfflffi.ariis
485 4921 516 4976 iri
540 4921 707 4976 Matthaum
729 4921 784 4978 hoa
814 4923 849 4979 da
877 4925 968 4980 Hero-

143 4989 238 5046 dianis
254 4991 375 5048 ridicule
390 4994 590 5050 existimatum
603 4993 673 5048 dicit
687 5010 704 5048 a
719 4993 895 5065 quibusdam
913 4997 967 5050 La-

142 5059 282 5128 tinorum,
300 5068 370 5134 puta
384 5065 572 5130 Tertulliano,
589 5063 754 5132 Philastriu,
770 5065 967 5136 aliisque.ltla

142 5129 176 5184 de
195 5133 461 5204 Proescrt'pti'oitibaa
489 5137 628 5192 adversus
652 5136 791 5206 haeretic„
820 5153 883 5209 cap.
922 5139 967 5193 45.

146 5201 247 5257 «anm
274 5203 329 5268 his,
357 5207 565 5277 incusantium
592 5207 779 5276 Herodianus,
810 5208 860 5278 qui
889 5207 969 5264 Chri-

143 5275 224 5328 stum
249 5273 392 5330 Herodam
416 5293 481 5333 esse
510 5279 686 5334 dixerunt·
711 5278 763 5333 Hic
783 5278 884 5334 haeresi
916 5280 966 5334 28:

28 5405 36 5412 ι
144 5364 157 5392 a
175 5341 233 5398 Alii
249 5343 404 5400 Heracliani
421 5352 492 5402 sunt
511 5348 547 5403 ab
570 5349 681 5404 Herode
706 5366 772 5420 rege
799 5350 968 5406 Judaeurnm

144 5413 386 5486 itaappcllati...,
415 5433 503 5489 quam
533 5435 704 5490 percussum
735 5421 771 5475 ab
796 5421 910 5494 angela,
937 5428 970 5478 ut

145 5484 291 5567 Christum
317 5495 469 5560 sperantes
490 5495 666 5560 exspectant.
684 5513 697 5542 a
727 5493 825 5547 Patria
861 5492 971 5550 haberit

144 5556 335 5628 Epiphanius,
352 5558 456 5616 heresi
475 5559 521 5626 29,
552 5560 660 5633 aliique
684 5561 785 5618 Greci.
809 5563 903 5618 Facile
921 5581 970 5620 au-

144 5633 204 5685 tem
228 5628 375 5702 colligitur
397 5629 630 5688 Herodianorum
662 5633 780 5688 numine
809 5634 971 5715 appellatos

146 5705 216 5760 tuuc
231 5700 325 5774 ipsius
338 5701 461 5762 Herodis
473 5701 593 5774 milites,
609 5706 639 5761 ut
649 5704 717 5762 dum
733 5703 854 5763 tributis
864 5706 971 5765 Cesari

978 4499 1002 4564 D
1017 4501 1125 4556 Contra

1013 1806 1173 1873 coeperunt,
1188 1803 1224 1858 de
1239 1798 1396 1876 Scripturis
1425 1819 1464 1859 cia
1489 1803 1628 1874 proferre,
1645 1818 1708 1874 qua
1731 1801 1836 1856 beatus

1014 1890 1175 1962 Cyprianus
1191 1892 1228 1947 ob
1244 1891 1393 1947 hereticos
1408 1890 1630 1963 rebaptizandos
1645 1889 1674 1944 in
1701 1889 1837 1962 epistolis

1012 1979 1075 2035 suis
1091 1979 1219 2051 reliquit,
1235 1980 1425 2036 saiantiltum
1450 1979 1509 2035 heac
1534 1996 1592 2035 riori
1621 1995 1687 2034 cum
1715 1976 1837 2035 anatha·

1014 2070 1181 2124 matcltlt)
1204 2086 1305 2125 eurum
1334 2069 1384 2141 qui
1411 2085 1442 2127 su
1469 2068 1552 2140 sequi
1583 2067 1747 2136 noluerant,
1776 2066 1838 2123 edi-

1012 2156 1091 2213 disse
1105 2157 1125 2212 ὅ.
1144 2157 1294 2231 Siquidem
1310 2158 1339 2212 in
1355 2156 1561 2215 cummunione
1578 2173 1679 2212 aarum
1702 2172 1838 2228 perman-

1012 2246 1060 2312 sit,
1077 2245 1127 2318 qui
1140 2246 1290 2303 sententia
1307 2263 1366 2302 sua
1382 2244 1597 2302 contraierant:
1614 2245 1664 2300 sed
1686 2243 1836 2300 hortatum

1012 2335 1109 2408 potius
1125 2335 1215 2391 fuisse
1230 2341 1347 2409 propter
1362 2335 1515 2400 Nouatum,
1531 2337 1561 2389 et
1583 2331 1656 2389 alias
1677 2337 1747 2388 tunc
1776 2331 1837 2389 haa-

1012 2439 1091 2479 reses
1104 2422 1214 2480 multas
1225 2428 1405 2490 enascentes,
1423 2422 1632 2494 nequisquam
1652 2421 1688 2476 ab
1713 2437 1746 2477 eu
1771 2421 1836 2477 sine

1011 2513 1199 2570 damnatione
1224 2513 1330 2570 erroris
1356 2513 1402 2568 sui
1432 2512 1619 2584 reciperetur.
1664 2511 1836 2566 Sermonem

1012 2600 1136 2672 denique
1152 2619 1253 2670 suum,
1269 2617 1356 2674 quem
1373 2617 1461 2673 super
1476 2599 1530 2655 hau
1555 2616 1585 2654 ra
1600 2598 1636 2654 ud
1652 2597 1837 2670 Stephanum

1012 2717 1176 2792 pandendis
1192 2718 1317 2772 Herodes
1341 2716 1462 2787 Antipas
1488 2717 1636 2787 praeesset,
1667 2713 1746 2784 ipsos
1770 2713 1836 2784 ejus

1010 2789 1131 2846 numina
1157 2787 1342 2859 vectigalium
1365 2792 1512 2843 coactores
1540 2787 1619 2858 quud
1656 2785 1833 2858 Hieronymo

1010 2859 1286 2936 ipsiinttattheaum
1303 2859 1407 2930 placet.

1048 2930 1058 2962 ⁴
1076 2931 1379 3002 aeliamsanctiam.
1397 2931 1427 2985 lii
1445 2947 1515 2984 mss.
1542 2926 1693 2983 codicibus
1713 2924 1839 2983 Gctdmus
1876 2935 1883 2962 ⁶

1013 3025 1065 3078 pro
1081 3005 1214 3059 Cariniana.
1232 3001 1302 3056 Vide
1318 3001 1378 3056 haec
1393 3003 1468 3072 apud
1488 2999 1694 3071 ttpiphanium,
1706 3003 1734 3053 et
1749 2997 1837 3054 alius.

1012 3075 1154 3135 iiia-rixa.
1171 3104 1206 3113 —-
1234 3072 1380 3128 Victorius
1407 3079 1434 3128 et
1477 3070 1602 3126 Crinitum
1644 3069 1840 3141 Carpocratem

1012 3150 1084 3222 legit
1101 3161 1171 3216 :pro
1187 3145 1308 3200 Caiaieua
1331 3159 1406 3210 iero,
1431 3159 1506 3215 saepe
1535 3139 1674 3198 caciacus
1703 3141 1839 3196 invenire

1011 3215 1283 3278 estinaliislibris.

1047 3293 1057 3326 ⁵
1074 3286 1193 3346 Nullum
1208 3303 1338 3356 unquam
1350 3285 1489 3341 Ebiunem
1504 3283 1595 3339 tuisse
1619 3282 1725 3338 eruditi
1761 3298 1837 3337 nori-

1012 3362 1085 3418 nulti
1101 3363 1265 3425 autumant,
1281 3357 1389 3428 quibus
1406 3357 1510 3429 placat,
1540 3354 1684 3410 hereticis
1712 3352 1771 3408 iliis
1800 3369 1840 3408 ex

1011 3430 1183 3507 pauperede
1204 3428 1331 3496 Christo,
1360 3428 1515 3495 sententia,
1549 3425 1761 3481 Ebionitsrium
1781 3439 1839 3479 no·

1012 3522 1079 3561 men
1097 3501 1335 3558 suisseinditum.
1367 3499 1422 3554 Sed
1450 3515 1484 3556 ax
1511 3497 1656 3554 veteribus
1677 3511 1762 3552 nemo
1790 3499 1840 3552 est

1012 3577 1062 3649 qui
1080 3577 1173 3645 negat,
1191 3571 1274 3626 multi
1293 3571 1425 3643 quicum
1441 3565 1839 3625 affirmantexstitisse.Ter-

1012 3646 1165 3711 tutilanas,
1181 3643 1214 3698 de
1228 3642 1483 3714 Proscriptioiiilius
1503 3657 1567 3712 cap.
1588 3639 1651 3720 ,333
1682 3637 1837 3720 Pacianus.

1013 3719 1098 3791 epist.
1116 3716 1127 3770 1
1145 3733 1152 3777 ;
1169 3715 1352 3780 Philastrius,
1369 3713 1471 3768 heresi
1486 3713 1521 3768 37
1537 3730 1544 3779 3
1561 3709 1698 3778 Hilarius,
1714 3709 1746 3764 de
1777 3709 1839 3762 Tra-

1013 3793 1099 3846 iiitcte
1113 3806 1119 3854 3
1135 3785 1338 3851 Theodoritus,
1355 3785 1490 3849 Rufinus,
1507 3783 1556 3855 Hpi
1581 3781 1698 3847 hanins,
1715 3779 1765 3852 qni
1790 3778 1839 3835 in·

1014 3877 1103 3932 super
1118 3860 1147 3913 in
1163 3873 1236 3929 pago
1261 3856 1389 3911 Coclialio
1405 3800 1598 3912 bassanitiifis
1612 3851 1739 3934 pegionis
1755 3849 1840 3906 habi-

1014 3940 1093 3989 tasse
1103 3947 1171 3986 eum
1195 3927 1284 3983 tradit
1298 3926 1399 3982 haeresi
1411 3927 1455 3994 32,
1473 3944 1531 3982 nori
1547 3923 1733 3980 dissimulata
1749 3923 1840 3976 adno-

1016 4003 1177 4059 minationa
1192 4001 1384 4071 paupertatis,
1400 4013 1488 4068 quain
1498 3997 1636 4053 Hebraice
1652 4010 1758 4050 nomen
1773 3993 1845 4064 ejus

1018 4077 1180 4201 primCeorri't'ar
1197 4137 1355 4194 Eusebium
1371 4138 1475 4206 libari,
1492 4157 1517 4194 c.
1533 4141 1560 4204 3,
1589 4142 1617 4193 et
1642 4134 1845 4208 Augustinum

1018 4216 1069 4270 lib.
1086 4221 1212 4270 vccntro
1240 4211 1405 4278 Donatistae,
1431 4227 1494 4282 cap.
1524 4213 1568 4277 23,
1595 4208 1712 4281 quibus
1732 4203 1848 4262 dicitur

1017 4281 1367 4355 Stephanuspracaptssa
1395 4281 1514 4354 quidem
1544 4285 1578 4336 ut
1596 4279 1668 4335 nihil
1693 4278 1849 4334 innovare·

1018 4362 1077 4424 tur,
1094 4363 1181 4428 atque
1197 4352 1532 4409 anathemaminitatus:
1560 4351 1681 4407 minime
1700 4365 1767 4405 veru
1792 4365 1848 4420 pa·

1019 4446 1082 4484 acm
1099 4443 1147 4483 rea
1170 4441 1200 4480 sa
1211 4439 1278 4479 cum
1294 4424 1436 4496 Cypriane
1452 4428 1539 4496 atque
1554 4419 1849 4492 At'ricanissregisse,

1140 4445 1301 4554 lkirmiliani
1316 4494 1455 4566 epistola:
1472 4517 1486 4548 a
1513 4495 1593 4560 Quod
1619 4509 1697 4550 nuuc
1720 4488 1850 4563 Stepha-

1019 4588 1075 4628 nus
1090 4585 1181 4626 ausua
1196 4572 1241 4623 est
1256 4568 1359 4634 lacere,
1375 4583 1515 4638 rumpens
1525 4567 1664 4622 adversus
1674 4579 1729 4619 nus
1739 4576 1850 4634 pacem

1022 4659 1110 4715 quam
1127 4655 1242 4710 semper
1255 4643 1454 4694 antecessores
1470 4639 1533 4709 ejus
1543 4637 1695 4694 vobiscum
1710 4637 1854 4690 amureet

1022 4714 1132 4769 honore
1152 4716 1254 4766 mutua
1292 4709 1504 4766 custodierunt.
1523 4731 1536 4759 η
1570 4709 1646 4764 Sunt
1685 4705 1755 4761 adeo
1815 4705 1852 4758 ui

1022 4786 1231 4856 Hieronymum
1243 4780 1349 4835 erroris
1365 4787 1498 4852 arguant.
1526 4781 1583 4852 ng
1613 4777 1752 4833 libentius
1779 4721 1853 4855 sitiet

1024 4854 1228 4912 Firmilianum
1246 4852 1342 4922 ipsum
1356 4852 1545 4924 postularem.
1563 4851 1647 4906 Certe
1662 4851 1852 4920 Augustinus

1022 4927 1075 4982 lib.
1092 4925 1152 4982 vcia
1168 4925 1304 4988 Ruittiaiau
1318 4929 1418 4979 contra
1433 4924 1611 4989 Donatistae,
1648 4935 1712 4992 cap.
1741 4917 1786 4982 25,
1811 4917 1854 4973 de

1022 4998 1173 5070 Stephano
1189 4996 1281 5052 dixit:
1298 5016 1311 5042 a
1329 4995 1373 5050 lta
1384 4995 1519 5066 quamvis
1531 4989 1855 5072 commotius,lrateriic

1023 5069 1376 5139 tamemindignarantni,
1392 5065 1460 5121 vicit
1474 5070 1572 5122 tamen
1600 5080 1656 5136 pax
1684 5060 1791 5142 Christi
1818 5075 1854 5116 in

1023 5141 1160 5196 cordibus
1171 5140 1318 5201 eurum,ut
1333 5135 1446 5193 nullum
1463 5138 1599 5192 intereos
1610 5133 1856 5214 schismatisma-

1023 5211 1085 5266 lum
1101 5212 1241 5267 oriretur.
1255 5231 1267 5257 a
1281 5205 1387 5262 Notum
1397 5213 1546 5282 praeterea,
1561 5207 1641 5262 hisce
1656 5203 1854 5260 monimentis

1023 5283 1183 5354 quantasit
1197 5281 1269 5335 fides
1289 5278 1465 5342 adhihenda,
1493 5297 1527 5334 air
1554 5278 1603 5334 illo
1632 5275 1766 5348 ejusdem
1789 5273 1853 5328 Au-

1045 5349 1321 5418 ustinitcstimuniu,
1344 5349 1430 5423 epist.
1453 5351 1512 5406 92:
1540 5373 1554 5400 a
1579 5349 1642 5405 Nun
1672 5347 1778 5402 desunt
1795 5343 1856 5414 qui

1023 5369 1079 5480 {aa
1094 5423 1271 5496 Cyprianum
1283 5438 1404 5494 prorsus
1428 5439 1484 5478 nun
1502 5421 1630 5477 sensisse
1659 5415 1852 5479 contendant,

1011 5495 1076 5551 sed
1103 5497 1157 5550 sub
1187 5495 1250 5564 ejus
1278 5493 1396 5549 numina
1420 5511 1437 5550 a
1458 5491 1732 5564 praesumptoribus,
1761 5488 1857 5568 atque

1026 5564 1218 5622 mendacibus
1248 5565 1339 5622 tuisse
1361 5565 1529 5621 confictum.
1555 5586 1570 5616 a
1608 5563 1699 5618 Vetus
1733 5557 1850 5616 editio:

1025 5639 1119 5694 Sciam
1133 5636 1224 5706 ittam,
1246 5653 1302 5697 auu
1316 5652 1410 5695 eurum
1424 5637 1475 5710 qui
1487 5651 1516 5695 ac
1530 5635 1607 5710 aequi
1620 5632 1852 5706 uulnerauerun-

1026 5711 1143 5768 teiitt'um
1158 5708 1255 5770 odisee.

1988 4525 2030 4580 :¹3
