4054 6168
228 307 311 382 ,ω
781 337 784 348 .
847 297 881 364 s.
902 290 1060 362 manau
1078 291 1313 363 ausorum.
1846 291 1922 380 itit

224 441 331 500 virtute
356 455 422 506 sua,
446 437 532 512 quasi
558 435 626 510 equi
648 435 799 494 velocitate
825 433 964 498 confisus,
985 445 1049 488 eam
1065 431 1092 498 Α
1107 434 1213 486 cuncta
1227 430 1388 486 referamus
1404 427 1480 501 quod
1496 425 1537 486 ibl
1554 425 1600 486 vel
1623 423 1751 496 maxime
1763 427 1916 497 ᾱιιινιιοιῆ·ν

222 529 349 588 voluerit
364 526 509 603 predonis
524 541 606 584 more
620 524 764 600 populari,
780 523 907 595 effugere
926 537 984 576 non
998 536 1048 574 va·
1105 522 1137 574 ut
1148 518 1177 572 in
1193 515 1347 590 Evangelio
1364 533 1481 592 quoque
1494 516 1638 592 scriptum
1652 521 1708 576 est.

222 617 305 675 lebit.
322 617 431 672 Totum
446 618 545 672 autem
561 631 613 686 per
635 612 837 686 metaphoram
862 608 1006 681 serpentis
1021 609 1050 663 et
1139 605 1232 678 (Vers.
1249 605 1286 660 22
1300 609 1328 662 et
1343 605 1437 680 seqq.)
1454 626 1468 658 ν
1484 603 1575 664 Filius
1590 610 1695 662 auctus
1709 603 1831 678 Josepb,
1846 603 1917 662 filius

222 706 331 780 equitis
342 703 483 777 loquitur.
494 701 605 760 Videas
615 704 754 776 ergotam
765 699 870 758 fortem
879 696 1047 754 Nazaraeum
1104 697 1209 752 auctus
1224 710 1312 766 super
1326 693 1436 752 sontem
1451 693 1528 764 tilia,
1553 695 1646 768 gradu
1671 693 1834 768 composito
1848 693 1917 752 inae·

222 798 319 864 tuum,
336 791 415 866 quod
439 794 468 847 et
489 791 553 864 ipse
573 794 692 864 propter
714 786 898 846 meretricem
913 789 1048 866 mortuus
1103 783 1205 839 dentes
1227 799 1317 856 super
1341 798 1470 840 murum.
1497 783 1532 838 itt
1553 782 1801 840 exacerbaverunt
1815 787 1918 840 eumet

222 886 280 950 est,
295 886 325 938 st
350 880 479 938 moriens
499 883 614 936 nostros
638 877 746 934 occidit
768 875 915 942 inimicos,
936 872 1046 946 putavi,
1103 871 1325 940 contenderunt,
1345 875 1374 928 et
1397 871 1598 930 irascebantur
1622 873 1763 930 adversus
1778 887 1857 938 eum,
1871 871 1917 928 bx·

220 969 242 1025 0
258 969 349 1037 Deus,
360 967 460 1042 ipsum
474 982 538 1025 esse
548 965 698 1023 Christum
709 964 815 1020 Filium
827 966 911 1020 tuum
925 977 932 1016 ι
944 976 1047 1018 verum
1101 960 1205 1018 bontas
1220 959 1353 1034 sagittas.
1369 960 1448 1018 Sedit
1462 961 1491 1016 in
1508 960 1574 1018 lorti
1599 977 1685 1018 arcus
1711 961 1787 1032 ejus,
1801 963 1831 1016 et
1844 960 1917 1016 diru-

221 1057 440 1130 quiamcrtuus
463 1059 519 1124 est,
544 1057 573 1111 st
599 1071 657 1111 nou
682 1051 851 1119 resurrexit,
877 1055 906 1108 et
927 1065 1047 1106 rursum
1101 1053 1152 1120 pta
1179 1053 1249 1106 sunt
1286 1047 1428 1106 vincula⁷
1454 1065 1597 1106 manuum
1635 1049 1709 1120 ejus,
1740 1066 1757 1106 a
1787 1043 1928 1106 manibxu'

221 1145 353 1219 captivus
378 1145 486 1201 ductus
510 1147 556 1202 est
581 1141 681 1210 lsrael,
707 1141 784 1198 alius
815 1139 890 1196 mihi
915 1137 1047 1196 Salvator
1101 1135 1297 1206 lortislacob,
1319 1136 1387 1194 inde
1406 1141 1543 1210 pascetur
1564 1136 1641 1210 lapis
1665 1135 1917 1212 lsraelaneopr·

219 1234 334 1303 mundi,
350 1238 379 1292 ot
393 1234 451 1290 mei
466 1232 581 1308 generis
596 1230 812 1305 praestolandus
827 1233 881 1298 est,
899 1230 932 1286 tlt
955 1228 1047 1284 ueniat
1100 1224 1155 1282 tris
1168 1224 1223 1294 tui,
1239 1224 1434 1298 ».etre1iqua.
1451 1225 1525 1292 Quia
1538 1223 1732 1300 Septuaginta
1749 1225 1917 1298 Interpreles

217 1325 264 1380 cui
281 1323 430 1396 repositum
444 1325 483 1378 aot
497 1325 524 1378 at
539 1321 596 1394 ipae
610 1323 664 1378 erit
677 1319 843 1392 exspectatio
857 1318 990 1390 pestium.
1101 1313 1130 1370 in
1139 1313 1286 1386 plerisque
1298 1314 1486 1380 dissentiunt,
1498 1331 1550 1388 pro
1560 1313 1800 1387 interpretatione
1810 1331 1916 1385 aarum,

1100 1404 1133 1457 ut
1147 1401 1177 1457 in
1194 1402 1310 1458 ltebreo
1327 1401 1462 1472 habetur,
1478 1402 1687 1477 expressimus.
1703 1404 1737 1460 llt
1757 1406 1803 1460 est
1818 1419 1917 1462 sensus

1101 1489 1240 1566 capituli:
1265 1494 1288 1547 0
1312 1491 1434 1566 loseph,
1459 1491 1510 1565 qui
1539 1492 1604 1550 ideo
1630 1491 1673 1548 sic
1700 1491 1824 1564 vocaris,
1855 1493 1917 1564 quia

1101 1579 1219 1636 adauxit
1233 1583 1260 1635 te
1275 1580 1347 1638 mihi
1364 1585 1449 1648 Deua,
1466 1581 1527 1638 sive
1546 1580 1616 1655 quia
1637 1581 1714 1637 inter
1736 1580 1842 1638 tratres
1857 1586 1917 1640 tuos

1101 1669 1195 1739 major
1210 1669 1326 1725 laturus
1340 1685 1371 1726 es
1394 1668 1567 1742 (fortissima
1589 1668 1735 1742 siquidem
1758 1669 1816 1725 luit
1829 1669 1917 1726 tribus

1100 1755 1250 1831 Ephraim,
1265 1762 1299 1814 ut
1314 1757 1344 1813 in
1359 1757 1526 1832 Regnorum
1541 1761 1570 1815 et
1584 1756 1829 1832 Paralipomenon
1839 1757 1916 1816 libris

1097 1843 1254 1918 legimus):
1270 1849 1304 1914 0,
1316 1845 1449 1922 inquam,
1466 1846 1508 1902 tili
1522 1847 1563 1904 mi
1577 1846 1698 1920 loseph,
1713 1846 1766 1918 qui
1781 1851 1836 1904 um
1849 1846 1916 1920 pul·

1097 1931 1166 1990 aber
1180 1948 1221 2000 es,
1244 1935 1277 1990 ut
1299 1938 1328 1990 te
1351 1937 1411 1991 tota
1433 1935 1470 1992 de
1493 1935 1598 2002 muris,
1618 1938 1648 1991 et
1669 1935 1811 2004 turribus,
1829 1951 1861 1990 ac
1874 1935 1913 1990 le-

1098 2021 1205 2078 nestris
1219 2020 1385 2094 puellarum
1400 2023 1514 2098 AEgppti
1524 2023 1611 2080 turba
1623 2027 1799 2096 prospectet,
1810 2021 1915 2080 invide·

1097 2112 1167 2166 runt
1194 2109 1259 2178 tibi,
1287 2115 1315 2168 et
1342 2115 1371 2167 ta
1406 2113 1443 2170 ad
1480 2111 1665 2169 iracundiam
1693 2117 1917 2185 pmvocavemnt

1097 2199 1202 2256 iratres
1215 2199 1271 2268 tui,
1285 2199 1426 2258 habentes
1443 2200 1544 2258 livoris
1559 2199 1693 2274 sagittas,
1706 2205 1735 2258 et
1749 2200 1803 2258 aeli
1814 2201 1917 2274 jaculis

1096 2286 1252 2346 vulnerati.
1262 2288 1372 2346 Verum
1382 2293 1413 2347 tu
1427 2306 1528 2346 arcum
1539 2294 1623 2346 tuum
1635 2294 1663 2346 et
1673 2305 1757 2347 arma
1769 2289 1917 2364 pugnandi

1096 2377 1220 2449 posuisti
1244 2379 1274 2433 in
1298 2377 1367 2446 Deo,
1392 2377 1443 2451 qui
1468 2378 1552 2435 tortis
1576 2382 1621 2436 est
1650 2382 1869 2452 pmpugnator:
1892 2383 1917 2436 et

1095 2464 1210 2522 vincula
1225 2469 1286 2536 tua,
1303 2467 1411 2538 quibus
1428 2470 1457 2522 te
1481 2467 1585 2524 tratres
1608 2467 1785 2540 ligaverunt,
1800 2467 1839 2524 ab
1860 2467 1915 2542 ipsc

1096 2553 1192 2612 soluta
1207 2559 1286 2623 suut,
1303 2559 1331 2612 et
1352 2555 1478 2628 dirupta,
1505 2562 1538 2612 ut
1563 2571 1597 2612 ex
1622 2560 1671 2612 tuo
1697 2555 1810 2614 semine
1826 2556 1915 2613 tribus

1096 2647 1234 2700 nascatur
1247 2643 1398 2716 Ephraim,
1415 2643 1496 2700 tortis
1513 2648 1543 2701 et
1566 2642 1691 2712 stabilis,
1718 2649 1747 2700 et
1767 2643 1865 2702 instar
1877 2645 1914 2702 la·

1096 2731 1174 2804 pidis
1189 2732 1318 2789 durioris
1334 2731 1453 2801 invicta,
1464 2730 1612 2805 imperans
1623 2749 1741 2808 quoque
1755 2734 1860 2792 decem
1873 2734 1913 2790 tri-

250 2825 343 2898 (Vers.
360 2827 417 2900 21.)
433 2849 447 2877 a
468 2825 655 2898 Nephthallm
680 2823 842 2898 virgultum
866 2821 1042 2892 resolutum,
1095 2819 1194 2878 bubus
1208 2819 1306 2878 lsrael.

215 2915 291 2972 dans
307 2914 336 2971 in
354 2913 542 2990 generatione
556 2912 819 2987 pulchritudinem.
835 2933 849 2962 »
866 2911 898 2968 ln
923 2910 1042 2968 habrae
1130 2913 1225 2979 (Vere.
1242 2911 1305 2984 27.)
1327 2932 1341 2960 a
1358 2910 1512 2982 Benjamin
1527 2911 1616 2984 lupus
1638 2927 1738 2984 rapax,
1760 2929 1850 2970 mane
1871 2929 1913 2970 eo·

216 3003 258 3062 ita
280 3005 422 3078 seriptum
446 3007 508 3062 est:
535 3025 549 3055 ν
572 2999 785 3077 Nephthatiw
808 3015 878 3072 ager
900 2998 1041 3072 irriguus,
1097 2999 1195 3056 medat
1209 2998 1315 3066 adbuc,
1331 3003 1359 3056 et
1373 3000 1409 3055 ad
1423 3016 1575 3074 vesperam
1590 2999 1672 3057 dabit
1686 3016 1800 3060 escam.
1820 3025 1836 3054 o

216 3092 289 3150 dans
316 3091 433 3166 eloquia
462 3089 701 3164 pulchritudinis,
719 3112 733 3138 ν
762 3087 944 3162 significans,
962 3089 1041 3160 quod
1132 3087 1276 3154 Quamdc
1295 3085 1384 3144 Paulo
1410 3087 1562 3160 apostolol
1586 3088 1832 3148 manifestissima
1851 3108 1912 3166 pm·
2000 3089 2001 3114 ¹

217 3195 301 3251 aquea
316 3177 416 3235 calida
431 3179 460 3234 in
482 3179 545 3250 ipsa
568 3183 729 3235 nascantur
752 3178 850 3234 tribu:
877 3176 936 3234 sive
962 3177 1038 3249 quod
1055 3159 1077 3227 C
1096 3175 1194 3247 phetiu
1210 3176 1259 3247 sit,
1276 3176 1413 3233 omnibus
1430 3177 1738 3250 praetereumtes
1753 3179 1913 3236 adolescen-

217 3265 418 3338 superiacum
448 3266 524 3324 818
554 3265 743 3334 Genesareth,
773 3265 884 3322 lluento
902 3265 1040 3322 iordanis
1097 3263 1157 3320 tint
1173 3264 1569 3336 persecutusllcclesiam,in
1585 3271 1734 3324 senectute
1749 3267 1913 3340 predicator

217 3352 391 3427 irriguasit.
408 3353 633 3411 llebraeiautem
649 3353 760 3425 volant,
777 3352 1040 3428 propter'liberia·
1095 3351 1242 3426 Evangelii
1277 3353 1374 3424 luerit,
1398 3357 1497 3412 tamen
1520 3355 1551 3410 in
1573 3355 1693 3412 Hebraeo
1723 3357 1766 3414 sic
1794 3357 1911 3431 legitur:

217 3441 296 3510 dem,
312 3458 376 3516 quse
390 3441 464 3516 legis
480 3442 633 3498 videbatur
648 3443 754 3500 habere
775 3441 920 3512 notitiam,
936 3458 1039 3514 agrum
1097 3465 1110 3494 u
1127 3441 1278 3513 Beniamin
1293 3440 1381 3516 lupus
1396 3459 1485 3517 rapax
1500 3445 1565 3509 [siue
1574 3444 1717 3518 capiens],
1727 3445 1758 3501 in
1775 3447 1911 3503 matutina

218 3527 374 3605 irriguum,
398 3535 426 3588 ct
459 3528 575 3603 eloquia
604 3530 833 3604 pulchritudinis
862 3530 1038 3604 prophetari.
1095 3530 1641 3605 comedetpraedam,etadvesperam
1658 3533 1912 3608 dividetcpotia»

216 3623 305 3677 Porro
321 3619 369 3677 ubi
387 3636 440 3677 nos
455 3637 554 3692 aprum
568 3621 716 3692 irripuum,
732 3623 761 3675 et
776 3619 967 3694 Septuaginta
982 3617 1041 3673 art·
1095 3620 1176 3686 Quod
1193 3620 1234 3676 ita
1252 3619 1362 3676 llebraei
1376 3621 1560 3678 edisserunt:
1576 3621 1674 3678 Altara
1688 3622 1718 3678 in
1735 3639 1796 3696 quo
1811 3624 1912 3680 immo·

217 3703 302 3784 λεχος
320 3707 470 3781 ἀνειμένον,
487 3707 576 3765 idest
598 3709 746 3780 virgultum
771 3709 921 3766 resolutum
936 3723 1040 3782 posue·
1095 3707 1232 3764 labantur
1247 3708 1360 3777 hostie,
1376 3713 1406 3765 et
1420 3709 1607 3766 victimarum
1623 3711 1745 3784 sanguis
1764 3711 1802 3768 ad
1818 3713 1911 3770 basem

253 1455 346 1528 (Vere.
364 1455 421 1527 te.)
431 1477 446 1504 u
458 1454 520 1511 Gad
536 1452 721 1510 latrunculus
731 1450 955 1508 latrocinabitur
965 1466 1043 1519 eum,

217 1550 247 1602 et
260 1545 324 1618 ipse
346 1542 571 1601 latrocinabitur
594 1541 735 1614 plantam.
753 1563 768 1592 ν
783 1540 872 1596 Juxta
890 1539 1046 1596 llebraeum

217 1630 400 1704 interpretati
416 1645 530 1688 sumus.
548 1629 605 1686 Sed
624 1628 674 1686 ubi
699 1646 752 1687 uos
777 1628 967 1686 latrunculum
992 1643 1043 1700 po-

217 1720 343 1790 suimus,
359 1719 400 1774 ibi
414 1719 560 1791 scriptum
575 1721 619 1774 est
633 1733 728 1774 annuo
751 1718 851 1790 (riva),
877 1720 911 1772 ut
930 1715 966 1772 ad
989 1731 1044 1772 axo

216 1823 324 1866 nomen
346 1806 501 1886 alluderet,
527 1805 576 1878 qui
600 1805 816 1878 significantius
842 1801 990 1872 εὕζωνοςί,
1014 1795 1082 1862 idB

215 1902 270 1966 est,
287 1898 435 1964 acuamus,
461 1895 522 1952 sive
545 1893 687 1966 expeditus
711 1893 834 1967 exprimi
861 1896 967 1965 polest.
983 1893 1042 1949 Το-

216 1991 280 2044 tum
296 1990 394 2043 autem
410 1984 482 2041 illud
500 1987 554 2052 est,
571 1983 660 2057 quod,
677 1988 745 2040 ante
769 1983 870 2039 liuban
882 1983 902 2050 ¹,
919 1985 947 2038 et
959 1980 1043 2036 dimi-

216 2075 296 2132 diam
311 2074 421 2130 tribum
436 2074 580 2141 Manasse,
597 2072 635 2129 ad
652 2071 739 2142 lilios,
755 2088 830 2144 quos
846 2079 927 2128 trans
938 2070 1042 2126 Jorda-

216 2177 284 2220 nem
298 2161 556 2235 inposeeseionem
567 2159 729 2227 dimiserat,
741 2163 809 2232 post
818 2158 1042 2232 quatuordecim

216 2268 309 2309 annos
324 2254 481 2317 revertens,
506 2249 640 2323 praelium
665 2249 822 2306 adversum
837 2264 887 2304 eos
908 2245 1041 2320 gentium

215 2340 377 2398 uolnerum
392 2339 503 2413 grande
518 2339 668 2412 repererit,
684 2341 713 2394 et
727 2338 812 2394 victis
827 2335 973 2404 hostibus,
988 2337 1043 2392 lor·

215 2428 284 2486 titer
296 2428 454 2498 dimicarit.
472 2429 547 2501 Lege
563 2427 675 2483 librum
685 2427 757 2484 lesu
769 2426 847 2483 Nave
863 2425 954 2497 (lassae
967 2426 1041 2494 ιιιιι),

215 2522 245 2576 et
259 2517 497 2592 Paralipomenon
522 2519 557 2589 (l,
576 2519 613 2590 v).
640 2515 703 2572 Non
728 2515 830 2588 ignoro
846 2513 932 2586 plara
947 2513 977 2569 in
995 2513 1041 2569 be·

215 2606 433 2663 nedictionibus
458 2605 691 2680 patriarcharum
710 2619 776 2660 esse
803 2601 972 2676 mysterial,
990 2601 1040 2658 sed

216 2693 394 2766 adpraesens
410 2695 587 2767 opusculum
602 2709 659 2750 non
676 2691 812 2766 pertinet.

217 3801 297 3865 runt,
314 3797 343 3854 in
361 3798 478 3854 llebraeo
493 3795 601 3870 legitur
614 3814 698 3854 aram
717 3782 918 3870 aeneatoribus
932 3781 1038 3867 abiar,
1095 3795 1174 3854 illius
1189 3796 1376 3864 tundebatur]
1394 3795 1422 3852 in
1447 3802 1529 3870 parts
1551 3799 1629 3857 88⁰
1653 3798 1750 3858 tribus
1764 3801 1910 3874 Benjamin

217 3887 294 3958 quod
319 3890 414 3958 potest
435 3890 464 3941 et
485 3901 578 3942 ceruus
599 3889 713 3942 emissus
736 3885 898 3949 transferri,
923 3887 1041 3957 propter
1095 3884 1160 3940 luit.
1177 3885 1247 3954 lloc,
1263 3884 1411 3957 inquiunt,
1427 3901 1495 3958 ergo
1510 3886 1666 3960 significat,
1683 3891 1762 3959 quod
1784 3889 1909 3946 sacerdo·

217 3979 421 4046 temporaneae
447 3975 556 4048 fruges,
578 3974 761 4032 velocitatem
787 3979 869 4030 terra
897 3971 1040 4030 uberioris
1094 3977 1138 4030 tes
1154 3989 1239 4030 mane
1254 3972 1544 4043 immolanthostias,
1564 3981 1592 4034 et
1615 3977 1651 4034 ad
1674 3993 1829 4050 vesperam
1843 3976 1911 4033 divi·

217 4062 385 4119 ostendeus.
401 4061 456 4118 Sed
472 4061 587 4132 melius,
603 4063 628 4120 si
645 4062 681 4118 ad
697 4062 860 4119 doctrinam
880 4059 1039 4118 Salvatoris
1094 4061 1169 4119 dunt
1183 4078 1225 4134 ea,
1241 4077 1305 4134 quse
1330 4062 1385 4120 sibi
1414 4079 1431 4119 a
1458 4063 1566 4138 populo
1587 4081 1623 4121 cx
1638 4063 1701 4138 lege
1716 4065 1824 4124 collata
1839 4069 1913 4134 sunt,

252 4223 261 4259 ¹
277 4221 388 4280 vitiose
411 4225 474 4278 erat
498 4217 617 4291 εὕζονος.
642 4221 708 4278 vid.
732 4223 763 4279 in
779 4219 923 4296 superiori
937 4219 988 4276 lib.
1004 4219 1041 4276 de
1095 4238 1211 4295 quoque
1224 4222 1372 4295 praleras.

216 4294 379 4352 Nominibus
393 4309 428 4350 ex
442 4293 547 4350 Genesi
563 4298 591 4351 et
604 4293 711 4350 Exodo.
1130 4302 1140 4336 ⁸
1156 4302 1237 4358 ltleus
1252 4305 1280 4357 et
1295 4301 1397 4374 Regin.
1412 4318 1481 4371 ma,
1505 4305 1671 4376 Quanquam
1693 4303 1727 4361 ds
1749 4307 1839 4364 Paula
1854 4319 1915 4377 opo·

251 4365 331 4423 ¹Pro
355 4373 418 4422 ante
440 4365 550 4449 legerat
572 4364 713 4448 alcuinus
737 4360 917 4420 concinniori
939 4378 1039 4447 sensu,
1093 4373 1161 4428 stolo
1184 4373 1410 4443 manifestissima
1431 4373 1575 4446 prophetia
1597 4376 1642 4444 sit,
1666 4383 1738 4450 quod
1767 4379 1800 4434 iu
1825 4377 1918 4435 adale-

218 4436 284 4505 (lad,
304 4440 334 4494 et
356 4441 459 4492 catera
480 4443 549 4493 rtem
573 4453 602 4492 ra
628 4439 716 4505 recto,
742 4435 843 4506 huben,
867 4438 893 4490 et
921 4433 1040 4491 demedio
1093 4444 1209 4513 scentia,
1227 4446 1280 4499 etc,

217 4509 307 4614 ‘niu'
322 4507 452 4592 danaae.
717 4579 722 4589 ,
913 4576 954 4590 ,,
1055 4531 1079 4596 1)
1130 4523 1299 4580 uVictorius
1315 4523 1397 4580 addit
1409 4539 1469 4592 curu,
1492 4523 1558 4580 lam
1582 4541 1649 4582 vero
1673 4541 1709 4582 ex
1727 4529 1771 4583 tot
1787 4525 1918 4592 Petrum,

278 4577 506 4635 patriarcharum
528 4593 585 4634 esse
608 4581 748 4648 mysteria.
773 4575 970 4633 Proetermrttrt
988 4578 1040 4634 be·
1095 4594 1240 4667 praecipue
1255 4594 1437 4666 Latinorum,
1462 4609 1596 4664 numero,
1618 4597 1669 4669 qui
1690 4598 1726 4653 de
1741 4598 1833 4656 Paulo
1850 4614 1920 4672 upo-

218 4649 415 4734 Πθᾶῑῦῖὶθῡθω,
428 4651 509 4720 Aser,
524 4648 639 4732 qflissjss
659 4647 713 4704 ¹¹⁸⁰
740 4646 822 4730 ¹¹⁰¹!st
836 4651 879 4703 “Si
894 4647 1043 4732 ⁶5⁸⁰?de
1095 4665 1180 4733 stolo,
1206 4681 1240 4721 ex
1264 4665 1414 4738 Benjamin
1440 4666 1518 4722 tribu
1542 4672 1621 4734 nato,
1645 4666 1746 4726 iacobi
1767 4670 1920 4727 oraculum

217 4721 334 4848 HObffi
344 4719 512 4847 sffiffifl
523 4723 630 4776 Gl'ffifflss
640 4718 857 4792 exemplaribus
871 4719 938 4774 LXX
953 4724 1042 4776 fflifll'·
1095 4737 1334 4819 interpretantur,
1351 4741 1469 4819 prestat
1484 4737 1585 4819 audire
1599 4739 1771 4796 Tertulliani
1787 4741 1920 4825 luculen-

217 4809 269 4900 prf
283 4836 402 4922 Rectius
424 4832 539 4936 Regina
564 4877 619 4916 ms.
644 4861 796 4928 vetustior,
820 4859 975 4932 deputasti,
1005 4861 1041 4915 ad
1094 4807 1920 4950 {wfhmplplffipfesstgffitnffilffl'gvpppfgmprpzngglprscfflffss

217 4952 372 5010 Habraeum
388 4937 487 5016 tinen.
504 4951 560 5008 Sed
575 4967 632 5008 non
649 4951 718 5034 item
735 4950 888 5034 bene-mcx
903 4950 933 5005 in
950 4949 1041 5006 altero
1097 4951 1241 5034 promisit
1257 4950 1335 5007 later
1349 4949 1417 5006 illas
1438 4949 1518 5034 enim
1542 4953 1661 5026 ligures,
1682 4959 1712 5010 et
1735 4955 1922 5028 propheticas

218 5027 272 5092 est,
303 5025 373 5108 daus
399 5025 511 5108 etoquia·
532 5021 757 5107 pulchritudiuis.
783 5021 947 5105 Sipuzficaua
973 5018 1043 5093 quad
1096 5037 1185 5104 super
1200 5021 1360 5104 lllrossuos
1376 5021 1602 5107 benedictionum,
1615 5025 1704 5107 Jacob
1717 5042 1785 5082 cunr
1798 5027 1835 5084 ad
1852 5027 1922 5084 lien·

217 5093 1042 5236 “ttttmtttt‘tttttd‘ttttttttt‘tttttvttt
1092 5094 1540 5220 ttttttttthtttatt·
1553 5095 1922 5226 is⁰i¹i¹llis¹²²5ai3⁹⁰dffl

219 5236 343 5291 stantior
357 5251 413 5291 ms.
429 5237 558 5304 SLUAA,
575 5253 627 5309 pro
643 5254 700 5310 quo
717 5208 902 5292 Martiauaeus
916 5233 1040 5314 satur.
1097 5250 1194 5291 escam.
1212 5233 1250 5290 lla
1267 5235 1343 5290 tribu
1359 5236 1437 5290 enim
1453 5208 1606 5307 Benj'amin
1630 5186 1776 5297 oriturixm
1792 5209 1917 5298 faulum

219 5303 301 5386 Apud
318 5310 429 5364 veteres
446 5325 597 5392 nunquam
616 5308 673 5391 iere
687 5307 800 5374 Salaeca,
824 5306 884 5362 sive
898 5322 912 5363 c
927 5310 1042 5361 tenura·
1097 5305 1276 5432 pmvidebat,
1292 5304 1394 5378 lupum
1411 5321 1544 5388 rapacem
1569 5309 1605 5364 ad
1627 5312 1809 5368 matutinum
1823 5325 1918 5368 come·

219 5385 677 5500 simme,resonatrnrtrovocrs.
752 5450 757 5461 Ι
926 5449 931 5460 ¹
1118 5379 1269 5460 autemid
1297 5382 1353 5445 ast,
1383 5393 1478 5449 prima
1505 5383 1589 5436 artata
1616 5386 1800 5462 vastaturum
1815 5394 1917 5466 pecora

234 5514 238 5522 ι
310 5461 448 5513 naama,
465 5449 603 5516 Quamuis
622 5449 833 5506 oetmacrmam
851 5446 951 5504 domest.
1097 5447 1223 5517 Domini,
1242 5452 1274 5504 ut
1287 5453 1502 5522 persecutorem
1528 5449 1912 5522 Ecclesrarum,dehrucad

253 5517 332 5574 lPro
353 5517 462 5572 uincula
485 5522 544 5574 tros
573 5536 644 5578 mss.
670 5519 761 5576 nostri
786 5517 895 5574 habent
918 5519 1040 5590 brachia.
1096 5535 1246 5590 vesperam
1262 5535 1359 5575 escam
1375 5521 1523 5590 daturum,
1544 5521 1573 5576 id
1597 5526 1652 5590 est,
1669 5524 1840 5599 devergente
1859 5525 1914 5578 'am

221 5589 489 5664 lttrumqucautem
501 5588 690 5646 retinentVut
716 5589 1040 5660 ‚uinculatrartiarum
1096 5595 1189 5656 atate,
1206 5606 1272 5648 oves
1286 5589 1394 5654 Christi
1409 5591 1613 5664 educaturum,
1630 5599 1664 5656 ut
1686 5596 1831 5660 doctorem
1851 5541 1911 5654 ila·

221 5663 277 5732 vlo.
299 5663 356 5729 sed
379 5659 518 5722 llahraus
542 5669 602 5728 uit
623 5607 738 5722 cruia
756 5663 885 5736 tantum,
901 5661 979 5740 quod
994 5661 1043 5724 bio
1095 5661 1253 5724 tionum.»
