4064 6158
206 212 266 312 tar
681 205 688 212 '
827 225 860 290 s.
883 221 1037 292 nasum
1059 223 1280 294 nicaenam
1844 217 1905 292 sas

207 379 274 424 cum
288 364 426 422 defuncto
441 359 545 422 marita
561 365 714 421 ommetur.
730 365 778 420 He
801 359 892 436 igitur
905 365 1025 418 eonten-
1039 363 1068 428 Α
1082 377 1197 435 qnoque
1210 363 1313 421 secula
1333 378 1385 438 pro
1405 361 1538 437 exemplo
1563 361 1660 434 fuerit,
1677 377 1733 437 quc
1749 359 1903 436 impudici·

208 455 283 512 dunt
296 452 373 512 inter
386 471 418 511 se
432 455 468 510 de
493 470 591 510 amore
615 451 668 508 viri
681 471 687 520 ;
713 457 741 508 et
767 451 886 508 ambitio
912 467 1028 506 summa
1082 451 1123 508 tia
1138 457 1303 510 monstrum
1318 457 1390 521 erat,
1407 470 1464 510 non
1479 453 1592 510 vitium,
1604 453 1702 525 lsjam
1714 469 1801 509 senex
1810 456 1839 508 et
1851 456 1905 508 tre·

206 543 381 602 certantium
396 548 451 613 cst,
468 559 500 598 ac
516 542 716 599 testimonium
737 541 890 606 castitatis,
907 539 1027 610 dignam
1082 541 1173 597 menti
1187 559 1306 614 corpore
1322 543 1351 597 in
1368 543 1495 614 quodam
1506 543 1606 616 jurgio
1618 541 1732 598 audivit
1741 539 1907 612 exprobrari

206 637 299 690 morte
314 633 439 690 decerni.
456 633 556 704 ltaque
570 631 672 686 victrix
692 631 723 686 in
747 629 848 686 habitu
865 630 1028 699 ornatuque
1081 629 1138 684 sibi
1151 647 1183 688 os
1197 631 1340 697 foetidum,
1357 637 1386 688 et
1396 631 1489 688 tristis
1500 649 1532 688 se
1543 631 1666 687 domum
1677 629 1812 687 contulit.
1823 629 1908 686 Cum-

205 722 423 796 pristincjunta
438 721 560 777 cadaver
574 720 707 785 accubat,
724 716 893 789 amplexans
913 714 1028 770 illudet
1081 734 1138 790 que
1159 719 1241 775 uxori
1265 725 1387 792 questus
1410 724 1488 776 esset
1508 736 1599 792 quare
1624 735 1776 791 nunquam
1798 734 1830 774 se
1846 735 1908 774 mc·

204 810 391 878 deosculans,
415 813 444 866 et
464 809 633 881 suppositos
656 806 739 878 ignes
767 803 912 878 pudicitie
941 802 1027 858 lande
1081 807 1205 876 suisset,
1223 807 1617 864 uthuicvitiomederatur:
1636 806 1796 874 Fecissem,
1814 805 1910 878 inquit

204 904 404 956 contemnens.
420 899 492 954 Puto
508 915 572 969 quar
588 896 631 952 sic
654 893 787 962 moritur,
812 892 956 948 secundas
972 908 1025 946 nu·
1073 894 1140 964 illa,
1158 895 1213 952 nisi
1230 903 1381 970 putassem
1397 897 1536 954 omnibns
1549 895 1621 953 viris
1637 896 1721 953 eicos
1734 895 1820 953 olere.
1837 896 1907 951 Lau-

203 986 501 1061 ptittsnonrequlrll.
529 984 693 1041 Alcibiades
715 981 763 1038 ille
782 979 959 1048 Socraticus,
984 979 1024 1036 vl·
1081 985 1178 1043 danda
1193 985 1223 1041 in
1240 989 1363 1058 utroque
1385 985 1493 1059 pudica
1515 989 1544 1042 st
1568 984 1676 1042 nobilis
1701 984 1821 1051 semina,
1838 987 1868 1040 st
1882 983 1907 1040 si

203 1077 257 1134 ctis
268 1075 507 1141 Atheniensibus,
523 1073 597 1147 sugil
612 1074 647 1129 cd
662 1071 1027 1137 Phssrnabazut1¹·0ul‚c⁰·
1079 1073 1223 1150 ignoravit
1236 1075 1339 1132 vitium
1354 1074 1419 1144 viri,
1435 1079 1463 1131 ot
1478 1074 1503 1130 si
1527 1074 1671 1149 patienter
1691 1073 1769 1142 tulit,
1785 1077 1813 1130 et
1828 1073 1905 1147 quod

203 1172 287 1240 cepto
301 1165 393 1238 pretio
408 1181 425 1220 a
440 1162 588 1236 Lysandro
599 1162 730 1234 principe
741 1159 1025 1216 Lacedaemoniorum
1081 1166 1204 1222 maritus
1220 1165 1419 1222 infelicitatem
1436 1163 1566 1236 corporis
1579 1163 1636 1232 sni,
1649 1180 1708 1220 nou
1719 1162 1817 1218 uxoris
1828 1161 1908 1218 fasti-

199 1253 293 1324 l'uffllt
305 1268 373 1310 0¹¹1ss
390 1250 525 1307 lsslffl'ffl·
542 1253 672 1322 cumque
688 1249 828 1304 ⁸¹¹ff002l0
845 1251 932 1319 caput
949 1252 1026 1302 esset
1080 1255 1137 1321 dio,
1154 1254 1204 1312 scd
1221 1253 1376 1310 maledicto
1391 1254 1484 1311 sensit
1495 1253 1617 1309 inimici.
1630 1254 1713 1309 Certe
1723 1268 1789 1324 quac
1801 1266 1907 1307 secun-

202 1339 343 1407 ablatum,
359 1345 388 1396 et
401 1339 527 1396 missum
544 1339 693 1411 Lysandro
707 1337 737 1392 in
753 1336 953 1394 testimonium
969 1352 1025 1392 cae·
1080 1343 1151 1398 dum
1168 1343 1248 1398 ducit
1262 1343 1412 1410 maritum,
1429 1342 1483 1398 hoc
1499 1357 1557 1398 non
1572 1345 1669 1412 potest
1682 1341 1787 1397 dicere.
1799 1338 1908 1396 Marcia

201 1427 387 1501 dissxplete,
400 1427 511 1499 reliqna
522 1443 590 1500 pars
601 1425 854 1499 corporisJaccbat
869 1423 1023 1495 insepulta.
1079 1431 1197 1488 Catonis
1212 1431 1273 1487 fllia
1286 1430 1393 1498 minor,
1409 1446 1478 1486 oum
1493 1433 1674 1502 quereretur
1689 1430 1725 1485 ab
1735 1433 1907 1500 eacurpost

201 1517 269 1574 Sola
283 1517 374 1589 igitur
397 1516 568 1582 concubina,
591 1518 691 1572 contra
711 1513 907 1569 crudelissimi
932 1511 1025 1568 hostis
1079 1519 1222 1577 amissum
1239 1521 1380 1576 maritum
1395 1521 1490 1575 denuo
1516 1535 1575 1574 non
1603 1518 1735 1585 nuberet,
1756 1515 1908 1590 respondit

95 1609 97 1614 ’
200 1600 1023 1678 imperium,inter'extraneos,otimminentediscrimine,
1080 1624 1137 1664 ron
1163 1625 1194 1666 se
1218 1609 1347 1664 invenire
1372 1608 1467 1664 virum
1494 1609 1545 1680 qui
1562 1624 1593 1664 se
1608 1606 1905 1681 magisvclletqnam

200 1693 296 1750 funeri
320 1695 404 1765 iusta
427 1692 574 1762 persolvit,
604 1693 677 1748 mori
705 1696 807 1765 parata
832 1707 882 1762 pro
898 1693 1022 1758 mortuo,
1078 1714 1142 1754 sua.
1159 1703 1220 1766 Quo
1236 1697 1474 1754 diatoostendit⁴
1490 1695 1606 1752 divitias
1631 1695 1725 1770 magis
1748 1695 1778 1751 in
1803 1695 1906 1752 uxori-

200 1798 289 1854 quem
304 1781 402 1839 vivum
419 1781 567 1838 dilexerat.
584 1782 738 1838 Imitentur
753 1784 902 1847 matrone,
919 1783 948 1835 ct
963 1795 1023 1834 ma·
1078 1787 1133 1842 bus
1149 1786 1216 1859 eligi
1231 1785 1334 1854 sotere,
1359 1803 1446 1858 quarn
1470 1785 1654 1858 pudicitiam,
1677 1788 1707 1842 et
1721 1783 1830 1840 multos
1846 1801 1905 1840 non

200 1870 410 1928 hronaesaltem
426 1871 610 1940 Christianae‚
626 1870 855 1926 concubinarum
881 1868 979 1936 sidem,
997 1871 1026 1922 et
1078 1875 1169 1931 oculis
1193 1875 1243 1932 sed
1269 1874 1368 1947 digitis
1397 1891 1502 1931 uxores
1537 1875 1653 1931 ducere.
1691 1874 1809 1946 Optima
1833 1889 1905 1930 sans

201 1963 341 2033 prestent
356 1959 449 2016 libera
466 1960 543 2032 quod
558 1959 819 2032 caprirascrvavir.
1078 1981 1134 2033 res,
1164 1981 1252 2036 qnam
1283 1963 1403 2020 avaritia
1440 1962 1586 2019 conciliat.
1626 1963 1732 2018 Eadem
1762 1979 1830 2018 cnm
1857 1961 1904 2019 lu-

236 2049 281 2104 45.
298 2049 395 2106 Strato
410 2048 529 2122 regulus
543 2048 659 2105 Sinodis
684 2065 771 2104 mann
797 2047 914 2120 propria
929 2062 960 2102 se
975 2061 1023 2100 vo·
1077 2058 1158 2126 geret
1171 2053 1277 2120 virum,
1297 2057 1325 2109 ct
1348 2057 1487 2109 matrone
1512 2053 1547 2108 ab
1569 2067 1604 2107 ea
1627 2059 1790 2123 quererent
1814 2067 1904 2123 quem

103 2177 112 2191 .
186 2135 265 2194 lens
284 2138 447 2206 confodere,
472 2155 509 2194 ne
532 2137 755 2194 imminentibus
778 2135 873 2193 Persis
897 2133 1023 2190 ludibrio
1077 2143 1154 2199 diem
1170 2142 1289 2199 haberet
1304 2140 1401 2198 luctus
1416 2140 1565 2207 ultimum,
1584 2141 1641 2196 ait:
1655 2141 1746 2206 Quem
1774 2145 1803 2196 et
1826 2140 1904 2209 vite,

200 2223 1024 2299 loret,quorumloednsAEgyptiirogissocietatanegle·
1077 2230 1218 2297 Arbitror,
1235 2246 1298 2302 quac
1317 2229 1358 2284 ita
1387 2229 1481 2284 virum
1511 2229 1660 2301 querebat
1687 2228 1847 2298 absentem,
1868 2229 1905 2284 de
1942 2255 1951 2270 ·

200 2317 291 2384 xerat,
308 2314 510 2371 retrahebatur
535 2315 699 2382 formidine,
726 2318 754 2370 et
779 2313 911 2388 gladium
935 2327 1022 2384 quem
1077 2318 1204 2376 secundo
1216 2317 1403 2374 matrimonio
1415 2333 1472 2374 non
1484 2317 1639 2390 cogitabat.
1651 2317 1759 2373 Brutus
1772 2317 1905 2374 Porciam

200 2403 365 2476 arripuerat
379 2403 638 2476 circumspectans,
650 2403 780 2460 hostium
791 2401 914 2476 pavidus
925 2416 1024 2472 caspe·
1076 2408 1220 2482 virginem
1237 2405 1319 2462 duxit
1334 2423 1453 2462 onerem
1467 2423 1473 2474 ;
1489 2405 1626 2462 Marciam
1652 2405 1722 2461 Cato
1742 2421 1801 2461 non
1815 2405 1904 2478 virgi.

201 2492 300 2549 sslflbsl
323 2493 492 2549 adventum·
517 2494 608 2559 Quem
631 2494 815 2565 jssffljttmquc
848 2490 1022 2564 capiendum
1077 2513 1164 2566 nem;
1180 2496 1231 2552 sed
1247 2495 1356 2552 Marcia
1373 2495 1450 2550 inter
1473 2494 1683 2550 Hortensium⁸
1707 2493 1906 2570 Catonemque

200 2580 465 2655 uxorinretbgens,
491 2582 627 2656 exstaret
651 2581 798 2639 acinacem
823 2582 859 2637 de
879 2596 979 2647 manu,
996 2583 1024 2633 ct
1077 2585 1225 2652 discurrit,
1250 2588 1279 2640 et
1304 2584 1367 2640 sinc
1391 2585 1499 2640 Catone
1530 2583 1624 2639 vivere
1655 2582 1764 2639 starcia
1793 2584 1905 2654 potuim

199 2668 278 2726 latus
292 2671 356 2740 aius
371 2669 625 2726 transverberavit.
650 2669 875 2742 compositoque
894 2685 928 2724 ex
944 2683 1023 2723 more
1078 2673 1178 2730 Porcia
1192 2674 1255 2729 sirie
1271 2673 1360 2729 Bruto
1375 2689 1433 2729 non
1448 2671 1551 2745 potuit.
1569 2671 1662 2745 Magis
1677 2672 1756 2729 enim
1768 2688 1799 2728 se
1809 2671 1906 2728 unicis

200 2757 333 2814 cadaveri
346 2773 377 2814 se
394 2759 522 2814 moriens
537 2757 703 2830 superjecit,
724 2773 760 2813 ne
780 2761 846 2829 post
869 2756 1024 2828 virginalia
1076 2762 1147 2818 viris
1162 2761 1309 2834 applicant
1324 2761 1458 2828 femine;
1474 2765 1503 2817 et
1517 2761 1590 2816 nibil
1615 2759 1694 2816 aliud
1722 2777 1818 2828 nosse,
1839 2777 1905 2818 ma-

199 2847 309 2904 foedcrs
334 2846 455 2903 alteriue
480 2846 589 2903 coitum
614 2846 780 2902 sustineret.
805 2845 963 2916 Xenophon
993 2844 1021 2898 ic
1077 2867 1168 2924 gnum
1184 2850 1316 2907 arctioris
1330 2849 1519 2922 indulgentie
1533 2847 1682 2905 viaculum
1706 2854 1761 2905 cst.
1777 2848 1905 2906 Anniam

193 2936 266 3010 «Gyri
279 2936 402 3008 majoris
417 2936 518 2992 scribit
532 2935 667 3004 infantia,
678 2935 773 2992 occiso
783 2933 1022 3000 Abradole¹vir0‚
1077 2957 1144 2997 euni
1169 2939 1350 3012 propinquus
1374 2944 1514 3006 moneret,
1537 2943 1570 2994 ut
1591 2937 1673 2995 alteri
1697 2937 1758 2994 viro
1781 2939 1907 2995 nuberet

199 3041 288 3098 quem
299 3025 429 3082 Pantheo
440 3043 512 3082 uxor
522 3025 597 3082 miro
607 3041 705 3080 amore
714 3022 1024 3090 dilexeratcotlocasse
1077 3028 1152 3101 (csse
1161 3029 1239 3084 enirn
1251 3029 1276 3084 ei
1286 3032 1436 3084 rietatem
1448 3028 1606 3100 integram,
1617 3033 1646 3083 et
1657 3026 1759 3083 faciem
1770 3027 1904 3099 bonami:

199 3129 231 3170 se
242 3115 328 3184 iuxta
342 3130 448 3185 eorpus
468 3115 607 3184 lacerum,
623 3119 651 3168 et
663 3114 797 3170 confosso
813 3117 937 3184 pectore,
953 3127 1020 3166 san·
1036 3093 1058 3161 G
1077 3118 1279 3190 Nequaquam,
1295 3115 1403 3188 inquit,
1418 3116 1473 3172 hoc
1490 3115 1606 3172 faciam.
1622 3115 1650 3170 Si
1661 3115 1739 3172 enirn
1750 3115 1846 3172 virum
1856 3116 1908 3172 bo·

198 3201 318 3274 guinem
334 3217 422 3258 suum
438 3202 536 3258 mariti
550 3201 693 3258 infudisse
708 3200 887 3257 vulneribus.
906 3199 1020 3256 iustam
1076 3223 1147 3262 rium
1162 3206 1329 3274 invenerat,
1356 3205 1421 3261 nolo
1448 3205 1553 3262 timere
1567 3207 1645 3264 m
1661 3221 1697 3260 ne
1722 3205 1862 3277 perdam;
1880 3205 1908 3260 si

198 3305 320 3346 causam
336 3290 413 3362 regis
428 3289 577 3346 occidendi
593 3291 705 3362 putavit
725 3307 806 3358 uxor,
826 3306 915 3362 qnam
932 3288 1022 3344 mari·
1077 3296 1200 3362 maium,
1215 3295 1284 3369 quid
1301 3311 1420 3351 neccsse
1445 3299 1490 3350 est
1517 3298 1584 3366 post
1609 3295 1719 3351 bonum
1739 3293 1907 3367 pessimum

198 3381 247 3436 tns
261 3377 393 3435 nudam*
408 3378 568 3435 amicosne
592 3384 620 3435 et
635 3379 817 3452 ignorantem
842 3381 1021 3434 monstrave-
1076 3384 1242 3441 sustineret
1258 3383 1357 3440 Porcia
1369 3385 1466 3440 minor
1482 3399 1550 3440 cum
1565 3382 1735 3440 laudaretur
1748 3383 1825 3455 apud
1838 3399 1907 3439 eam

198 3471 253 3526 rat.
269 3467 415 3524 tunicavit
437 3469 516 3525 enim
540 3485 571 3524 se
595 3485 653 3524 non
676 3468 778 3536 amari,
802 3485 865 3540 que
886 3471 915 3523 et
938 3465 1021 3522 alteri
1075 3473 1209 3546 quaedam
1224 3474 1298 3530 hers
1313 3473 1684 3545 moratu,quaesccundum
1698 3472 1824 3528 habebat
1840 3489 1908 3528 ma-

197 3561 298 3632 posset
306 3557 429 3615 ostendi.
442 3558 712 3631 llbodogune³lllia
724 3558 808 3626 Darii,
819 3562 884 3630 post
896 3560 1020 3613 mortem
1075 3563 1175 3629 ritum,
1199 3562 1367 3634 respondit:
1393 3561 1471 3618 Felix
1494 3565 1524 3616 et
1547 3561 1654 3633 pudica
1677 3563 1812 3616 matrona
1826 3577 1908 3616 nnn-

197 3645 262 3716 viri,
278 3646 423 3704 nutricem
439 3663 503 3719 que
518 3645 560 3702 illi
575 3648 720 3704 secundas
735 3646 853 3720 nuptias
866 3645 1022 3718 persuade·
1074 3668 1164 3724 quam
1176 3655 1369 3723 preterquam
1385 3649 1475 3707 semel
1490 3651 1585 3706 nubit.
1596 3648 1732 3705 Marcella
1747 3649 1843 3720 maior
1857 3667 1906 3705 ro-

197 3735 257 3806 hat,
280 3736 394 3792 occidit.
418 3735 545 3793 Alcestin
572 3735 676 3792 fabule
704 3737 800 3792 ferunt
821 3733 874 3808 'pro
899 3735 1020 3792 Admeto
1074 3743 1271 3814 gataamatre
1281 3756 1335 3796 sna
1345 3738 1522 3812 gauderetne
1531 3755 1562 3794 se
1573 3739 1719 3810 nupsisse,
1733 3737 1904 3810 respondit:

197 3830 301 3898 sponte
325 3824 493 3882 defunctam
514 3843 520 3880 :
544 3827 620 3884 812
644 3829 673 3882 et
698 3825 855 3897 Penelopes
879 3823 1021 3896 pudicitia
1073 3828 1116 3885 lte
1130 3827 1222 3896 valde,
1239 3833 1273 3884 ut
1295 3827 1422 3900 amplius
1447 3826 1547 3883 nolim.
1569 3825 1683 3883 Valeria
1705 3825 1903 3882 Messalarum

197 3913 314 3971 Homeri
338 3929 456 3970 carmen
471 3917 525 3969 est.
551 3913 709 3970 Laodamia
730 3929 845 3985 quoque
868 3917 1019 3984 poetarum
1074 3935 1167 3985 soror,
1179 3917 1287 3973 amisso
1299 3916 1396 3973 Servio
1411 3913 1819 3984 viro,nullivolebatnubere.
1832 3915 1904 3981 Qua

197 4016 247 4059 ors
261 4006 408 4071 cantatur,
423 4003 518 4058 occiso
541 4003 618 4074 apud
642 3999 760 4075 Troiam
780 4002 950 4070 Protesilao,
967 4018 1018 4057 nc·
1072 4006 1252 4079 interrogata
1266 4022 1319 4061 cnr
1334 4005 1449 4072 faceret,
1475 4003 1515 4060 ait
1539 4001 1596 4060 sibi
1620 4019 1736 4074 semper
1760 4003 1905 4059 maritum

197 4089 290 4149 luisse
304 4091 497 4164 supervivere.
1073 4094 1205 4152 Servium
1220 4095 1323 4150 vivere.

232 4181 277 4238 ld.
301 4181 426 4238 llaticres
450 4185 577 4237 homone
600 4182 730 4252 imipnea.
751 4179 847 4236 -Ad
873 4181 1018 4236 Romanas
1108 4185 1152 4238 47.
1178 4182 1354 4252 Theophrasti
1380 4182 1413 4238 do
1439 4183 1548 4253 Nuptiis
1575 4182 1654 4238 liber.
1686 4182 1785 4238 licerit
1813 4180 1906 4238 docte

196 4268 322 4326 feminas
335 4273 502 4339 transeam3
526 4275 555 4325 et
578 4271 702 4341 primam
723 4286 829 4342 ponam
844 4268 1016 4336 Lucretiam,
1072 4273 1252 4330 incommoda.
1269 4274 1384 4344 Propter
1406 4271 1475 4342 qnod
1497 4271 1627 4328 dicamur
1652 4285 1762 4327 scores.
1777 4269 1906 4328 stataria

196 4375 260 4432 que
274 4358 387 4416 violate
397 4358 543 4430 pudicitie
553 4357 656 4415 nolens
667 4358 859 4430 supervivere,
871 4357 1018 4414 maculam
1072 4363 1215 4418 bominum
1229 4377 1284 4417 raon
1294 4376 1371 4416 roro.
1383 4393 1417 4400 —
1428 4359 1528 4416 Sentio
1538 4359 1567 4414 iu
1579 4357 1711 4431 catalogo
1723 4357 1904 4416 feminarum

196 4447 326 4519 corporis
341 4463 444 4503 cruore
459 4446 573 4503 delevit.
590 4445 717 4502 Duillius
743 4448 793 4513 [At.
810 4445 952 4520 Duellius]
967 4447 1017 4519 qui
1033 4465 1056 4529 Ι)
1072 4451 1164 4510 multo
1181 4467 1227 4508 me
1242 4449 1328 4523 plura
1344 4448 1451 4506 dixisse
1466 4464 1555 4521 quam
1570 4447 1770 4520 exemplorum
1787 4447 1905 4521 patitur

196 4533 310 4606 primus
322 4535 419 4590 Rome
430 4535 523 4592 navali
536 4535 694 4593 certamine
703 4535 904 4608 triumphavit,
914 4536 1019 4592 biliam
1074 4540 1264 4608 consuetudo,
1283 4543 1311 4594 at
1325 4556 1342 4595 a
1357 4538 1464 4595 lectore
1479 4536 1592 4594 erudito
1609 4535 1789 4608 juste—posse
1806 4553 1907 4609 repre-

195 4619 340 4696 virginem
364 4621 445 4678 duxit
469 4637 599 4690 uxorem,
624 4626 711 4678 tante
736 4623 890 4695 puditioiae,
917 4630 950 4680 ut
968 4624 1018 4683 illo
1074 4628 1174 4686 hendi.
1188 4629 1242 4684 Sed
1258 4627 1327 4700 quid
1344 4628 1461 4696 faciam,
1477 4643 1543 4682 cnm
1560 4623 1632 4680 mihi
1654 4623 1793 4682 mulieres
1808 4625 1905 4682 nostri

233 4819 241 4853 ¹
257 4817 433 4875 Veronensis
448 4816 498 4874 lib.
521 4819 668 4886 Abradctc,
689 4819 891 4878 cisterciensis
908 4821 1016 4887 strate,
1074 4826 1172 4878 autem
1187 4839 1238 4894 pro
1252 4823 1356 4878 Marcia
1368 4822 1395 4880 le
1418 4821 1525 4878 endum
1540 4821 1686 4880 videretur
1696 4823 1813 4878 Porcio:
1831 4838 1907 4878 nam

196 4890 402 4948 casanatensis
411 4890 547 4948 Atradite.
559 4891 624 4948 Vid.
636 4891 867 4965 Xenophontem,
894 4893 944 4946 lib.
967 4909 1016 4946 vn.
1075 4893 1349 4960 marcianistarum
1365 4839 1511 4958 acciditur,
1528 4909 1586 4950 non
1601 4892 1671 4962 filia,
1688 4893 1739 4950 sed
1761 4909 1835 4949 uxor
1850 4898 1906 4951 Ca-

197 4963 262 5018 Mox
277 4978 394 5034 quoque
407 4963 530 5020 Plautia
545 4964 575 5020 in
600 4968 699 5021 nostro
724 4981 780 5020 ms.
807 4965 954 5020 invenitur
967 4979 1018 5034 pro
1075 4965 1153 5020 tonis
1169 4965 1234 5021 fuit.

197 5031 332 5090 Porrtbeo.
590 5069 596 5075 »
1110 5036 1237 5094 ΕΜανεῑα
1256 5038 1327 5092 inter
1346 5033 1531 5100 Hortensium,
1554 5039 1609 5091 etc.
1621 5034 1810 5092 Discurrcbat
1825 5035 1910 5092 Mar·

232 5105 243 5138 ²
258 5104 342 5162 falsa
356 5105 543 5163 Martianeus
557 5123 639 5178 qaam
653 5108 758 5160 amicas
772 5105 884 5170 oedem,
897 5107 1019 5174 etc.,pro
1076 5107 1120 5163 cia
1133 5107 1210 5164 inter
1231 5103 1419 5162 Hortensium
1448 5109 1477 5159 et
1505 5104 1654 5173 Catonem,
1680 5107 1758 5179 quod
1782 5107 1911 5180 utrique

196 5177 324 5244 maritus,
342 5183 374 5235 ut
386 5177 495 5234 babent
509 5175 870 5247 mss.omnesatqueaditi
882 5175 1018 5230 vetustio-
1075 5179 1163 5236 fuerit
1177 5194 1259 5244 uxor,
1283 5181 1311 5232 et
1332 5179 1398 5302 iim
1422 5173 1529 5232 liberos
1573 5181 1719 5235 recreatos
1738 5177 1846 5235 rediret
1865 5181 1909 5236 ad

197 5264 255 5305 res.
270 5247 429 5307 Historiam
446 5249 608 5305 Herodotus
621 5251 719 5304 narrat
731 5247 767 5302 de
788 5244 944 5316 Candaule,
960 5245 1020 5302 sivo
1075 5247 1322 5322 prioremvirum.
1364 5263 1526 5303 narram-
1570 5248 1911 5322 arciamaCatoneejus

198 5318 338 5426 Mgrsilio.
1074 5319 1135 5375 viro
1155 5319 1328 5377 Hortensius
1352 5317 1517 5375 obtinuerat
1539 5319 1698 5378 liberorum
1710 5323 1912 5393 procreando-

252 5394 439 5446 casanatens.
452 5388 587 5444 fllodoac.
601 5388 667 5442 Vid.
680 5385 890 5443 philostratum
904 5387 933 5442 in
944 5387 1020 5444 lma·
1076 5407 1140 5446 rum
1156 5391 1268 5462 gratia3
1285 5405 1359 5460 qnos
1374 5405 1442 5445 cum
1457 5389 1500 5446 illi
1515 5407 1550 5464 pe
1572 5391 1684 5460 crisset,
1702 5393 1737 5448 ad
1760 5393 1910 5450 Catonem

198 5461 326 5535 ginibns.
344 5459 384 5515 Dc
398 5459 511 5515 nicoste
527 5458 593 5512 llari
598 5457 705 5529 pidem.
719 5457 846 5531 Reliquae
857 5459 945 5514 obvie
959 5477 1018 5516 ma·
1074 5477 1190 5518 reversa
1204 5465 1257 5516 est.
1275 5459 1315 5516 De
1330 5460 1443 5529 Porcia,
1457 5461 1515 5517 vid.
1532 5408 1714 5520 Piutarchin
1726 5464 1827 5520 Bruto.

198 5533 243 5606 gis
257 5531 384 5588 historie
404 5533 432 5586 et
447 5527 562 5585 fabule.
1109 5534 1120 5569 ⁶
1134 5531 1229 5590 Verba
1244 5533 1274 5588 at
1288 5541 1351 5590 cae
1365 5533 1450 5590 tabat
1463 5532 1511 5590 bic
1526 5535 1664 5608 supplent
1686 5535 1910 5596 emendatiores

232 5603 326 5662 *Mea
343 5603 403 5672 Qvo
425 5597 495 5656 dicto
516 5599 654 5672 reparer
677 5599 802 5673 ostendit,
818 5603 872 5660 etc.
893 5599 1019 5662 Victoria
1076 5619 1148 5682 msa.
1168 5609 1197 5666 et
1211 5607 1294 5665 vetas
1308 5605 1409 5674 editio.
