4066 6162
151 341 211 416 528
583 343 776 414 ominans
798 339 954 410 CONTRA
975 339 1234 412 insulanos.
1249 379 1288 396 ·-
1302 345 1376 416 tte.
1399 339 1424 415 l.
1784 335 1858 418 'did

150 490 214 566 ipsa
228 483 440 564 consequentia
456 489 484 546 et
511 500 609 545 rerum
624 485 727 546 ordine
740 486 848 547 invitus
863 489 919 547 hoc
933 487 976 548 lo·
990 479 1018 548 A
1034 485 1106 547 dum
1121 506 1274 564 nunquam
1289 489 1320 548 tn
1339 489 1474 560 statione,
1499 488 1550 549 sed
1572 507 1688 567 semper
1707 479 1741 550 ln
1753 492 1855 552 'cumn

149 580 262 654 queris.
288 579 321 638 Si
342 577 421 636 enim
445 581 625 651 potestesse
649 577 737 636 homo
758 579 822 636 sine
848 584 976 654 peccato,
1032 585 1087 646 est,
1099 579 1301 653 imperfectum
1314 580 1425 650 doceat,
1439 581 1517 654 quod
1528 580 1662 640 homines
1675 579 1853 655 putabamus

148 670 231 744 quod
245 666 397 743 apostolos
412 682 470 723 non
486 666 577 724 fuisse
600 668 789 741 perspicuum
809 675 863 738 est,
879 675 979 743 poscet
1032 685 1097 726 esse
1112 670 1291 742 perlectum:
1309 669 1462 744 solemque
1485 669 1690 743 perfectionem
1712 674 1741 728 et
1753 685 1854 730 rernm

148 756 482 832 asmnuperepoetolos
497 755 605 814 homo:
621 761 781 815 uttaceam
796 759 832 816 de
853 759 976 832 patriar·
1029 757 1187 830 justitiam,
1213 758 1265 815 llei
1299 762 1415 816 tentum
1453 758 1611 816 virtutibus
1648 761 1851 834 coaptandam.

153 848 221 906 chis
235 851 265 906 et
275 846 437 921 prophetie,
453 861 578 918 quorum
594 845 625 901 in
639 845 703 920 lege
714 864 772 904 non
785 848 840 904 luit
850 848 978 921 perlecta
1033 870 1046 898 u
1063 847 1231 904 Secundum
1242 847 1435 921 propositum,
1446 847 1554 920 inquit,
1565 850 1771 922 prosequornd
1786 845 1853 906 hr‘n·

152 935 277 1012 justitia,
292 935 456 992 secundum
472 933 545 990 illud
568 935 716 1007 Apostoli:
740 937 878 994 «Omnes
897 937 976 994 enim
1030 933 1111 990 vium
1128 951 1263 1007 supernae
1278 935 1437 992 vocationis
1451 936 1501 992 Dei
1522 935 1553 992 in
1576 935 1690 993 Christo
1705 937 1786 995 lesu.
1802 935 1854 993 »O

155 1029 356 1100 peceaverunt,
373 1028 402 1080 et
416 1023 549 1096 indigent
562 1023 731 1094 gloriabei3
745 1025 899 1098 justificati
914 1043 978 1098 gra·
1031 1021 1160 1096 apostolo
1190 1021 1285 1094 Paule,
1314 1024 1433 1096 ignosce
1461 1024 1534 1080 mihi
1564 1024 1648 1096 quasi
1676 1025 1855 1084 homunculo

153 1115 191 1172 tr's
204 1129 257 1186 per
268 1113 320 1170 Dei
336 1112 462 1186 gratiam
473 1113 493 1182 ¹,
509 1129 561 1185 per
576 1113 629 1185 [tt.
654 1113 717 1170 odd.
736 1113 842 1187 ipsius]
863 1115 976 1171 redem—
1032 1127 1097 1167 mee
1111 1111 1181 1168 vitia
1196 1111 1355 1180 confitenti,
1372 1111 1397 1167 si
1411 1112 1550 1168 audacter
1570 1111 1757 1187 interrogem.
1774 1111 1854 1171 ilicis

147 1202 282 1274 ptionem
297 1201 469 1274 quaestio
484 1200 682 1259 Christolesu
697 1221 704 1271 ;
721 1219 809 1276 quem
825 1203 978 1277 proposuit
1031 1203 1058 1254 te
1074 1200 1198 1256 necdum
1213 1197 1369 1272 accepisse,
1390 1203 1418 1255 et
1435 1199 1560 1256 necdum
1585 1199 1853 1272 comprehendisse,

147 1291 224 1349 Deus
236 1289 460 1364 propitiatorem
477 1291 563 1358 (Rom.
578 1306 622 1356 111,
638 1292 683 1356 23,
697 1293 754 1362 24).
770 1313 785 1342 a
1030 1292 1059 1343 et
1074 1289 1199 1344 necdum
1213 1303 1278 1344 esse
1290 1287 1460 1360 perlectum,
1472 1292 1501 1344 et
1511 1288 1724 1360 praeteritorum
1736 1307 1854 1364 semper

179 1381 226 1436 ld.
243 1380 367 1453 oppone
384 1380 574 1435 testimonium
593 1379 677 1434 Pauli
699 1379 734 1435 cd
760 1381 878 1453 Philipp.
896 1381 974 1436 -C.
1031 1375 1172 1443 oblivisci,
1188 1381 1216 1432 et
1230 1377 1265 1432 ad
1295 1376 1393 1449 priora
1420 1380 1450 1433 te
1478 1377 1612 1446 extendi3
1644 1377 1668 1436 si
1688 1379 1852 1449 quomodo

141 1470 209 1528 llaec
238 1466 460 1541 argumentatio
495 1469 628 1523 tortuosa
659 1471 714 1534 est,
748 1469 975 1526 ecclesiasticam
1030 1465 1126 1538 possis
1141 1481 1293 1522 occurrere
1315 1465 1345 1521 in
1370 1465 1580 1522 resurrectione
1603 1471 1798 1535 mortuorum,
1822 1473 1852 1524 et

141 1555 370 1631 simplicitatem
398 1554 475 1610 inter
498 1552 740 1627 philosophorum
766 1556 879 1629 spineta
904 1573 975 1614 oon·
1030 1553 1170 1626 consequi
1185 1553 1319 1610 brevium
1335 1551 1852 1629 supernavocationislitquomudo

140 1647 279 1704 cludens.
296 1644 374 1717 Quid
386 1643 534 1722 ltrietnteli
550 1647 579 1722 et
592 1642 708 1700 Paulo?
722 1645 795 1709 Quid
820 1645 932 1703 Platoni
948 1650 976 1702 et
1030 1642 1131 1699 statim
1150 1642 1260 1698 iniere:
1278 1665 1292 1694 «
1309 1644 1456 1715 Quotquot
1480 1659 1549 1716 ergo
1575 1639 1767 1718 perlectilvtl.
1787 1644 1851 1701 cdd.

139 1735 227 1804 rena
237 1721 372 1818 mille
398 1730 477 1788 enim
502 1731 637 1810 princeps
661 1732 915 1806 philosophorum,
934 1732 976 1816 ita
1029 1732 1156 1804 sumus),
1173 1731 1228 1787 hoc
1253 1730 1397 1804 sepimus,
1424 1734 1496 1792 cive,
1511 1732 1714 1806 sapiemusia
1739 1734 1855 1791 diversa

9 1851 13 1870 ·
104 1831 113 1844 ‘
137 1822 188 1882 hic
204 1821 412 1897 apostolorum
428 1821 494 1890 luit,
511 1836 699 1894 superquam
714 1822 843 1880 Ecclesia
858 1823 974 1881 Domini
989 1855 1013 1920 Β
1030 1820 1108 1876 enim
1124 1822 1193 1875 suni
1207 1820 1402 1892 exemplaris:
1423 1823 1453 1876 et
1477 1820 1548 1894 quid
1570 1821 1714 1894 sapimus,
1729 1821 1790 1881 eive
1805 1833 1852 1880 sui

140 1909 242 1974 stabili
257 1910 339 1969 mole
352 1907 476 1966 mndata
490 1915 544 1978 eet,
561 1927 625 1983 quas
641 1927 694 1968 neo
708 1911 819 1985 impetu
831 1913 971 1983 lluminis,
1028 1925 1156 1983 pransus,
1171 1926 1225 1966 nos
1239 1925 1306 1966 esse
1319 1909 1485 1982 periectos?
1504 1910 1760 1984 comprehendisse
1774 1911 1852 1986 quod

140 2020 198 2062 neo
211 2001 278 2060 ullu
291 2003 467 2073 tempestate
482 2001 657 2057 concutitur.
673 2002 705 2056 Α.
723 2000 929 2070 Rhetoricoris,
945 2007 975 2060 et
1029 2015 1087 2055 non
1108 1998 1394 2071 comprehendimus,
1412 1999 1560 2070 accepisse
1574 1999 1652 2071 quod
1669 2017 1727 2056 non
1739 2001 1852 2075 accepi·

145 2093 222 2149 dum
235 2089 310 2146 mihi
322 2088 427 2161 objicis
450 2087 679 2161 philosophiam,
705 2080 742 2145 ad
764 2095 912 2147 oratorum
926 2108 973 2148 cs·
1029 2105 1107 2156 mus,
1123 2105 1187 2144 esse
1202 2087 1344 2161 periectos
1363 2086 1413 2160 qui
1430 2088 1561 2144 nondum
1581 2089 1700 2161 perlecti
1724 2090 1853 2148 sumus?

147 2183 215 2236 stra
232 2176 424 2234 umsccndis.
440 2175 550 2232 Verum
562 2176 631 2233 audi
646 2177 717 2250 quid
733 2177 810 2234 idem
826 2178 974 2235 dicatora-
1029 2176 1103 2243 Quid
1118 2193 1185 2250 ergo
1202 2176 1346 2249 sopimus,
1361 2175 1421 2231 imo
1436 2176 1507 2248 quid
1523 2191 1626 2249 sapere
1646 2177 1787 2237 debemus
1801 2178 1853 2251 qui

145 2273 195 2326 tor
208 2271 298 2325 tuus:
314 2288 329 2316 a
345 2265 452 2322 Desine
466 2266 675 2322 communibus
688 2265 778 2334 locis;
795 2267 874 2324 domi
889 2269 974 2325 nobis
1028 2265 1150 2338 perlecti
1165 2283 1223 2322 non
1243 2263 1372 2322 snmus‘l
1388 2265 1577 2336 lmperteotos
1600 2281 1654 2322 nos
1678 2281 1743 2323 csse
1761 2267 1852 2326 conii-

139 2357 201 2416 iste
228 2358 400 2413 nascuntur
421 2354 493 2426 (ihc.
518 2353 569 2412 lib.
595 2371 623 2410 rv
644 2355 730 2412 duod.
756 2357 879 2430 Quaerant
908 2380 918 2407 s
944 2357 972 2412 C.
1028 2355 1092 2424 teri,
1104 2358 1133 2412 et
1143 2355 1268 2424 necdum
1279 2353 1548 2425 comprehendisse,
1559 2353 1684 2410 necdum
1694 2354 1850 2429 accepisse.

138 2444 230 2504 Nulla
244 2442 297 2500 hin
311 2441 479 2514 eloquentia
502 2447 548 2499 est
568 2441 669 2500 nullus
692 2447 841 2501 oratorum
864 2450 973 2513 tumor,
1029 2443 1096 2500 linc
1111 2460 1162 2500 ner
1177 2443 1306 2500 hominis
1321 2459 1389 2500 vera
1402 2442 1558 2515 sapientia,
1573 2443 1776 2515 imperfectum
1786 2460 1853 2504 esse

138 2530 975 2608 qnorumdefinitioest,dicereadpersuadendumacoom·
1029 2549 1060 2589 se
1088 2549 1195 2590 nosce:
1223 2537 1321 2606 atquc,
1351 2537 1385 2588 ut
1411 2533 1452 2589 ita
1481 2532 1596 2606 loquar,
1621 2537 1794 2592 cunctorum
1820 2533 1851 2591 ln

138 2623 275 2690 modste,
293 2621 345 2678 sed
361 2635 465 2693 puram
481 2635 554 2693 puro
576 2637 711 2678 sermone
726 2621 886 2694 querimus
900 2622 974 2679 veri·
1029 2637 1116 2678 carne
1133 2622 1284 2694 justorum
1306 2621 1478 2695 imperfecta
1500 2620 1637 2694 perfectio
1660 2625 1714 2679 est.
1730 2622 1853 2683 Undeet

138 2715 249 2768 tatem:
262 2712 318 2766 aut
328 2706 487 2765 Dominum
495 2707 680 2780 impossibile
690 2725 748 2764 non
757 2709 975 2782 precepissent
1028 2710 1059 2766 in
1074 2710 1236 2768 Proverbiis
1258 2709 1405 2784 legimus:
1431 2734 1446 2762 «
1463 2711 1505 2768 Ad
1530 2710 1750 2786 intelligendam
1761 2714 1854 2787 justi-

140 2801 201 2858 sint
216 2799 250 2856 in
264 2787 357 2870 culpa
366 2797 418 2868 qui
429 2795 649 2869 possibilianon
660 2796 799 2866 iecerint,
816 2803 867 2855 aut
880 2799 905 2856 si
916 2815 974 2856 non
1028 2799 1100 2856 tiam
1116 2817 1213 2857 venem
1228 2801 1320 2873 (Pron.
1350 2817 1370 2870 1,
1397 2801 1424 2867 3,
1453 2817 1505 2858 scr.
1536 2800 1617 2872 exi).
1647 2822 1662 2852 n
1690 2800 1753 2859 Nisi
1773 2802 1852 2860 enim

140 2891 274 2963 possunt
287 2885 364 2953 lieri,
380 2901 499 2944 noneos
510 2884 835 2958 quiimpossihilianon
851 2888 972 2956 iaciunt,
1029 2895 1106 2946 esset
1117 2894 1145 2946 et
1160 2889 1235 2946 salsa
1254 2889 1381 2962 justitia,
1407 2905 1559 2962 nunquam
1581 2888 1631 2946 Dei
1654 2905 1722 2946 vera
1736 2889 1854 2962 justitia

139 2979 190 3036 sed
207 2975 348 3048 numqui
362 2973 559 3047 impossibilia
573 2975 720 3048 precepit,
736 2977 814 3048 quod
830 2977 912 3033 nelos
927 2977 974 3033 di·
1028 2977 1183 3035 diceretur.
1211 2979 1245 3034 ut
1268 2978 1299 3034 in
1325 2978 1428 3034 eodem
1454 2976 1585 3050 Apostoli
1612 2976 1675 3033 loco
1699 2965 1851 3050 sequitur:

140 3075 191 3128 otu
208 3068 260 3134 sit,
293 3062 429 3120 convinci
455 3062 616 3134 injustitie.
646 3064 678 3120 Α.
706 3063 796 3121 Video
825 3071 854 3121 te
873 3071 974 3122 contro
1031 3067 1094 3123 «ut
1107 3068 1132 3124 si
1145 3067 1216 3141 quid
1232 3067 1316 3124 aliter
1330 3066 1457 3133 sentitis,
1482 3071 1511 3122 et
1533 3066 1588 3123 hoc
1612 3065 1695 3124 vobis
1714 3071 1790 3124 heus
1806 3083 1851 3125 re·

140 3171 244 3213 mores
263 3157 336 3210 tuos
358 3151 546 3208 vehementer
568 3167 632 3208 esse
654 3156 844 3224 commotum,
860 3157 888 3210 et
905 3171 973 3226 pro-
1028 3155 1156 3213 velabit⁸
1171 3156 1306 3228 (Philipp.
1323 3171 1367 3224 111,
1382 3156 1437 3224 15).
1452 3178 1463 3206 ι
1478 3155 1550 3212 Rern
1565 3172 1671 3212 novam
1686 3155 1783 3213 audio.
1796 3155 1851 3221 Qui

139 3249 243 3316 pterea
256 3240 460 3316 argumentari
476 3239 620 3297 desinam.
637 3239 692 3296 Sed
712 3256 872 3313 parumper
885 3246 912 3298 te
926 3221 1008 3298 iia-G
1028 3242 1115 3318 paulo
1131 3248 1197 3301 ante
1212 3243 1335 3300 dixerat.
1352 3265 1366 3294 α
1381 3243 1446 3301 Νοιι
1456 3245 1595 3317 quiajam
1605 3244 1714 3317 accepi,
1725 3247 1776 3301 aut
1786 3233 1850 3316 jam

141 3331 311 3404 terrognho,
327 3329 400 3403 quid
417 3327 514 3385 deillo
526 3327 657 3402 Apostoli
670 3326 733 3385 loco
748 3330 870 3396 sentias,
881 3347 969 3402 quem
1024 3332 1171 3407 perlectus
1183 3347 1261 3399 sum,
1279 3354 1292 3382 a
1321 3333 1396 3389 m
1419 3337 1449 3389 et
1472 3350 1523 3390 vas
1547 3330 1709 3403 electionis,
1732 3332 1783 3408 qui
1798 3349 1851 3411 pro

144 3418 250 3477 scribit
264 3417 537 3491 ndPhilippenscs:
557 3417 648 3473 «Non
677 3416 748 3490 quia
774 3419 833 3490 jem
860 3420 968 3493 accepi,
1024 3421 1201 3478 confidentia
1212 3420 1375 3477 habitantis
1389 3421 1419 3478 in
1435 3438 1466 3479 se
1481 3421 1589 3479 Christi
1604 3421 1732 3479 audebat
1746 3421 1845 3497 loqui;

145 3513 201 3564 aut
213 3508 279 3578 iam
291 3507 437 3579 perlectus
460 3506 528 3564 sim.
554 3507 716 3579 Persequor
739 3511 837 3564 autem
852 3509 877 3564 si
890 3525 969 3565 com·
1026 3533 1042 3562 «
1054 3513 1096 3567 An
1111 3511 1341 3583 experimentum
1358 3510 1488 3582 queritis
1511 3512 1585 3583 ejus,
1611 3510 1662 3582 qui
1684 3511 1715 3567 in
1741 3527 1787 3568 me
1804 3509 1850 3570 lo·

147 3594 343 3667 prehendam,
353 3595 383 3652 in
398 3612 457 3666 quo
472 3594 674 3668 apprehensus
695 3597 783 3651 sum²
804 3613 822 3651 a
843 3595 969 3653 Christo.
1025 3599 1125 3670 quitur
1152 3597 1285 3654 Christus
1300 3598 1338 3670 (ll
1353 3597 1414 3654 Cor.
1442 3616 1507 3667 1111,
1521 3599 1573 3672 3)t
1589 3623 1603 3651 a
1619 3603 1764 3657 ettamen
1780 3597 1851 3655 sim-

150 3681 282 3748 Fratres,
297 3696 346 3755 ego
359 3698 404 3740 me
419 3683 546 3739 necdum
561 3683 688 3739 arbitror
701 3683 969 3756 comprehendisse.
1024 3685 1139 3759 pliciter
1153 3685 1297 3742 letabatur
1320 3702 1351 3742 se
1384 3683 1535 3742 non'esse
1563 3688 1740 3760 perlectum3
1772 3702 1851 3742 nuno

150 3769 249 3828 Unum
264 3775 368 3842 anum,
384 3772 582 3845 posteriorum
601 3771 785 3842 obliviscens,
807 3773 844 3829 ad
859 3790 894 3830 ea
907 3790 970 3847 qus
1025 3775 1105 3847 quod
1118 3774 1174 3830 sibi
1190 3774 1307 3846 proprie
1330 3775 1503 3846 denegabat,
1518 3775 1609 3831 mittit
1617 3775 1648 3830 in
1656 3774 1852 3847 turhamq'un-

141 3859 331 3934 priorcsont
353 3877 401 3917 me
424 3861 595 3928 extendens,
615 3862 701 3933 juxta
724 3862 907 3934 propositum
921 3881 965 3920 se·
1025 3863 1126 3936 gitque
1154 3878 1186 3918 se
1215 3878 1283 3918 cum
1312 3861 1434 3932 ceteris,
1463 3866 1492 3919 et
1520 3862 1608 3919 alit»
1620 3864 1767 3936 Quotquot
1781 3850 1850 3936 ergo

140 3965 230 4022 quon,
245 3948 285 4007 ad
300 3949 437 4006 brevium
452 3965 587 4022 superos
600 3951 760 4008 vocationis
775 3950 826 4008 Dei
842 3953 872 4008 in
887 3953 970 4010 Chri·
1025 3950 1157 4025 perlecti,
1179 3949 1234 4006 hoo
1262 3949 1454 4022 sapiemus.»
1486 3949 1541 4008 Sed
1571 3967 1630 4023 qua
1657 3949 1768 4008 ratione
1795 3949 1851 4009 hoc

142 4042 191 4094 nto
204 4036 289 4096 lesu.
305 4039 454 4110 Quotquot
467 4053 536 4111 ergo
546 4039 676 4110 perlecti,
690 4039 744 4095 hoo
758 4039 928 4113 sapiamus:
944 4045 973 4098 st
1026 4038 1140 4108 dixerit,
1156 4037 1275 4111 exponit
1290 4037 1320 4093 in
1336 4037 1539 4109 sequentibus.
1557 4038 1627 4107 Hoc,
1641 4037 1851 4112 inquit,eapia-

140 4124 254 4198 siquid
271 4124 359 4182 aliter
373 4125 488 4200 sapitis,
503 4126 558 4183 hoc
573 4143 641 4200 ergo
661 4143 778 4201 quoque
799 4129 876 4186 Deus
891 4129 973 4187 vobis
1027 4145 1094 4185 mus
1109 4125 1160 4198 qui
1176 4125 1313 4183 volumus
1342 4126 1505 4183 secundum
1526 4126 1663 4186 humans
1683 4125 1852 4201 fragilitatis

138 4211 286 4272 revelabit
299 4213 437 4288 (Philipp.
459 4232 501 4281 111,
517 4214 639 4288 i2scqq.
654 4220 676 4284 ),
694 4238 708 4266 »
726 4217 801 4274 108
815 4221 844 4273 et
858 4223 970 4286 catera,
1027 4215 1181 4274 modulum
1210 4230 1276 4272 esse
1301 4212 1432 4287 perlecti,
1462 4216 1587 4272 necdum
1617 4229 1672 4272 noe
1692 4213 1852 4287 accepisse,

138 4309 249 4374 qnare
265 4303 419 4360 scirenon
445 4304 547 4360 dubito
573 4309 602 4360 et
627 4321 681 4362 nos
710 4305 859 4363 brevitatis
874 4307 971 4363 studio
1026 4306 1152 4363 necdum
1180 4299 1450 4376 comprehendisse,
1479 4305 1604 4360 necdum
1619 4319 1685 4360 esse
1699 4301 1852 4376 periectos.

140 4393 345 4466 preterimus.
363 4393 439 4450 Dicit
454 4411 485 4450 se
508 4395 635 4451 necdum
659 4395 927 4469 comprehendisse,
944 4403 973 4454 et
1026 4393 1059 4450 ui
1073 4393 1143 4466 quia
1156 4393 1281 4449 necdum
1297 4391 1418 4465 perlecti
1452 4408 1567 4458 sumus,
1584 4398 1613 4448 et
1632 4391 1755 4449 forsitan
1770 4389 1854 4448 aliter

138 4497 336 4556 nequaqnam
351 4497 415 4538 esse
436 4481 609 4555 perlectum,
635 4483 685 4539 sed
710 4482 804 4540 instar
828 4485 973 4558 sagittarii
1027 4482 1170 4556 sapimus,
1201 4499 1290 4554 quam
1315 4480 1408 4554 poscit
1423 4497 1490 4538 vera
1504 4484 1532 4538 et
1548 4481 1675 4554 perlecta
1693 4478 1852 4554 perfectio:

133 4569 174 4630 nd
188 4569 380 4643 propositum
395 4574 424 4627 et
439 4571 475 4627 ad
492 4571 718 4646 signumjaoula
731 4570 866 4645 dirigere,
882 4590 970 4646 quem
986 4591 1010 4657 D
1026 4572 1051 4628 ei
1068 4571 1138 4643 quid
1153 4569 1238 4628 aliter
1252 4569 1397 4644 sapimus,
1413 4579 1442 4626 et
1456 4569 1540 4626 aliter
1554 4568 1853 4644 intelligimus,quum

132 4659 195 4734 [dl.
210 4659 307 4732 quod)
338 4657 556 4732 significantius
584 4659 674 4717 Greci
690 4659 790 4714 σκοπόν
807 4661 971 4732 nominant,
1027 4659 1078 4717 Dei
1094 4658 1183 4715 habet
1210 4659 1356 4729 scientia;
1378 4663 1407 4716 et
1434 4659 1488 4716 hoo
1512 4657 1596 4717 nobie
1612 4659 1691 4717 Deus
1705 4654 1854 4726 revelabit,

135 4747 307 4822 magistu
318 4748 356 4805 ed
370 4752 484 4822 partem
497 4749 648 4807 declinans
659 4749 791 4823 alteram,
802 4750 973 4824 imperitum
1027 4751 1060 4804 ut
1074 4762 1230 4820 precemur
1260 4765 1328 4804 cum
1349 4747 1451 4814 David,
1480 4750 1567 4822 etque
1598 4745 1751 4804 dicamus:
1771 4767 1783 4794 ι
1800 4741 1855 4816 Ro·

142 4835 284 4892 ostendat
304 4834 505 4912 sagittarium.
529 4841 564 4892 st
587 4835 692 4894 asserit
714 4839 926 4910 preteritorum
943 4856 974 4896 se
1027 4835 1091 4893 vela
1105 4834 1206 4892 oculos
1222 4853 1303 4894 meos
1318 4841 1346 4892 et
1375 4835 1566 4896 considerabo
1585 4834 1733 4897 mirabilia
1747 4831 1856 4906 delego

137 4939 264 4998 semper
276 4924 422 4995 oblivisci,
452 4930 481 4984 et
509 4927 546 4982 ad
571 4925 670 5000 priora
694 4943 811 4999 semper
837 4926 973 4986 extendi:
1027 4924 1368 4997 tuaiPsol.cxv111,18).
1387 4947 1400 4974 s

134 5029 197 5088 per
212 5028 279 5086 qne
293 5014 380 5072 docet
393 5015 540 5086 preterita
564 5014 748 5089 negligenda,
764 5018 793 5070 et
808 5015 906 5071 lutura
924 5033 974 5073 cu·
1065 5014 1108 5069 15.
1124 5013 1234 5084 duplex
1260 5013 1390 5084 perfectio
1419 5020 1445 5069 et
1467 5012 1596 5085 justitio.
1611 5041 1647 5052 -
1661 5011 1705 5067 lix
1720 5025 1778 5084 quo
1793 5025 1858 5084 por·

133 5101 273 5177 pienda;
291 5103 419 5175 utqucd
434 5102 521 5159 hodie
535 5103 696 5176 perlectum
712 5088 834 5174 putavit,
851 5103 923 5159 dum
938 5104 974 5160 ad
1029 5101 1236 5174 spicuumest,
1252 5100 1327 5157 duaa
1346 5099 1376 5156 in
1407 5099 1565 5172 scripturis
1593 5099 1782 5156 sanctienses
1797 5113 1859 5174 per·

134 5191 271 5250 meliora
298 5195 328 5247 et
353 5190 451 5263 priora
480 5191 656 5262 extenditur,
685 5208 749 5248 cras
771 5191 975 5264 imperfectum
1031 5190 1192 5260 tectiones;
1225 5190 1360 5262 duasque
1388 5187 1530 5262 justitiae,
1559 5193 1589 5250 et
1625 5189 1699 5246 duos
1724 5187 1857 5248 timores.

134 5279 242 5338 luisse
256 5278 423 5338 convincat.
439 5283 534 5354 Atque
548 5279 591 5337 ita
618 5297 670 5353 per
698 5279 833 5354 singulos
854 5281 974 5354 gradus,
1030 5279 1160 5338 Primam
1174 5277 1396 5352 perlectionem,
1407 5283 1437 5336 et
1451 5277 1681 5352 comparabilem
1693 5277 1857 5348 veritatem,

172 5463 182 5497 ¹
203 5459 290 5518 Idem
304 5457 377 5534 legit
390 5460 543 5530 ,iustificati
556 5459 645 5528 qratia
662 5473 711 5529 per
734 5460 857 5528 qratiam
870 5461 977 5532 ι’ρεὶιιε,ι
1032 5459 1130 5516 Gracc
1144 5457 1184 5534 ἐφ’
1200 5457 1217 5510 tl
1229 5455 1274 5510 καὶ
1289 5452 1473 5533 κατελήφθην.

133 5533 188 5590 aui
204 5535 239 5588 et
253 5531 346 5589 Graec.
362 5526 710 5600 conmutitdtaanotpevcv
725 5526 827 5605 δωρεὰν
842 5537 876 5600 τῆ
895 5530 976 5586 αὐτοῦ
1067 5532 1078 5564 ³
1093 5529 1210 5612 hegiae
1225 5529 1415 5613 mssecunda
1427 5545 1518 5587 manu
1534 5528 1583 5585 hio
1597 5531 1685 5602 atque
1700 5526 1777 5583 intra
1790 5538 1857 5581 cum

135 5605 321 5736 ffiffimm
336 5673 457 5748 victos,
469 5673 502 5733 lo
516 5690 569 5750 qno
585 5675 809 5748 ctoppreteosca
825 5691 895 5746 cum,
909 5691 978 5734 cum
1032 5605 1122 5659 vetem
1137 5599 1267 5658 emmone
1281 5601 1421 5658 melam·
