4066 6162
218 261 283 354 tlt
805 301 809 308 -
842 255 1313 340 cenomannensem.
1674 183 1683 208 ι
1860 255 1922 332 tbi

219 406 324 470 nullos
339 405 431 478 aaut,
447 405 480 465 ut
494 403 572 480 apud
587 401 755 480 ignorantes
773 403 958 480 impudentia
971 403 1046 462 veri·
1061 401 1089 470 Α
1102 401 1219 460 vincere
1232 399 1263 458 lu
1273 401 1350 459 booo
1361 399 1473 460 malum
1486 415 1494 471 ς
1505 395 1557 460 edd
1565 395 1765 475 quiamluarls
1771 393 1922 456 interitum

222 503 279 573 tas,
295 501 325 556 st
352 497 433 555 turer
459 495 626 552 constantin
652 498 816 568 putaretur.
842 493 898 552 Sed
923 494 1000 552 absit
1014 495 1047 549 ut
1102 489 1158 548 nisi
1173 495 1301 560 tacuero,
1317 491 1493 564 respondere
1506 487 1674 564 compellor,
1697 503 1734 547 ue
1761 485 1862 544 ridear
1884 491 1925 544 ta·

218 585 411 646 ·imitatortui
441 584 509 652 sim,
526 584 647 656 atquod
667 582 696 638 in
721 587 749 641 te
777 582 967 657 reprehendo,
984 581 1047 656 ipse
1100 581 1191 638 ceudo
1207 580 1317 638 crimen
1333 595 1500 653 agnoscere,
1515 577 1709 637 etieuitatem
1725 591 1821 636 meam
1842 572 1924 632 mala

221 676 339 734 hoium.
356 672 407 730 ille
422 675 561 745 loquatur
579 671 747 745 spurcitias,
763 671 814 746 qui
830 675 925 746 potest
940 685 1047 744 spurca
1099 668 1285 726 conscientie
1296 668 1415 742 siguum
1426 667 1640 742 interpreteris.

221 759 541 823 connumeraretur
555 759 780 818 homodemaio
794 748 892 818 cordis
907 759 1045 817 thesauro
1134 757 1161 815 3.
1179 758 1313 832 Epistulae
1327 755 1421 829 Rufini
1434 757 1525 814 carto
1542 787 1577 798 —
1592 755 1651 813 lice
1678 759 1725 814 est
1749 769 1853 814 aarum
1885 757 1927 815 di·

222 853 384 928 prolertea
405 863 469 924 quas
485 848 656 907 malasunt.
672 849 712 906 lla
740 849 921 906 abundantia
948 847 1045 906 cordis
1100 846 1329 919 lemmajtuum
1345 861 1404 903 uon
1419 861 1454 903 ex
1468 845 1623 902 dialectica
1637 849 1700 902 arte
1714 860 1805 918 quam
1818 847 1924 914 nescu,

220 959 253 998 os
278 941 410 1016 loquitur
430 939 535 1011 (ilottlr.
551 953 601 1006 ιιι,
617 937 663 1004 el,
683 939 737 1006 353
752 939 814 994 tac.
831 955 870 1008 rr,
885 937 940 1012 lb).
960 959 971 989 r
988 937 1044 994 lia-
1098 937 1149 994 sed
1165 953 1200 994 ox
1214 933 1551 994 carnidcnmollroioact
1565 934 1755 992 meditatione
1766 933 1922 1007 prolatum.

219 1031 286 1088 beto
303 1029 422 1086 interim
438 1025 565 1094 lucrum,
581 1027 659 1098 quod
675 1026 788 1084 amicus
802 1027 951 1100 quondam
973 1030 1044 1083 tuus
1098 1025 1129 1082 Si
1144 1030 1272 1094 tacuero,
1289 1025 1466 1082 criminosus
1481 1040 1550 1080 ero:
1567 1024 1592 1080 si
1620 1023 1810 1097 respondero,
1834 1023 1923 1081 male-

219 1133 298 1176 nuno
314 1117 391 1178 682
404 1119 570 1182 accusatus,
581 1115 678 1189 turpia
691 1114 744 1172 tibi
757 1131 817 1171 non
831 1115 894 1171 vuit
907 1113 1042 1186 obticere.
1098 1114 1192 1172 dicus.
1210 1115 1252 1173 'l'n
1270 1130 1316 1172 me
1331 1116 1443 1188 ergoet
1458 1111 1607 1186 prohibes,
1621 1117 1651 1170 st
1665 1111 1745 1186 cogis
1755 1112 1792 1168 ad
1807 1127 1925 1185 respou-
1992 1161 1997 1172 .

217 1204 253 1266 ar
281 1205 337 1264 boc
364 1205 440 1274 dico,
456 1219 515 1261 non
543 1203 621 1276 quod
643 1201 839 1260 accusationis
856 1207 913 1260 tue
930 1201 1044 1276 gladios
1098 1205 1238 1262 dandum.
1261 1206 1293 1261 Iu
1324 1219 1381 1276 quo
1418 1206 1577 1275 utrumque
1620 1201 1805 1268 moderabor,
1834 1205 1869 1258 ut
1897 1207 1926 1260 et

131 1353 134 1362 ,
217 1293 450 1369 pertimescam
477 1292 528 1348 sed
556 1291 635 1364 quod
662 1291 756 1365 magle
784 1291 915 1348 accusari
945 1289 1042 1361 velim,
1097 1293 1211 1365 objecta
1226 1292 1350 1362 diluam,
1365 1291 1439 1348 etab
1454 1289 1747 1364 injuriatempercm.
1763 1289 1923 1355 Quirenim

217 1397 309 1456 quam
337 1395 486 1450 accusem,
503 1384 532 1438 et
560 1381 621 1454 pati
650 1379 801 1453 ianriarn,
821 1393 910 1451 quem
939 1381 1042 1452 lacere,
1097 1397 1165 1440 eum
1181 1397 1240 1439 non
1256 1383 1369 1448 timeat,
1385 1379 1436 1454 qul
1451 1383 1496 1437 est
1510 1382 1630 1452 paratus
1641 1375 1924 1452 occiderstflsquar·

218 1472 316 1550 sciens
328 1472 506 1545 preceptum
520 1469 559 1526 ab
573 1469 710 1542 Apostolo
727 1485 757 1524 :o
772 1468 834 1525 ileu
848 1468 1043 1541 vosmetipsos
1097 1487 1155 1545 qne
1165 1467 1505 1545 vestigiapropositiouis
1519 1472 1588 1536 tue,
1602 1482 1722 1525 servem
1737 1470 1842 1524 cetera
1865 1466 1923 1524 illis

219 1559 406 1627 ulciscentes,
418 1556 596 1626 charissimi,
612 1557 663 1614 sed
679 1557 746 1613 date
760 1555 857 1612 locam
881 1556 931 1612 ire
947 1573 955 1612 ι
971 1556 1042 1614 scri·
1096 1559 1307 1618 eruditissimis
1321 1557 1416 1626 libris,
1433 1559 1508 1615 duos
1523 1562 1683 1630 antequem
1701 1555 1844 1630 legeram,
1860 1573 1928 1614 con·

216 1652 302 1728 ptum
326 1649 372 1704 est
385 1645 464 1702 anim
476 1645 565 1717 (itast.
580 1659 670 1714 axau,
685 1645 731 1717 35)
747 1661 757 1699 .·
778 1645 849 1701 tlibi
864 1644 1002 1716 vindicte,
1014 1649 1043 1702 et
1096 1649 1197 1706 tonui.
1216 1649 1293 1706 Dicis
1308 1671 1323 1699 a
1340 1652 1369 1704 te
1381 1647 1600 1704 accusationem
1618 1660 1714 1702 meam
1730 1644 1766 1701 ad
1781 1659 1835 1702 eos
1861 1649 1925 1702 tau·

217 1751 271 1822 ego
300 1735 471 1801 retribuam,
493 1733 564 1790 dicit
591 1731 743 1791 Dominus.
765 1734 821 1792 Sed
851 1733 876 1791 si
905 1734 1160 1836 esurieritBtum
1176 1736 1305 1806 misisse,
1321 1735 1459 1811 quimeis
1474 1735 1571 1792 verbis
1587 1733 1648 1792 lassi
1663 1734 1789 1802 lucrant,
1806 1738 1836 1792 ct
1865 1749 1924 1792 non

215 1824 355 1884 inimicus
381 1822 542 1891 tuus,oiba
559 1821 666 1879 illum:
683 1821 709 1878 si
737 1821 852 1891 sitierit,
868 1827 970 1897 potum
1003 1825 1042 1882 da
1097 1827 1134 1884 ad
1162 1825 1282 1900 plures:
1312 1823 1466 1898 quianon
1494 1825 1531 1881 ad
1560 1823 1794 1890 ostentationem,
1810 1824 1866 1881 sed
1887 1823 1924 1880 ad

216 1912 271 1971 iili.
287 1913 347 1970 lico
370 1911 449 1969 enim
477 1910 597 1981 laciaus,
626 1911 767 1968 carbones
796 1910 873 1986 ignis
902 1927 1042 1986 congeres
1096 1913 1318 1974 edificationem
1346 1913 1522 1972 Christianis
1559 1911 1736 1986 loquendum
1758 1915 1813 1970 est,
1840 1935 1857 1963 a
1889 1911 1925 1969 let

217 2015 308 2080 saper
335 2004 423 2075 caput
445 2001 511 2073 eius
534 2000 622 2073 (Rom.
637 2017 690 2071 au,
716 1999 760 2070 19,
780 1999 838 2074 20).
856 2023 870 2051 ιι
885 2001 939 2070 oui
963 2003 1041 2060 enim
1097 2004 1185 2072 unde,
1198 2019 1248 2061 oro
1265 2009 1303 2072 te,
1316 2001 1459 2068 librorum
1474 2005 1594 2062 tuorum
1621 2003 1719 2059 adme
1745 1999 1824 2058 lama
1853 2015 1924 2074 per·

217 2091 350 2164 seipsum
372 2088 509 2157 vindicat,
523 2088 665 2146 ultionem
684 2087 800 2146 Domini
825 2105 883 2146 uon
904 2095 1041 2148 meretur.
1095 2092 1284 2160 veuittQuis
1308 2107 1359 2150 eos
1375 2093 1486 2163 Home,
1515 2089 1628 2165 quirin
1653 2089 1746 2159 ltalia,
1775 2089 1845 2164 quis
1874 2105 1926 2163 psr

252 2180 280 2235 2.
310 2178 431 2251 Apostoli
455 2177 540 2234 coicis
567 2177 699 2234 amicitiis
722 2176 917 2236 demerent.
946 2209 981 2220 -
1008 2177 1044 2234 ut
1097 2179 1376 2238 Dalmatieiusulae
1396 2177 1709 2237 dessemiuavittSiin
1725 2177 1845 2236 seriniis
1865 2177 1925 2234 tuis

218 2272 318 2326 tamen
332 2271 491 2340 numquam
507 2266 698 2339 respondeam
713 2265 842 2339 epistola
870 2271 939 2336 tue,
955 2283 1043 2340 sxpo·
1097 2274 1126 2326 et
1139 2269 1429 2328 amicorumtnorum
1444 2269 1584 2336 latebant,
1593 2267 1688 2340 adime
1699 2265 1851 2340 quomodo
1861 2279 1926 2323 mea

216 2353 328 2413 stulare
355 2358 454 2412 tecum
480 2353 561 2421 libet,
576 2353 778 2412 vetustissime
796 2355 1007 2412 monachorum
1022 2357 1041 2424 ¹,
1097 2358 1223 2415 crimina
1237 2355 1455 2432 pervenerunt?
1469 2357 1609 2414 litandos
1624 2355 1721 2414 dicere
1740 2359 1769 2412 te
1798 2371 1859 2412 noa
1889 2355 1924 2412 ad

215 2444 292 2518 bone
305 2444 466 2518 presbyter,
484 2441 616 2501 imitetur
630 2441 750 2512 Christi,
761 2443 881 2502 tratrem
896 2449 982 2502 tuum
993 2461 1043 2518 po·
1096 2447 1335 2518 ostentationem,
1344 2447 1396 2504 aed
1406 2446 1441 2504 ad
1455 2445 1680 2506 edificationem
1690 2445 1775 2518 quasi
1786 2444 1926 2502 christia·

216 2537 261 2590 tos
276 2531 419 2601 occidere,
435 2547 523 2604 quem
538 2531 563 2588 si
578 2535 694 2588 tantum
708 2531 815 2600 oderis,
831 2530 1043 2590 homicidaesi
1098 2536 1330 2610 numloqui,qai
1341 2537 1377 2592 de
1387 2538 1645 2593 ssneseuextaota
1654 2534 1927 2608 emungisqnanta

217 2625 310 2678 licea
327 2618 475 2677 Salvatore
500 2617 639 2687 didicisti,
656 2622 689 2675 ut
701 2619 865 2675 verberanti
881 2619 1041 2692 maxillam,
1097 2641 1156 2682 non
1169 2625 1279 2682 diceret
1292 2625 1327 2683 ds
1340 2624 1454 2682 latrone
1469 2623 1627 2693 homicida,
1643 2622 1680 2680 de
1706 2627 1803 2680 scorto
1830 2639 1925 2680 mere·

217 2709 362 2784 preberes
384 2711 412 2766 et
432 2705 579 2764 alteram?
592 2707 640 2764 Sic
664 2705 727 2780 ipse
751 2708 902 2780 respoudit
923 2725 1043 2782 percus·
1097 2714 1165 2782 trix,
1181 2730 1284 2771 scurra
1297 2713 1333 2770 de
1348 2713 1465 2771 mimot
1479 2713 1533 2780 Oui
1545 2711 1675 2786 parturis
1703 2711 1777 2769 mihi
1806 2715 1924 2768 montes

219 2795 280 2856 sori
307 2812 362 2854 suo
378 2812 414 2852 :a
437 2795 467 2852 si
491 2795 568 2852 male
588 2793 704 2851 locutus
732 2811 811 2865 sum,
840 2795 1042 2854 testimonium
1097 2802 1267 2873 criminum,
1278 2807 1308 2860 et
1321 2800 1435 2877 gladios
1449 2818 1524 2876 quos
1539 2801 1650 2874 deligas
1661 2799 1715 2875 [tt.
1726 2798 1882 2874 designas]
1896 2801 1926 2857 in

219 2885 342 2962 perhibe
361 2885 397 2944 de
418 2882 495 2942 malo
512 2883 558 2941 :ai
582 2883 665 2952 bene,
682 2882 752 2957 quid
775 2883 932 2956 melotidis
951 2885 1040 2956 (loun.
1094 2891 1233 2967 jugulum
1248 2907 1348 2950 meum
1375 2895 1456 2950 tanto
1471 2895 1538 2948 unte
1551 2893 1682 2964 tempore
1706 2889 1850 2948 exacuis?
1881 2890 1926 2947 ld·

219 2991 300 3044 xv111,
315 2973 386 3044 23)t
403 2994 415 3024 ι
434 2976 555 3030 Mortem
583 2971 716 3042 minaris,
731 2988 821 3046 quem
848 2976 878 3031 et
891 2979 1043 3046 serpentes
1096 2981 1212 3038 circaue
1240 2978 1397 3038 Cereales⁸
1425 2983 1454 3036 et
1478 2977 1611 3036 anabasii
1637 2977 1681 3035 tui
1710 2993 1762 3051 per
1788 2977 1924 3036 diversas
1949 3037 1953 3045 ,

221 3064 328 3122 inferre
347 3067 480 3136 possunt·
511 3061 590 3118 Mors
613 3060 746 3117 omnium
769 3065 824 3128 tel.
849 3060 1042 3119 homicidum
1097 3069 1261 3144 pmviuoiae
1271 3073 1476 3137 cucurrerunt,
1492 3072 1524 3125 ut
1547 3067 1650 3126 laudes
1664 3082 1746 3125 meas
1770 3065 1926 3140 legerent?

219 3151 428 3225 pessimorum.
442 3149 517 3214 Quid
532 3148 609 3206 anim
620 3148 701 3206 initi
715 3155 747 3205 tu
764 3163 811 3206 md
825 3149 1041 3224 weidetis‚ego
1056 3134 1080 3204 C
1097 3161 1131 3216 ut
1144 3159 1354 3232 puegypioum
1365 3163 1450 3214 tuum
1466 3173 1518 3231 por
1531 3156 1655 3231 angulos
1677 3161 1707 3214 et
1734 3155 1859 3229 plateas,
1893 3171 1926 3213 ar,

216 3237 394 3298 immortulit
408 3238 480 3294 tro?
495 3237 571 3303 Quin
594 3236 692 3308 l>0fitt⁸
706 3237 799 3294 habeo
814 3238 949 3311 gratiam,
961 3240 1040 3312 quod
1096 3247 1337 3306 muliercularum
1354 3247 1496 3304 textrinas
1506 3246 1684 3304 recitarent?
1706 3245 1771 3304 lieo
1798 3251 1844 3303 est
1870 3249 1926 3302 tua

216 3325 289 3386 lacis
317 3327 353 3383 dt
387 3325 561 3382 sstctsstiltltt
588 3324 736 3382 Villuiflffl·
753 3325 855 3382 N⁰1¹¹1⁰
873 3331 903 3383 tl
916 3326 1039 3400 1190δὶ0Ῑί
1093 3336 1144 3394 illa
1162 3341 1265 3394 sancte
1282 3334 1469 3406 verecundia,
1481 3334 1543 3392 heo
1557 3333 1710 3391 edificatio
1729 3333 1922 3402 christinam

216 3414 308 3474 adria
319 3413 398 3472 iuter
410 3425 442 3472 se
457 3413 596 3470 amicitiis
611 3413 833 3484 dissenserunt;
849 3431 917 3472 cum
932 3415 1040 3474 Paulus
1093 3424 1137 3482 stc
1148 3425 1300 3481 modestus
1314 3439 1357 3492 es,
1373 3423 1416 3481 aio
1427 3423 1555 3496 pudens,
1566 3426 1599 3479 ut
1608 3421 1784 3479 namnetim
1795 3421 1926 3478 chcci·

216 3503 410 3564 elflttmbtt
432 3506 551 3577 1³²0er
574 3503 730 3569 loannem,
746 3509 938 3578 wgnomenlo
966 3505 1041 3562 Mer·
1093 3513 1340 3572 deaoereuieutee
1355 3511 1428 3569 mibi
1454 3516 1507 3570 tua
1535 3509 1692 3568 maledicta
1718 3510 1925 3568 uarmrcrint:

216 3609 297 3664 erm.
316 3591 492 3650 cronacum
506 3595 588 3659 suat,
602 3594 633 3648 aa
645 3591 791 3664 separavit
816 3592 1038 3666 concedentis,
1094 3603 1135 3660 ιιι
1149 3602 1319 3660 memoriter
1334 3605 1364 3658 et
1377 3603 1582 3670 enectam,
1594 3603 1627 3656 at
1640 3613 1693 3674 ago
1706 3613 1829 3673 cogens
1842 3599 1923 3658 aaa

216 3697 292 3756 quos
306 3679 413 3739 Christi
434 3679 623 3754 arengalium
652 3679 830 3754 copulabat?
844 3681 946 3739 Nonne
961 3681 1039 3739 idern
1094 3707 1152 3748 non
1168 3689 1286 3765 seriptis
1302 3690 1449 3763 suffla„
1463 3690 1590 3746 modum
1604 3687 1744 3762 legerem,
1764 3689 1816 3745 μοι
1845 3690 1923 3746 Μ.

216 3769 326 3830 rudos
348 3769 378 3828 in
402 3769 507 3828 taciem
524 3769 627 3842 liepbe
647 3768 858 3844 restitit,.quod
879 3787 937 3828 nou
960 3776 1041 3829 recto
1093 3785 1212 3854 prorum
1225 3780 1403 3851 respondere
1423 3777 1623 3852 opinionibus,
1650 3781 1679 3834 et
1705 3775 1836 3834 volantia
1858 3777 1927 3834 toto

217 3859 293 3934 psde
305 3858 451 3916 incederet
464 3858 495 3916 in
511 3857 686 3932 ltuengeliot
699 3860 733 3915 lit
756 3863 855 3918 umen
880 3877 1040 3933 precesso-
1093 3868 1269 3941 orstsoula
1285 3867 1432 3935 salsitatis,
1448 3866 1548 3941 clypco
1563 3866 1698 3923 seembs
1708 3865 1848 3938 arripere.

217 3963 280 4006 rem
295 3963 384 4006 snum
399 3952 428 4006 at
442 3947 611 4005 columnam
625 3947 759 4006 Ecclesia
773 3952 867 4020 vocat,
877 3953 907 4005 et
922 3950 1041 4024 exponit
1101 3994 1105 4002 ·
1128 3959 1155 4016 t.
1168 3957 1321 4031 tpiptooit
1329 3957 1474 4030 epistolem
1488 3958 1597 4028 [ιιιιιιιιι
1610 3961 1652 4012 oct
1661 3953 1809 4012 momatur
1823 3951 1929 4024 Rufini

217 4052 285 4096 oum
300 4037 359 4096 ec¹
379 4036 624 4110 predicationem,
638 4054 674 4095 us
701 4037 733 4094 iu
760 4053 885 4096 vacuum
899 4045 1040 4108 curreret,
1093 4047 1229 4104 etiaim.
1245 4075 1279 4088 -
1289 4045 1428 4117 Sequitur
1444 4045 1474 4101 in
1489 4043 1612 4116 epistole
1626 4047 1697 4102 tua:
1716 4063 1732 4096 ιι
1745 4041 1810 4100 Noli
1826 4043 1928 4100 multo

216 4125 467 4185 tuleuourtitetl·
481 4125 585 4184 Nonne
598 4125 629 4182 in
651 4125 791 4200 religione
814 4127 903 4184 etlam
924 4126 1042 4186 liberi·
1093 4151 1163 4192 auro
1179 4134 1321 4190 redimere
1336 4134 1484 4190 notarium
1500 4147 1618 4190 meum:
1634 4132 1713 4190 sieut
1726 4131 1814 4189 amici
1828 4131 1873 4188 tui
1888 4133 1929 4190 ds

216 4216 449 4290 permamanet
473 4216 614 4290 conium·
642 4215 796 4273 amasus
824 4215 906 4273 ιιιιιι
934 4216 1040 4289 protare
1093 4222 1168 4281 nora
1181 4221 1244 4297 περι
1259 4221 1367 4296 'Appulia
1394 4221 1710 4294 consentanearum
1740 4221 1925 4290 ommacio,

216 4303 586 4364 aissmtiootrvoositta
614 4303 740 4372 habetis,
756 4307 789 4359 ut
815 4303 970 4372 babemus,
987 4319 1042 4360 our
1093 4309 1543 4383 nondumadpurumdigestis,
1567 4311 1716 4368 leeeruut:
1744 4314 1778 4366 ot
1805 4309 1932 4367 lucilius

217 4409 271 4452 uos
293 4393 419 4452 odistis?
434 4393 467 4452 Si
488 4392 575 4450 aliter
598 4391 726 4462 creditis,
749 4391 826 4451 ⁸⁸8
852 4391 924 4464 quid
950 4391 1041 4450 vulda
1093 4397 1198 4458 misere
1212 4401 1342 4471 possent,
1359 4399 1437 4471 quod
1452 4398 1619 4456 emunitus
1638 4399 1769 4469 haberet,
1784 4401 1843 4456 aut
1867 4402 1924 4457 ad*

216 4481 369 4540 tttffltt't?
383 4486 429 4538 An
444 4481 496 4554 qai
516 4497 533 4536 ⁸
556 4480 638 4537 Vltffit
658 4479 841 4550 dissttssfltlib
862 4479 1040 4539 occidendus
1054 4506 1078 4573 Ι)
1093 4487 1214 4546 modum
1230 4487 1326 4561 pauci.
1343 4487 1443 4545 Gratia
1458 4505 1475 4546 a
1490 4501 1537 4546 me
1548 4487 1674 4546 missum
1688 4487 1807 4562 suscipe
1834 4489 1923 4546 codi-

216 4567 283 4628 aet‘l
298 4569 415 4626 testem
434 4568 534 4626 invoco
557 4568 661 4626 iesum
689 4567 874 4626 conscientie
887 4585 972 4638 mee,
988 4570 1039 4645 qui
1093 4589 1168 4649 eam,
1186 4591 1274 4650 quem
1300 4591 1391 4634 ceusu
1406 4591 1513 4651 magno
1527 4593 1653 4650 cuperes
1673 4579 1923 4652 comparatam·

216 4661 247 4716 st
259 4656 316 4716 iras
327 4656 442 4715 litteras
455 4661 485 4714 et
503 4660 586 4714 taam
606 4654 765 4730 epistolam
773 4657 961 4731 judicaturus
983 4664 1038 4730 est,
1095 4667 1159 4726 Nan
1172 4670 1200 4723 ts
1214 4666 1305 4741 pudet
1315 4665 1447 4740 proemii
1458 4665 1640 4741 ‘itigoauro
1654 4666 1932 4724 redimeremnota·

218 4747 325 4808 moad
358 4745 617 4804 commonitionem
650 4747 744 4804 sancti
772 4763 853 4821 papa
879 4748 1041 4808 Chromatii
1095 4756 1172 4814 rium
1187 4753 1348 4813 tuumilit
1363 4755 1430 4829 quis
1445 4755 1560 4813 taltsac
1576 4759 1677 4813 tantam
1691 4759 1747 4826 est,
1764 4758 1798 4812 ut
1817 4753 1932 4812 audeat

216 4837 344 4898 voluisse
372 4835 502 4908 reticere,
517 4840 547 4893 et
579 4835 668 4894 linem
692 4837 786 4896 lacere
800 4837 996 4908 simultatum,
1012 4844 1041 4897 et
1095 4859 1162 4902 cam
1177 4845 1274 4903 cresc
1289 4847 1318 4902 ot
1333 4843 1419 4902 Dario
1435 4843 1717 4920 pugnereidiritiisi
1730 4847 1764 4901 ut
1791 4843 1932 4901 subitum

254 5015 466 5074 ¹tctoasesimc
497 5016 703 5074 emunctorum.
733 5017 796 5073 Non
837 5019 1039 5088 vermeriense,
1094 5023 1219 5082 Praedtco
1235 5025 1265 5078 io
1280 5021 1415 5095 perstitere,
1434 5025 1490 5079 etc.

217 5085 269 5166 sed
285 5088 467 5168 yctmtusimo
482 5087 546 5164 lego
562 5089 591 5144 iu
607 5089 719 5146 cunctis
735 5088 882 5148 manuscri
906 5087 943 5145 tis
961 5095 1042 5148 :erat
1131 5095 1142 5131 ⁸
1157 5093 1282 5152 Deducit
1293 5092 1439 5150 Victorius
1455 5110 1561 5152 nomen
1577 5109 1594 5152 a
1607 5091 1721 5152 Cereris
1736 5093 1849 5164 tabula,
1861 5111 1933 5167 que

217 5157 447 5242 siquidemuon
470 5161 804 5243 venustus.mouachna
830 5105 964 5230 italicus,
990 5163 1041 5220 sed
1095 5183 1128 5226 ra
1149 5171 1210 5224 tem
1234 5162 1438 5236 Proserpinam
1454 5164 1545 5222 liliam
1574 5164 1694 5240 ubique,
1725 5166 1814 5224 etiam
1844 5167 1931 5240 apud

217 5231 362 5310 uetustus,
376 5229 405 5283 rd
429 5233 633 5304 cst,apr1rnrs
656 5231 752 5290 anuis.
779 5231 922 5289 Messian.
943 5262 977 5273 -
991 5231 1040 5289 vi·
1095 5184 1215 5307 lniiros,
1229 5239 1383 5310 persecuta
1395 5233 1511 5294 dicitur.
1535 5237 1700 5298 romarios
1715 5242 1827 5306 summ,
1845 5239 1934 5312 quod

217 5301 328 5353 ctorrus
355 5298 480 5356 laomen
507 5312 663 5374 antequam,
678 5308 746 5373 eto,
761 5307 824 5360 tum
852 5303 1042 5362 vetutissime
1095 5309 1232 5366 curribus
1246 5310 1297 5363 aut
1311 5305 1395 5379 equis
1408 5309 1577 5367 conscensis
1605 5306 1720 5368 veloces
1748 5315 1859 5374 esseut,
1892 5310 1936 5366 ab

217 5367 414 5426 cunuchorum
426 5387 477 5443 pro
497 5375 698 5437 uetustiasr'mcr
715 5391 805 5447 uuam
820 5379 919 5431 tamen
939 5373 1043 5434 lectio·
1096 5372 1224 5439 triboci<
1239 5379 1337 5435 Gracc
1347 5379 1446 5448 verbo,
1462 5380 1541 5452 quod
1556 5397 1750 5440 censosusurn
1761 5380 1931 5454 siguidoat.

220 5453 287 5509 nom
333 5440 411 5496 obet.
555 5514 560 5525 .
621 5514 626 5528 Ι
695 5515 701 5530 .
876 5516 881 5529 Ι
1130 5449 1297 5530 ‘Erasmus
1309 5453 1430 5532 parmoti
1441 5451 1582 5524 reposuit,
1593 5453 1671 5526 quod
1683 5457 1739 5521 est,
1747 5451 1930 5510 tumulante

221 5510 399 5596 ,suculas
413 5527 516 5571 camec
531 5512 743 5573 hro-Victorius
765 5521 946 5589 reposurtex
962 5517 1043 5578 Pauli
1097 5519 1477 5581 debacchatroureelirseca
1502 5539 1573 5583 uoce
1599 5522 1747 5602 παροινίας
1774 5524 1847 5584 satis
1869 5539 1928 5582 ao-

220 5587 397 5648 ῑοιιιιιιιιιιιο.
426 5581 538 5644 tentat
562 5602 625 5644 nrm
662 5587 719 5645 iltis
748 5587 941 5662 Ecoopittum,
973 5592 1047 5668 qood
1097 5591 1180 5666 puto.
