4068 6170
254 347 332 417 titt

998 344 1209 420 teaauntx.

1849 349 1904 416 1111

252 481 284 542 in
299 480 452 556 Prophetis
476 481 678 542 versabantur.
702 481 734 541 in
761 479 956 542 tabernaculis
978 485 1076 538 autem
1091 486 1120 556 A
1169 484 1249 558 (Cep.
1267 483 1312 542 tv,
1329 514 1363 526 -
1377 482 1459 540 Vera.
1479 479 1514 556 1.)
1530 505 1543 536 a
1560 479 1625 540 iiiiii
1639 479 1904 558 insanumque-pt

252 589 302 632 eos
317 577 525 642 commoratos,
540 579 568 632 et
585 575 697 647 Regum
719 571 841 630 historia
856 571 966 628 scribit.
981 571 1017 627 lii
1030 586 1077 626 vc·
1127 575 1191 646 jhm
1211 573 1348 648 superius
1365 572 1430 630 eliis
1453 571 1625 630 nominibus
1649 571 1783 630 nominati
1797 576 1858 630 suut
1871 573 1905 632 iiic

251 671 353 720 aarum
367 663 400 719 de
418 663 509 720 calore
535 665 624 736 patris
646 663 742 720 demur
769 661 874 720 Rcctrd
898 663 921 732 (1
935 661 1029 718 Paret.
1046 676 1077 727 ιι,

250 751 348 826 55),1ι1
365 757 409 810 est
426 753 461 810 de
477 753 569 826 stirpe
585 752 711 809 Recitab.

287 867 379 940 (liridi
395 891 409 919 a
427 871 586 925 Achinoern
614 884 687 924 uxor
701 866 791 924 David
805 866 978 924 ismaelitis.
996 891 1006 918 ι
1026 865 1077 922 ilie

250 955 360 1014 Jearesl
377 956 459 1014 locus
474 962 527 1027 est,
543 957 573 1011 in
589 973 646 1029 quo
671 956 782 1012 Naboth
808 955 960 1011 habitavit.
976 955 1008 1010 ln
1024 954 1077 1010 Pa·

251 1044 464 1118 raiipomenon,
492 1043 591 1102 Daniel
617 1047 642 1118 (1
654 1047 747 1102 Perat.
768 1063 812 1114 ιιι,
837 1045 862 1116 1)
879 1062 885 1100 :
903 1045 932 1098 in
955 1044 1075 1116 lingum,

251 1134 383 1204 Chilone,
407 1135 436 1191 id
461 1141 505 1190 est
527 1134 802 1206 uindicampatrem:
826 1151 860 1190 eo
883 1133 959 1205 quod
985 1133 1077 1187 disce·

251 1227 339 1295 pians
364 1239 431 1279 cum
460 1222 652 1295 miphiboseth
685 1221 900 1295 questionibus
928 1223 1021 1294 bogis,
1048 1222 1077 1274 et

249 1311 343 1368 vietor
371 1312 540 1384 apparebat,
576 1317 604 1367 et
642 1318 753 1384 patrem
788 1311 888 1368 ulcissi
926 1312 1078 1368 videbatur

251 1400 287 1474 (ll
302 1402 366 1470 llep.
382 1417 440 1469 ιιιιι,
456 1402 491 1456 25
505 1403 601 1473 seqq.)

286 1507 365 1580 (Cep.
387 1507 435 1564 lll.
453 1539 486 1550 -
503 1507 584 1564 Vera.
608 1507 649 1580 3.)
664 1530 678 1558 a
702 1507 851 1564 detraham
883 1506 961 1562 lilius
987 1505 1077 1563 David

250 1597 286 1654 de
316 1595 386 1669 Dgla
414 1612 502 1652 uxore
532 1614 624 1653 sue.»
654 1596 725 1669 Dgla
750 1596 958 1668 interpretatur
976 1596 1078 1663 uitulo,

249 1702 340 1759 quem
355 1684 489 1742 nonnulli
504 1689 609 1758 putent
622 1684 727 1742 Dichol
744 1684 833 1740 liliam
851 1683 932 1740 Saul.

287 1800 379 1873 (Vere.
395 1801 435 1873 5.)
450 1802 482 1859 ln
504 1799 759 1873 Paralipomenon,
785 1799 916 1856 Simmea
930 1798 1009 1854 filius
1023 1798 1074 1855 Da·

250 1888 308 1956 vid,
337 1888 387 1962 qui
416 1889 445 1945 in
476 1888 589 1961 Regum
618 1889 738 1946 Samma
767 1887 934 1944 nominatur
958 1887 995 1959 (11
1010 1891 1075 1956 hep.

250 1994 309 2045 xxi,
337 1978 393 2050 21).
425 1977 558 2034 Simmea
586 1978 790 2051 intepretatur,
813 1977 934 2034 raaudi:
960 1979 1076 2046 Samae,

251 2067 407 2124 manditur.
425 2067 554 2124 Bathsua
580 2071 673 2124 mater
687 2065 862 2123 Salomonis.
880 2067 912 2121 ln
930 2064 1077 2137 Paralipo-

238 2173 358 2230 ,menon
373 2155 481 2213 dicitur
495 2155 556 2212 filie
570 2155 662 2212 hmiel
675 2174 682 2224 ;
697 2159 725 2212 et
744 2155 962 2228 interpretatur,
977 2170 1078 2210 acmen

250 2247 329 2318 ejas:
345 2245 483 2312 listhene,
508 2245 569 2316 filia
588 2244 797 2316 deprecationis.
813 2245 845 2300 ln
862 2244 973 2316 Regum
991 2242 1077 2299 Beth·

249 2334 348 2404 eehee,
364 2333 425 2390 ulia
440 2333 535 2390 liliam
553 2333 604 2389 iiiii
620 2331 802 2407 achitophel,
827 2337 857 2389 et
871 2333 1079 2404 interpretatur

251 2423 315 2496 pile
342 2431 452 2496 reptem,
490 2423 555 2494 filia
589 2425 737 2493 satietatis,
773 2424 835 2494 fitia
858 2422 1016 2494 juramenti
1043 2419 1080 2492 (ll

250 2511 314 2582 licp.
343 2527 383 2577 xi,
411 2511 448 2582 1).
479 2510 572 2566 illium
602 2505 820 2583 interpretatur,
846 2515 920 2567 Deua
938 2525 1077 2581 metrepo-

248 2600 352 2672 patm:
367 2597 504 2668 Ammicl,
525 2600 640 2672 popular
654 2617 730 2656 mem
749 2601 827 2656 Deus.

288 2713 380 2776 (Vere.
408 2713 448 2784 6.)
478 2715 509 2770 1ιι
546 2713 786 2788 Paralipomenon
819 2714 990 2770 scribuntur
1019 2712 1077 2767 duo

250 2799 423 2949 fflfflird,
441 2801 522 2876 Noga
540 2807 570 2860 et
592 2801 766 2876 elipheleth,
783 2803 832 2877 qui
848 2803 877 2858 in
889 2801 1000 2875 Regum
1018 2817 1078 2857 non

286 2998 379 3072 (Vere.
391 2995 1078 3070 15.)i'ilii«losie,Seiium,Joennum(eletion-

252 3087 342 3144 nhim.
359 3109 374 3138 »ι
390 3085 502 3143 Selium
518 3090 572 3154 est,
589 3103 678 3159 quern
693 3085 810 3142 Nachao
825 3102 874 3142 rex
889 3085 1003 3158 AEgppti
1014 3100 1080 3155 cep-

251 3175 343 3232 tirum
358 3174 443 3231 duxit
458 3173 487 3230 in
503 3179 670 3247 AEgyptum.
687 3173 768 3230 Unda
790 3173 925 3229 meminit
936 3172 1079 3229 ieremias

251 3278 315 3335 sap.
333 3279 401 3335 ιιιιι,
432 3278 507 3317 vers.
537 3263 601 3333 11);
627 3263 763 3331 Quoniam
782 3262 842 3320 iteca
862 3262 929 3319 dicit
948 3263 1077 3318 Dominus

252 3351 287 3406 ed
302 3349 408 3407 Sotium
431 3350 522 3422 fitium
548 3352 629 3408 luein
656 3367 746 3422 rcpem
772 3351 853 3419 lude,
879 3353 928 3424 qui
953 3353 1078 3424 repectit

249 3441 389 3514 prolusio
415 3447 493 3511 patre
521 3456 580 3496 suo.
613 3440 665 3510 Qui
693 3455 814 3512 eprecaua
836 3441 870 3497 dc
887 3440 946 3497 loco
959 3443 1009 3497 isto
1022 3457 1076 3496 oca

250 3531 403 3586 reuertatur
417 3530 471 3587 hac
485 3531 569 3587 uitro.

287 3635 380 3708 (Vere.
409 3637 466 3705 16.)
490 3636 635 3704 Joeehirn,
658 3637 706 3709 qui
732 3641 760 3693 et
784 3637 914 3708 illitam,
932 3637 1078 3711 ipseloa·

251 3724 330 3783 ohim
356 3727 463 3783 ductus
487 3731 531 3783 est
554 3728 583 3782 ia
601 3726 776 3799 Babylonem
799 3745 867 3783 cum
882 3727 961 3784 vasis
976 3727 1078 3801 templi

251 3815 378 3882 Domini,
408 3820 437 3872 et
460 3815 572 3881 Daniel,
602 3817 726 3883 Anania,
757 3818 911 3886 etAzeria,
936 3815 1077 3874 etMisael

251 3919 319 3961 eum
335 3920 378 3960 eo.
394 3903 504 3960 Joacim
520 3903 599 3960 filius
612 3905 687 3977 ejus,
704 3906 753 3977 qui
769 3905 799 3961 in
809 3904 978 3972 J'ochonias,
989 3905 1079 3977 capti·

251 4007 307 4047 vus
322 3992 362 4063 (b)
377 3993 484 4048 ductus
499 4003 542 4048 est
557 3991 586 4048 in
603 3992 862 4066 Babylonem,cum
874 3993 985 4050 ceteris
1001 3994 1078 4051 resia

252 4081 359 4136 domus
384 4080 511 4152 Domini,
537 4098 603 4137 cum
629 4081 777 4138 Ezechiele
796 4087 825 4139 et
840 4083 1030 4144 Mardochao.
1047 4083 1077 4139 in

252 4167 338 4241 cujus
353 4167 416 4225 loco
432 4169 611 4226 substitutus
627 4173 671 4226 est
685 4169 857 4238 ibethanius,
881 4171 931 4243 qui
947 4172 1078 4244 etSede·

253 4257 346 4314 chiae.

289 4363 383 4434 (Vera.
408 4362 464 4432 17.)
487 4386 501 4414 a
518 4363 581 4420 Filii
597 4363 754 4430 Jechoairr,
778 4365 861 4421 hesir
885 4364 1035 4436 Salathiel,
1064 4388 1078 4416 o

253 4467 347 4508 unum
370 4467 476 4506 nomen
493 4457 548 4518 est,
575 4453 637 4524 ipae
653 4457 698 4508 est
714 4452 842 4509 Phedaia
857 4458 940 4526 peter
952 4454 1078 4510 Zorobe-

253 4537 310 4595 bel.
338 4541 372 4592 et
399 4538 607 4610 interpretatur
636 4539 746 4596 Phadia
779 4540 931 4613 redemptus
960 4543 1078 4610 Domini,

252 4625 345 4695 hesir,
360 4634 534 4690 carceratus:
548 4628 698 4696 salathiel,
721 4633 816 4700 frutex
834 4631 954 4687 Domini.
970 4631 1078 4690 Senne-

254 4729 302 4772 ser
329 4716 408 4772 illius
433 4715 587 4789 lechoniae,
613 4718 664 4789 qui
688 4719 716 4772 in
742 4719 813 4774 llere
828 4719 969 4774 Sesbasar
985 4721 1079 4776 nomi·

256 4807 354 4859 netur.
371 4804 515 4860 senneser
525 4806 741 4878 interpretatur,
755 4806 964 4878 blasphematus.
976 4809 1081 4864 Senbe-

256 4909 306 4950 sar
337 4893 546 4966 interpretetur
580 4895 739 4950 intulatur.
777 4895 902 4952 Seehear
929 4895 1079 4966 scribitur,

256 4981 303 5038 eui
319 4981 411 5056 Cyrus
425 4984 629 5040 annumeravit
643 4999 712 5038 vasa
726 4983 833 5040 demus
845 4984 972 5042 Domini.

292 5098 385 5171 (vers.
415 5098 471 5170 11.)
501 5099 658 5157 Secheries
682 5098 787 5156 habuit
815 5098 909 5157 tilium
935 5101 1080 5160 Semeiam

258 5185 390 5261 unicum,
414 5187 465 5260 qui
480 5187 584 5244 habuit
599 5187 728 5260 quinque
749 5187 834 5257 lilios,
848 5188 953 5247 Athus.
968 5190 1081 5264 legael,

258 5275 372 5332 linaria.
392 5277 506 5347 Naeria,
522 5281 550 5333 et
564 5276 685 5349 Saphat‚
708 5276 759 5348 qui
783 5295 850 5334 eum
867 5283 948 5352 patre
963 5297 1016 5338 suo
1032 5282 1081 5338 Ss-

260 5364 347 5433 meia,
378 5363 427 5436 qui
457 5365 562 5423 unicus
589 5366 681 5440 patris
706 5370 779 5434 eret,
800 5382 850 5422 sex
865 5374 1081 5439 computantur.

297 5521 337 5664 (ιι)
354 5520 420 5602 hia,
437 5525 463 5577 et
477 5522 674 5605 incohaturus
688 5531 734 5596 cet,
752 5541 831 5596 parra
846 5525 935 5582 nacto
949 5544 1009 5596 rer,
1025 5533 1081 5588 etc.

308 5592 324 5647 1
350 5590 458 5649 locem
473 5596 597 5664 captiuus
612 5611 669 5652 non
684 5595 772 5652 hebel
787 5613 842 5655 ms.
854 5615 906 5671 pro
917 5615 976 5672 qua
990 5600 1081 5671 addit,

260 5664 310 5738 pei
323 5663 408 5720 etiem
431 5663 590 5752 Chenaaiae
604 5663 709 5734 dactus,
725 5671 779 5730 etc.

1131 667 1229 722 autem
1241 667 1393 721 mutentur
1413 663 1534 719 nomina
1548 663 1589 735 (ε)
1602 662 1906 735 repetendomueainter·

1131 751 1909 825 pretationis,Pherezinterpretaturdiuieimllsroeinter

1131 845 1271 914 pretatur,
1289 842 1410 909 atrium;
1427 845 1499 896 Zara
1520 849 1595 897 ortua
1608 858 1615 909 ;
1628 838 1746 896 Chermi
1762 839 1816 911 ipse
1834 845 1868 896 cst
1878 841 1908 895 ir.

1131 928 1249 986 Charini
1272 929 1490 1002 interpretetur,
1501 931 1582 986 uince
1591 945 1669 996 owe,
1682 929 1729 1000 llr,
1739 929 1911 1002 uipilam,llur,

1131 1018 1181 1088 oui
1196 1023 1225 1075 et
1247 1018 1339 1076 Onan.
1366 1017 1426 1074 Har
1451 1019 1669 1091 interpretatur,
1694 1019 1806 1090 [mestre
1828 1017 1910 1085 :Dum

1131 1107 1429 1165 murmurationum}
1445 1107 1507 1179 ipse
1523 1113 1568 1164 est
1583 1106 1658 1163 Sela.

1167 1197 1261 1268 (Vers.
1277 1198 1316 1268 2.)
1341 1195 1431 1253 Subal
1450 1196 1552 1270 genuit
1575 1194 1676 1262 Raiba,
1702 1198 1732 1250 et
1748 1193 1829 1250 lieihe
1840 1195 1912 1268 genuit

1130 1285 1146 1342 J
1151 1285 1240 1356 uhad,
1255 1284 1351 1341 luhad
1367 1283 1605 1358 genuithhumai
1617 1283 1733 1340 ethead
1746 1283 1912 1356 :Laadgenuit

1131 1374 1246 1441 Dthem,
1264 1375 1367 1430 litharn
1392 1373 1495 1447 genuit
1517 1371 1663 1440 Jezrehel,
1680 1388 1769 1444 aquo
1783 1388 1870 1428 nomen
1882 1389 1914 1426 ee

1131 1463 1207 1536 cepit
1235 1462 1306 1518 urbs
1334 1462 1364 1518 in
1391 1479 1452 1534 que
1483 1461 1597 1519 Nehoth
1617 1459 1852 1518 hahitahmbebal
1871 1460 1914 1531 ipse

1131 1551 1348 1625 genuitlieibe,
1374 1550 1423 1624 qui
1437 1549 1494 1607 elio
1517 1549 1637 1607 nomine
1656 1550 1694 1611 ur
1706 1549 1916 1606 nomineturzit·

1131 1641 1208 1698 circo
1236 1642 1312 1713 quod
1343 1641 1380 1696 Dr
1413 1644 1442 1695 et
1469 1639 1563 1708 Onon,
1592 1638 1622 1694 in
1645 1636 1915 1712 peccatosuomertui

1132 1735 1210 1786 sunt.
1240 1729 1328 1786 Sobel
1367 1729 1577 1801 interpretatur
1602 1729 1705 1801 spire,·
1739 1726 1811 1798 Sele,
1835 1729 1916 1784 mitem

1131 1820 1212 1885 Quod
1235 1834 1303 1874 vero
1336 1817 1418 1891 prius
1442 1817 1508 1874 eliis
1533 1815 1705 1874 nominibus
1728 1819 1757 1872 et
1779 1816 1854 1872 modo
1872 1815 1918 1872 aliis

1132 1908 1302 1964 nominibus
1318 1908 1520 1975 nominantur,
1541 1906 1577 1962 ad
1598 1902 1770 1976 mysterium
1785 1903 1895 1977 pertinet.

1168 1999 1261 2070 (Vera.
1278 1997 1317 2069 1.)
1342 2019 1355 2046 a
1373 1995 1502 2052 Phunnal
1529 1998 1611 2068 pater
1622 1994 1727 2062 (ledor,
1749 1997 1776 2050 et
1789 1993 1850 2049 ilrer
1862 1997 1919 2065 peter

1131 2086 1221 2154 Husa,
1244 2108 1258 2135 u
1272 2084 1321 2140 lilii
1335 2084 1454 2141 luerunt
1467 2084 1547 2140 Hur:
1565 2083 1669 2140 iratres
1686 2081 1755 2138 lluri
1770 2081 1820 2137 filii
1833 2081 1918 2138 lierie:

1132 2174 1227 2231 Gedor
1240 2189 1306 2230 vero
1321 2178 1349 2230 et
1364 2173 1436 2229 ilasi
1452 2173 1572 2229 nomina
1586 2171 1729 2229 locorum.

1168 2263 1260 2336 (Vere.
1287 2263 1360 2334 5-8.)
1390 2283 1404 2312 a
1421 2261 1515 2318 Ashur
1542 2261 1643 2334 genuit
1672 2261 1767 2318 Dihan
1793 2265 1820 2318 et
1844 2275 1921 2316 nonen

1133 2352 1236 2409 metris
1260 2353 1324 2425 ejus
1344 2351 1425 2408 llala.
1443 2373 1457 2400 »
1473 2350 1565 2406 Dtban
1590 2350 1691 2424 genuit
1710 2350 1800 2418 Chaa,
1813 2350 1923 2420 chasp-

1133 2442 1199 2499 nuit
1223 2441 1357 2509 Sohoba;
1381 2439 1497 2498 Soboba
1524 2437 1628 2512 genuit
1644 2439 1745 2512 tabes,
1768 2439 1814 2513 qui
1833 2437 1923 2496 tuitio·

1132 2536 1205 2600 otor,
1221 2531 1257 2587 de
1280 2547 1338 2603 quo
1360 2528 1496 2603 superius
1511 2528 1690 2585 dictumest.
1706 2529 1789 2595 Quod
1803 2544 1861 2585 vero
1872 2527 1926 2582 inter

1132 2620 1211 2677 Chus
1222 2625 1251 2676 et
1263 2619 1352 2676 labes
1367 2618 1596 2675 introducuntur
1615 2617 1805 2691 cognationes
1826 2613 1922 2672 Ahrrhel

1133 2708 1184 2765 tilii
1202 2715 1304 2780 hrum,
1321 2707 1382 2764 haec
1396 2723 1486 2763 causa
1503 2711 1567 2762 est:
1582 2705 1719 2774 AharheI,
1738 2707 1800 2779 ipae
1808 2703 1925 2768 ostoun.

1133 2797 1183 2872 qui
1199 2797 1408 2870 interpretetur
1425 2797 1484 2866 poet
1497 2795 1657 2852 exercitum.
1673 2793 1766 2851 Filius
1779 2801 1870 2858 Arum,
1883 2792 1927 2863 ipse

1133 2891 1179 2944 est
1193 2885 1304 2945 Jethro.
1321 2887 1411 2942 hrum
1426 2883 1637 2956 interpretetur
1647 2885 1797 2940 muitetur.
1808 2881 1928 2952 Ouieerge

1133 2975 1221 3033 labes
1245 2975 1367 3030 docebat
1385 2989 1435 3030 eos
1465 2971 1632 3030 habitantes
1656 2972 1684 3028 in
1714 2969 1854 3039 tentoriis,
1874 2970 1929 3026 sicut

1133 3065 1269 3137 superius
1291 3063 1403 3119 dictum
1428 3066 1482 3134 est,
1508 3061 1572 3118 ideo
1598 3060 1825 3119 introducuntur
1845 3059 1929 3128 ieejus

1134 3154 1282 3227 progenie,
1310 3152 1395 3224 quasi
1419 3151 1455 3207 ad
1472 3149 1634 3223 majoribus
1648 3151 1713 3221 ejus
1730 3147 1865 3224 progeniti
1878 3147 1928 3202 siat

1094 3225 1115 3292 C
1134 3241 1216 3301 Hune
1230 3241 1317 3299 lebes
1332 3242 1430 3298 ierunt
1444 3238 1577 3296 nonnulii
1602 3239 1696 3296 adhuc
1720 3239 1824 3307 rivers,
1839 3238 1928 3311 propter

1132 3332 1207 3388 hanc
1221 3330 1396 3388 sententiam
1413 3346 1471 3401 uua
1487 3327 1603 3397 dicitur,
1626 3328 1762 3400 prestitit
1774 3329 1801 3384 ei
1814 3328 1875 3383 Dera
1885 3337 1929 3396 pue

1131 3429 1260 3495 precetur
1274 3428 1312 3476 est
1328 3421 1408 3491 (υενι.
1424 3418 1478 3486 10).

1170 3510 1262 3584 (llere.
1280 3507 1336 3582 11.)
1354 3529 1368 3558 a
1387 3505 1473 3564 Celeb
1498 3505 1588 3562 irater
1601 3505 1688 3573 Suae,
1705 3505 1772 3578 ipse
1785 3506 1828 3562 est
1840 3502 1929 3559 liena

1133 3600 1205 3656 Rem
1229 3597 1438 3669 interpretatur
1457 3595 1590 3664 excolam
1614 3599 1642 3650 et
1656 3594 1747 3667 Suae,
1763 3593 1880 3650 sublimis
1891 3587 1929 3656 (11.

1132 3686 1268 3760 humiiir).
1286 3685 1368 3742 Caici
1382 3684 1477 3753 pendit
1491 3683 1603 3752 liechir,
1620 3683 1733 3739 Mechir
1748 3681 1931 3756 genuitlleton,

1134 3781 1222 3832 Eston
1252 3774 1352 3848 genuit
1376 3771 1522 3830 Tehinna.
1541 3773 1621 3838 Quod
1644 3787 1711 3828 varo
1738 3769 1810 3828 dicit
1823 3783 1881 3825 eum
1893 3781 1930 3837 pe·

1133 3870 1207 3920 trem
1225 3864 1306 3920 urbis
1320 3863 1407 3933 linas,
1425 3860 1549 3934 intelligi
1566 3864 1661 3936 potest
1674 3865 1729 3917 eut
1744 3857 1890 3921 Bethleem,
1903 3857 1932 3909 est

1133 3957 1184 4010 aut
1208 3957 1300 4010 mater
1323 3951 1400 4018 lsoi3
1418 3949 1488 4022 quia
1502 3949 1557 4008 lsai
1573 3949 1602 4004 in
1619 3948 1675 4005 alio
1692 3947 1758 4007 ioco
1773 3948 1855 4012 Noas,
1869 3943 1933 3998 idest

1132 4042 1254 4108 coluber,
1271 4045 1401 4096 vocatur.
1417 4038 1531 4111 hbigeil
1547 4054 1627 4094 soror
1642 4041 1688 4094 est
1702 4035 1797 4094 David
1807 4031 1934 4094 liliellatt

1133 4131 1224 4186 idest
1248 4129 1322 4184 lsai:
1341 4127 1392 4200 qui
1417 4133 1541 4199 utroque
1560 4127 1678 4183 nomine
1692 4127 1858 4182 vocabatur.
1871 4122 1935 4176 Geta

1134 4217 1297 4276 ismaelitae
1324 4215 1429 4274 hebuit
1457 4233 1576 4273 uxorem
1613 4214 1727 4288 hbigail
1757 4214 1847 4272 tiliam
1870 4208 1935 4266 Neu.

1133 4307 1215 4375 Quod
1234 4323 1299 4362 aero
1313 4305 1395 4372 dicit,
1408 4307 1454 4362 r'ati
1467 4314 1532 4361 sant
1545 4305 1600 4377 ptri
1615 4305 1682 4377 (ms.
1698 4303 1768 4376 uiri)
1781 4301 1934 4368 llccheiueu.

1134 4396 1191 4466 12).
1216 4395 1312 4452 hecha
1338 4395 1556 4467 interpretatur,
1580 4401 1666 4462 tener,
1692 4408 1784 4466 quem
1808 4391 1853 4447 hie
1868 4383 1934 4444 Darii

1134 4483 1267 4542 nonnulli
1289 4483 1412 4556 intelligi
1438 4483 1547 4539 volunt.
1574 4481 1621 4539 Sic
1642 4481 1723 4539 enim
1754 4481 1817 4556 ipse
1830 4478 1882 4535 ait:
1898 4476 1936 4544 191

1095 4591 1194 4658 psum
1227 4577 1303 4630 tener
1330 4581 1355 4629 et
1382 4577 1481 4628 uarius
1510 4589 1558 4629 rea
1587 4572 1622 4646 (ll
1649 4573 1712 4644 hep.
1746 4589 1791 4638 ιιι,
1813 4561 1934 4640 astuta

1135 4662 1191 4720 alio
1208 4662 1290 4719 loco:
1315 4663 1395 4735 queri
1420 4663 1490 4735 lipsii
1505 4663 1669 4718 vcraricuiua
1684 4660 1835 4718 teneretur.
1852 4653 1935 4711 idcirru

1135 4753 1214 4810 enim
1243 4750 1297 4806 viri
1325 4750 1430 4821 hecha,
1464 4751 1493 4806 id
1519 4756 1565 4807 est
1592 4749 1694 4818 David,
1721 4737 1934 4812 dicentemque

1134 4847 1253 4914 propter
1277 4840 1497 4914 exprimendam
1522 4838 1722 4914 genealogiam
1749 4836 1838 4895 David
1859 4829 1934 4888 inte

1135 4928 1282 4987 sententia
1298 4929 1429 4986 annotati
1455 4932 1534 4985 sunt.

1171 5017 1267 5090 (Vere.
1297 5017 1354 5089 13.)
1386 5041 1396 5067 ι
1428 5016 1541 5074 Chenez
1568 5016 1670 5092 genuit
1695 5012 1833 5073 Dthoniel
1859 5005 1936 5098 etStj

1136 5105 1240 5163 raiam.
1257 5126 1271 5156 u
1289 5110 1327 5162 De
1351 5105 1455 5162 Sarnis
1477 5105 1586 5162 dicitur
1608 5104 1777 5179 prodidisse
1799 5100 1877 5159 Joab.
1897 5093 1934 5157 0¹1¹

1137 5194 1202 5253 ideo
1226 5195 1336 5251 dieitur
1359 5198 1442 5267 pater
1469 5193 1555 5252 valiis
1579 5195 1738 5260 artificum,
1760 5191 1830 5266 quia
1844 5179 1935 5244 deiliit

1137 5284 1202 5355 ejus
1219 5285 1338 5340 fuerunt
1366 5283 1516 5341 architecti
1544 5285 1580 5342 ad
1608 5283 1815 5340 edificandum
1842 5278 1934 5332 domun

1136 5372 1263 5429 Domini.

1173 5533 1207 5604 (c)
1221 5532 1276 5589 Me.
1294 5535 1344 5589 llic
1357 5536 1449 5590 ‹1qu
1460 5535 1576 5590 mutetis
1587 5532 1745 5592 nominibus
1760 5531 1819 5589 ideo
1832 5527 1934 5600 repart-

1138 5613 1194 5660 tur.
1210 5609 1296 5662 Feret
1315 5607 1521 5679 interpretatur,
1538 5609 1592 5664 etc.
