4108 6174
178 376 255 440 {581

680 377 718 442 D.
738 379 971 444 alermum
991 380 1381 447 autmuveustouus.

1803 383 1881 446 lese

175 507 288 564 Vidssflfl
302 511 402 565 Putem
417 525 451 566 0¹
463 511 559 568 ilibus
576 529 582 567 ἲ
598 505 660 583 RES,
677 529 759 580 ΑΕΗ,
788 531 824 570 ¹¹¹³
846 519 875 570 θῑ
889 514 1045 582 (ῙῑθθῐΰΡΑ
1061 532 1173 590 Philoni
1189 537 1218 588 et
1231 531 1347 588 (triceni
1363 530 1511 604 propriam
1540 548 1604 588 esse
1632 531 1708 601 novi,
1725 548 1779 590 neo
1807 534 1880 590 satis

176 597 320 679 salnay).
338 597 426 652 Porro
441 616 475 654 aa
488 616 522 656 ex
533 601 658 668 duabus,
674 619 762 658 asera
776 607 805 656 ot
820 620 912 658 mnaso
929 589 1000 678 (bn),

174 672 427 741 etintarpretatur
457 672 537 741 Deus,
567 672 625 728 sive
653 675 742 744 sortis.
759 674 1002 747 Quamvisigitur

174 738 295 811 mandis
323 739 504 798 auctoritatis
533 741 602 810 sint,
631 751 659 799 et
682 743 999 818 eloquentiaeipsorum

173 809 282 865 umbra
305 827 358 866 nos
373 813 529 884 opprimat,
545 815 595 886 qui
609 831 718 878 ranam,
734 817 835 882 otram,
852 817 999 874 sivemea·

172 887 229 936 tem
246 881 380 938 videntem
395 885 482 939 Deam
497 885 725 952 transtuleranl;
743 904 797 942 nos
812 887 906 960 magis
927 889 1001 944 Scri·

173 957 266 1024 ptura
281 957 309 1008 et
323 953 419 1026 angeli
443 955 486 1010 vel
504 955 565 1023 Dei,
582 956 633 1029 qui
649 957 746 1029 ipsum
772 958 860 1014 Israel
875 960 998 1027 vocavit,

163 1023 343 1105 auctoritate
370 1024 516 1094 ducimur,
548 1045 637 1099 quam
653 1028 811 1100 cujuslibet
825 1029 999 1102 eloquentia

171 1093 331 1150 saecularis.
348 1115 363 1146 n
379 1096 486 1152 'lotum
507 1097 626 1168 ,huncce
640 1097 735 1155 locum
748 1099 887 1172 replicare
910 1101 997 1173 volui,

171 1169 204 1218 ut
218 1181 253 1220 ex
267 1181 300 1220 oo
315 1165 497 1249 diligentiam
514 1169 781 1244 Hieronymianam,
812 1172 998 1244 splendorem

175 1235 349 1308 eloquentie
378 1237 469 1305 illius,
499 1245 527 1295 et
553 1241 714 1298 inconcusa
732 1243 869 1298 doctrine
895 1244 999 1300 lunda-

170 1312 270 1389 meata
285 1306 381 1373 palam
395 1313 536 1379 testarer3
553 1312 626 1368 nihil
641 1313 719 1371 onim
743 1312 928 1386 splendidius
949 1315 1000 1371 illa

168 1377 348 1451 expositione
359 1381 487 1437 nominis
497 1381 585 1438 lsrael
596 1400 603 1449 ;
616 1386 864 1442 accommodatius
880 1386 953 1442 nihil
968 1387 998 1443 in

171 1449 456 1507 commendationem
485 1454 658 1512 eruditionis
672 1473 706 1512 ac
725 1456 881 1529 diligentiae
897 1457 997 1514 Hiero·

167 1520 358 1602 nymiynibil
375 1521 501 1595 denique
529 1525 565 1579 ad
595 1527 784 1584 revincendos
812 1535 997 1585 accusatores

168 1590 327 1672 edicamus,
345 1593 395 1664 qui
412 1594 519 1667 sepius
547 1597 666 1653 unierun
695 1598 791 1654 locum
807 1599 837 1654 in
853 1599 996 1656 librorum

167 1661 464 1736 Hieronymianorum
478 1665 594 1723 infinita
604 1669 794 1725 multitudine
805 1670 911 1742 legisse
927 1687 995 1726 con-

165 1733 251 1817 tenti,
267 1750 397 1815 parasse
412 1741 516 1820 putant
528 1739 640 1808 judicio
664 1740 797 1796 habendo
818 1741 853 1796 de
868 1741 996 1814 perlecta

166 1805 331 1861 crudrtrone
346 1823 466 1864 memmi
482 1805 622 1866 Ductoris.

1056 605 1207 676 probatam
1221 603 1227 657 i
1231 575 1460 729 Psillieronymo
1471 603 1568 660 Latino
1579 604 1770 687 interpretati.
1783 603 1881 660 Philo·

1056 677 1101 731 nis
1117 675 1215 746 itaque
1240 691 1290 730 rea:
1305 679 1349 730 est
1364 674 1563 746 interpretatio
1591 676 1718 730 nominis
1742 677 1881 733 Ramesses

1055 764 1145 818 supra
1170 745 1223 801 col.
1252 747 1306 800 709
1331 763 1338 802 :
1365 744 1482 818 Ῥαμεσή
1499 744 1677 817 ἑρμηνεύεται
1693 747 1803 819 σεισμὸς
1829 767 1879 816 ση-

1054 818 1112 888 aba,
1128 817 1172 870 aei
1187 819 1293 884 κτηνῶν
1308 814 1353 870 τὸν
1370 820 1445 886 νοῦν,
1462 817 1560 885 idest,
1585 819 1695 873 Raetesc
1712 819 1880 945 integreta-

1055 897 1101 946 tar
1115 890 1253 960 quassatio
1268 889 1359 958 tiaeoe,
1377 889 1417 944 ael
1438 888 1555 960 efferans
1573 893 1702 944 mertem.
1725 891 1757 944 In
1804 889 1878 1016 rige·

1055 962 1143 1016 niano
1159 965 1257 1016 autom
1274 960 1384 1028 toxico,
1398 959 1456 1022 col,
1472 961 1533 1030 1553,
1551 960 1586 1016 de
1601 959 1703 1016 eodem
1725 960 1835 1016 vocabu
1849 979 1876 1033 o,

1055 1032 1097 1088 sic
1113 1031 1256 1103 scriptum
1272 1029 1397 1103 legimus
1414 1047 1421 1085 t
1438 1030 1717 1103 'Paptcartotyaeacle
1731 1029 1761 1084 ὲκ
1776 1031 1877 1100 clauus,

1054 1105 1173 1170 Remeat,
1190 1103 1279 1174 pastio
1294 1117 1329 1157 ee
1354 1104 1502 1173 frumento.
1532 1104 1598 1168 Quae
1622 1103 1750 1174 prolecto
1765 1107 1794 1158 et
1814 1119 1879 1160 mo·

1053 1173 1132 1246 logia
1155 1171 1399 1246 depravatissimo
1423 1172 1605 1245 dignoscitur
1631 1178 1693 1229 tam
1722 1190 1757 1231 ex
1806 1191 1878 1231 raeco

1053 1245 1193 1314 Philonis,
1210 1260 1300 1316 quem
1315 1261 1349 1300 ea
1366 1244 1466 1300 Latino
1481 1245 1668 1318 Hieronymi:
1685 1261 1753 1301 eum
1765 1245 1877 1316 σεισμὸς

1054 1315 1179 1385 seabald
1194 1319 1238 1371 est
1256 1316 1398 1371 commotio
1413 1318 1584 1443 tiaereagad
1601 1316 1763 1387 Philonem,
1777 1317 1879 1373 doceat

1053 1404 1106 1444 nos
1138 1386 1286 1458 imperitia
1300 1386 1488 1442 librariorum
1541 1404 1681 1444 reeorum
1718 1388 1875 1444 inductum

1052 1459 1143 1515 luisse
1173 1459 1202 1513 in
1230 1457 1364 1540 Origenis
1393 1458 1518 1514 Lexioon
1544 1458 1575 1512 ὲκ
1590 1458 1664 1513 σίτου
1673 1476 1724 1531 pro
1738 1457 1769 1512 ia
1783 1458 1876 1528 σητὸς,

1052 1529 1106 1586 hoc
1127 1535 1172 1585 est
1194 1529 1226 1584 ele
1249 1531 1397 1600 frameato,
1418 1547 1473 1654 im
1494 1529 1528 1585 de
1551 1531 1753 1586 tineabeinde
1777 1530 1876 1587 Hiero·

1051 1600 1190 1673 nymiane
1204 1599 1404 1672 interpretatio
1440 1618 1490 1671 ec,
1505 1601 1638 1671 petalam
1652 1603 1684 1657 de
1699 1603 1784 1672 tineo,
1802 1601 1877 1658 bati-

1052 1688 1088 1727 ne
1101 1671 1181 1727 idem
1197 1675 1292 1741 sonat,
1308 1672 1385 1743 quod
1407 1673 1493 1727 verba
1504 1672 1638 1744 Origenis
1649 1673 1746 1728 Graes
1756 1691 1802 1726 ποι
1844 1693 1876 1726 ν-

1051 1741 1095 1795 cla
1109 1741 1140 1796 *aa
1155 1741 1247 1811 σητὸς,
1266 1743 1354 1812 pastio
1379 1742 1438 1798 sive
1460 1743 1594 1814 pedalem
1617 1743 1649 1799 de
1668 1743 1753 1799 tinec.
1812 1743 1875 1799 ani-

1049 1811 1209 1869 lestissima
1224 1811 1314 1884 igitur
1328 1813 1441 1868 exsistit
1452 1813 1876 1886 probatio,Hieronymum0ri·

199 1875 229 1932 Si
244 1875 312 1936 uuis
328 1881 427 1934 eutem
451 1879 527 1936 scire
548 1880 673 1937 voluerit
696 1881 871 1954 scriptorum
887 1885 1032 1953 Graeco-fl
1048 1883 1132 1957 genis
1142 1885 1331 1956 interpretem
1342 1881 1433 1940 luisse
1449 1885 1478 1939 in
1495 1883 1620 1956 etymolo
1643 1883 1670 1940 'a
1685 1883 1877 1942 nominisRe·

1047 1971 1155 2023 messes,
1172 1971 1229 2010 non
1246 1955 1375 2027 primum
1399 1955 1533 2025 ejusdem
1563 1972 1616 2012 con
1640 1955 1744 2012 itorcm
1759 1959 1810 2012 aut
1824 1973 1876 2029 pa-

1046 2032 1169 2082 rentem.
1186 2025 1237 2082 Cui
1255 2025 1404 2082 sententie
1429 2026 1519 2081 robur
1534 2027 1696 2082 maximum
1713 2027 1825 2082 accedit
1841 2043 1876 2083 ex

1046 2097 1082 2152 iis
1099 2114 1162 2169 que
1178 2095 1316 2168 leguntur
1330 2095 1454 2167 epistola
1467 2096 1503 2151 ad
1524 2096 1674 2154 Fabiolam
1701 2097 1811 2168 scripta
1838 2099 1874 2153 de

1045 2167 1242 2294 guadragiata
1256 2167 1372 2224 duabus
1401 2166 1604 2223 Mansiooibus
1628 2167 1825 2224 Israelitarum
1841 2167 1871 2224 in

163 1962 230 2003 rum
247 1947 507 2022 nomina,quorum
521 1951 641 2024 grandis
651 1957 714 2007 erat
726 1953 991 2019 auctoritas,etelo-

163 2017 289 2090 quentis
305 2019 410 2076 umbra
424 2022 592 2094 opprimens
617 2023 783 2096 Hieronymi
804 2025 989 2096 modestiam,

161 2088 241 2170 legat
255 2089 405 2146 Philonem
422 2091 511 2148 Graec.
528 2093 672 2176 Lat.,pag.
690 2095 741 2149 teo
757 2113 764 2164 ;
781 2095 990 2167 Origenianum

163 2159 541 2234 toxicumsupra001.cst;
555 2165 711 2221 Eusebium
725 2166 933 2222 Caesariensem
941 2169 992 2223 lle·

160 2234 251 2286 meast
261 2232 411 2305 Hooaplib
423 2252 449 2305 v,
461 2251 524 2307 cap.
537 2237 561 2290 ΙΙ
575 2255 581 2305 ;
595 2236 748 2310 Didymum
761 2237 991 2294 Alexandrinum

162 2302 214 2357 lib.
227 2303 294 2371 rade
303 2303 408 2377 Spiritu
417 2305 555 2374 sanctam
571 2309 656 2379 cujus
668 2307 826 2364 voluminis
841 2308 918 2365 calce
930 2309 991 2366 bac

161 2374 411 2448 verbaleguntur.
431 2377 604 2434 ‹Recordari
619 2383 758 2435 autemse
774 2379 989 2452 misericordia,

166 2452 197 2501 et
210 2446 351 2502 virtutum
362 2446 622 2519 ejus,inquiunt,in
633 2451 771 2506 omnibus
782 2468 845 2523 quae
858 2451 992 2507 retribuit

166 2516 209 2572 eis
235 2534 242 2585 ;
272 2534 330 2574 non
354 2520 439 2590 juxta
466 2520 613 2590 justitiam
642 2537 738 2587 suam,
768 2524 818 2578 sed
836 2523 991 2594 juxtami·

167 2587 394 2645 sericordiamet
404 2590 562 2647 bonitatem
578 2593 653 2662 ejus,
670 2593 721 2664 qui
736 2597 780 2648 ost
790 2594 991 2664 judexdomui

164 2659 317 2728 videnti,et
336 2661 435 2717 sensui
452 2663 562 2718 mundo
577 2663 662 2719 corde
677 2664 806 2719 cernenti
821 2664 989 2720 Dominum.

165 2733 226 2786 Hoc
241 2731 387 2803 siquidem
400 2748 433 2788 ex
443 2732 562 2790 Hebraeo
578 2751 714 2790 sermone
728 2733 758 2790 in
775 2735 875 2807 lingua
892 2741 991 2792 nostre

165 2801 372 2874 interpretatur
385 2803 514 2868 lsrael,id
529 2809 573 2862 est
589 2822 675 2862 mens
690 2806 791 2861 videns
801 2806 987 2862 Dominuma

166 2871 250 2928 Philo
264 2873 363 2945 igitur,
376 2873 525 2948 Origenes,
541 2876 695 2948 Eusebius,
708 2894 741 2933 ac
755 2877 990 2950 Didymus,apud

167 2943 282 3000 Graecos
296 2948 384 3026 atque
398 2947 515 3002 Latinos
530 2947 763 3019 celebratissimi,
779 2964 885 3005 nomen
901 2949 990 3004 lsrael

167 3014 349 3088 interpretata
378 3020 457 3084 sunt,
487 3023 626 3088 meatem,
642 3021 701 3076 sive
727 3019 823 3075 virum
843 3020 989 3076 videntem

170 3088 262 3142 Deum
275 3086 418 3143 :utetiam
435 3093 634 3163 auctorapoor
675 3091 730 3146 bus
744 3091 820 3165 apud
836 3091 882 3146 Ori
906 3107 989 3148 anem

167 3157 332 3213 Commeat.
349 3158 378 3214 ic
394 3159 621 3226 loannemtom.
663 3180 748 3236 ,pag
765 3166 801 3218 72
816 3179 822 3216 :
838 3163 873 3216 Τὸ
886 3107 915 3218 ii
930 3160 990 3216 dvo-

198 3227 204 3246 '
236 3247 287 3300 poa
316 3226 437 3306 Ἰσραήλ,
455 3230 469 3284 ὁ
488 3227 600 3299 κληθεὶς
630 3231 762 3287 tabesco
781 3231 968 3308 'lcpnrlhaviy

167 3247 239 3374 igar
254 3298 329 3354 Oeta.
342 3301 453 3366 Quibus
469 3319 504 3358 nc
520 3320 597 3359 unus
607 3313 782 3377 repugnaret
795 3252 989 3380 Hieronymuii
1004 3269 1025 3335 C

167 3371 198 3426 in
213 3370 288 3427 libro
302 3373 449 3428 Neminem
463 3374 666 3438 Hebraeorum,
683 3381 712 3430 ct
727 3376 875 3432 interdum
902 3381 932 3433 in
948 3377 990 3431 al-

164 3441 342 3516 legoriarum
353 3443 582 3512 varietate,idem
590 3446 762 3502 vocabulum
775 3448 861 3503 lsrael
870 3449 940 3504 dicit
948 3464 992 3503 so-

166 3530 238 3570 nare
249 3514 381 3569 virumet
395 3520 524 3572 mentem
540 3517 685 3573 videntem
703 3523 801 3573 Deum.
817 3519 879 3574 Alio
891 3525 989 3576 autem

166 3585 197 3640 in
212 3584 276 3640 loco
292 3586 377 3658 quasi
391 3587 506 3643 medius
521 3587 659 3643 incedens
686 3587 762 3644 inter
776 3606 860 3645 suam
876 3597 904 3646 ct
918 3590 991 3645 alio·

168 3671 234 3710 rum
250 3656 435 3722 sententiam,
451 3657 637 3715 distinctione
652 3658 762 3730 habita,
786 3660 870 3716 docet
883 3678 936 3717 nos
949 3663 991 3717 ls-

166 3729 227 3783 rael
241 3727 426 3799 interpretori
439 3730 533 3786 airam
545 3731 682 3786 videntem
707 3737 805 3798 Deam,
821 3732 914 3804 magis
943 3748 991 3788 se-

167 3799 298 3855 eundum
313 3815 418 3855 sonum
433 3799 606 3870 litterarum,
623 3819 711 3874 quam
732 3805 817 3873 juxta
833 3804 918 3860 fidem
934 3801 991 3858 ele·

169 3869 436 3934 meatorum.Quod
452 3871 493 3928 ita
507 3889 571 3929 esse
582 3889 667 3929 nemo
682 3875 811 3946 prudens
822 3875 951 3948 negabit,
967 3874 992 3929 ls

167 3941 249 3998 enim
263 3943 354 3998 oirrtm
367 3959 472 3998 sonare
495 3945 683 4028 perspicuum
714 3951 758 4000 est
774 3962 780 3999 ι
797 3947 835 4002 Re
850 3947 918 4002 vidit
933 3945 993 4001 sive

168 4013 317 4079 videntes.
342 4017 370 4070 et
396 4015 429 4070 st
443 4019 550 4086 pariter
564 4017 649 4072 Deam
664 4034 671 4072 ε
688 4017 765 4072 unde
780 4019 866 4073 lsrael
894 4034 937 4073 aar
950 4018 992 4072 oi-

167 4086 236 4140 deas
250 4086 345 4141 Deam.
360 4087 397 4141 At
411 4086 436 4141 si
452 4102 499 4142 res
514 4087 549 4142 ad
566 4088 652 4144 tidem
668 4087 878 4144 elomentorum
895 4088 992 4161 exiga-

167 4161 227 4226 tur,
243 4159 330 4212 esunl
351 4155 381 4211 in
411 4157 530 4214 nomine
556 4144 651 4220 hatur
667 4160 752 4214 lsrael
778 4159 921 4216 elementa
936 4159 992 4214 tria

168 4242 224 4300 per
238 4243 269 4282 se
284 4228 457 4298 necessaria,
475 4234 507 4285 ut
518 4246 585 4285 vera
599 4231 638 4286 sit
657 4230 831 4304 etymologia
844 4231 934 4302 hujus
948 4246 995 4286 vo·

170 4298 215 4354 eis
227 4299 313 4367 ,iuxta
326 4300 537 4371 expositionem
560 4301 725 4374 Hieronymi
755 4302 843 4374 paulo
858 4301 994 4374 superius

171 4367 316 4438 ellatsm;
338 4371 388 4426 ubi
404 4371 489 4427 docui
506 4388 612 4428 nomen
641 4377 666 4428 Is
694 4373 864 4444 significans
893 4375 993 4439 otram,

171 4441 315 4513 scriplum
330 4441 387 4514 legi
403 4459 470 4498 cum
484 4443 579 4499 tribus
595 4442 675 4499 hisco
689 4443 885 4510 litterismm
903 4445 937 4500 Iit
951 4461 995 4508 ro,

171 4513 203 4568 id
219 4516 263 4568 est
276 4513 382 4578 videas,
398 4529 464 4569 cum
479 4515 610 4583 totidem,
624 4525 684 4574 nnn
701 4531 707 4569 :
725 4518 757 4571 m
770 4515 905 4587 deniquo,
917 4515 994 4588 quod

174 4587 246 4640 lletts
260 4584 514 4656 exprimitur,cum
526 4585 640 4641 duabus
656 4585 758 4642 litteris
773 4587 915 4659 seriptum
932 4601 997 4642 esse

172 4659 224 4734 hrt.
238 4670 535 4745 Hincliquotiniquos
545 4673 848 4746 esseHioronymiame
863 4673 1001 4731 eruditio-

179 4745 226 4798 nis
242 4759 388 4812 censores,
426 4760 454 4799 ur
471 4749 587 4827 propter
601 4744 806 4828 etymologiam
822 4745 951 4802 nominis
966 4747 1001 4801 ls·
1077 4799 1081 4809 ,

174 4815 246 4942 Επεὶ,
262 4815 397 4886 peritiam
440 4815 525 4872 ebraer
541 4831 685 4872 sermonis
699 4833 715 4872 a
730 4821 830 4872 sancto
841 4819 901 4872 viro
918 4816 1000 4886 abju-

200 4885 324 4942 icarunt.

215 4957 442 5040 Pretereqrrum
453 4961 482 5014 et
492 4958 601 5014 bonurn
623 4956 759 5014 similiter
769 4959 923 5030 aguntqui
935 4973 1000 5014 cru-

177 5027 321 5083 ditionem
334 5028 500 5101 Hieronymi
511 5045 617 5102 magno
629 5027 831 5098 imperitorum
843 5030 903 5084 risu
915 5028 1002 5085 cavil-

178 5098 277 5153 lantur
290 5099 320 5154 in
338 5100 512 5184 etymologia
527 5101 654 5156 nominis
670 5099 897 5183 Ramesses,quod
914 5101 1003 5172 poto-

178 5171 248 5237 lam‚
263 5177 314 5226 aut
327 5173 440 5236 tineam,
457 5187 516 5226 sive
531 5173 669 5227 arrolitiam
683 5172 716 5228 tle
741 5173 814 5228 tinea
834 5177 1006 5244 interpreta-

179 5247 229 5296 tur
240 5257 328 5312 supra
342 5241 371 5296 in
384 5241 457 5297 libro
467 5242 597 5298 Genesis.
613 5243 685 5300 Nam
698 5243 932 5299 utcoacedamus
942 5259 1007 5315 pro-

178 5312 275 5386 priam
305 5312 394 5368 luisse
423 5311 595 5385 Hieronymo
620 5315 888 5396 interpretationem
904 5313 1004 5386 illam3

179 5384 251 5456 quid
268 5382 356 5440 habet
372 5383 519 5440 futilitatis
534 5383 577 5439 vel
594 5385 707 5439 ridicula
720 5386 733 5440 l
748 5386 808 5442 lmo
823 5385 935 5458 optima
948 5393 1005 5453 est,

179 5457 204 5511 si
217 5455 303 5526 juxta
317 5457 522 5529 proprietatem
540 5455 646 5529 lingum
660 5457 807 5512 llebraicm
821 5474 884 5512 com
899 5474 1005 5530 expen-

182 5527 312 5582 damus:
343 5539 447 5592 bunut
476 5527 622 5598 Ramesses,
644 5529 720 5583 enim
737 5528 836 5584 omnia
863 5529 1008 5584 elementa

185 5595 391 5670 complectitur
405 5599 570 5654 necessaria
585 5599 738 5670 proposita
750 5599 940 5672 etymologia,
955 5617 1007 5672 po·

184 5669 284 5724 baalam
297 5669 331 5723 de
346 5671 433 5734 liaeo.
445 5670 504 5726 sive
519 5671 672 5726 malitiosis
685 5673 761 5726 tinea
773 5689 779 5736 3
795 5671 863 5742 quia
877 5681 907 5736 aa
923 5687 956 5726 ro
971 5671 1009 5726 si-

180 5741 302 5813 gnificat
316 5740 516 5810 resolidantem
528 5741 677 5814 pabulam3
693 5753 718 5802 tt
733 5758 777 5798 me
787 5747 871 5798 sonat
884 5743 917 5796 do
932 5740 1009 5796 Lati-

185 5827 291 5868 norum
301 5813 571 5885 propositioncm‚et
584 5825 624 5873 oo
634 5815 752 5884 sossius
766 5829 807 5869 ses
820 5812 1008 5878 Hebraicum‚

182 5888 217 5942 ut
230 5883 364 5942 (tracum
380 5885 442 5958 σής,
456 5885 543 5942 timot
557 5883 738 5960 exprimitur.
755 5883 827 5942 Nola
842 5889 941 5941 tamen
957 5899 1008 5940 au-

187 5953 261 6016 ctori
275 5951 451 6034 Hieronymo
466 5955 612 6018 ascribere
627 5955 906 6036 interpretationem,
919 5970 1008 6032 quam

1066 2243 1159 2296 eserto
1175 2239 1225 2294 ubi
1241 2239 1276 2294 de
1292 2237 1388 2309 prima
1416 2237 1542 2294 statione
1557 2239 1599 2294 sic
1614 2238 1756 2294 disseruit
1774 2239 1872 2294 Hiero·

1046 2327 1152 2384 aymus
1169 2327 1175 2366 :
1194 2331 1208 2359 v
1224 2309 1373 2376 Ramesse,
1399 2309 1505 2379 inquit,
1537 2327 1554 2364 a
1578 2308 1767 2382 quibusdem,
1785 2309 1873 2368 inler-

1046 2385 1177 2454 pretatar
1192 2379 1347 2436 commotio
1362 2379 1542 2462 turbulenta,
1553 2385 1604 2436 aut
1619 2379 1873 2453 amaritudo,com·

1046 2451 1871 2525 motisquetio'eaeznoseutemverrusaestimamusexpri-

1046 2523 1097 2594 mi,
1114 2524 1277 2578 tonitrnum
1293 2522 1402 2596 gaudii.
1415 2523 1457 2578 nd
1473 2523 1549 2578 banc
1565 2525 1677 2594 orbern,
1694 2541 1757 2596 quae
1772 2525 1802 2579 in
1824 2541 1872 2580 cx-

1045 2593 1147 2650 tremis
1170 2594 1284 2720 AEgygti
1300 2593 1409 2649 tinibus
1437 2597 1509 2666 erat,
1526 2593 1653 2675 populus
1678 2600 1872 2668 congregatus

1045 2670 1089 2721 est
1116 2665 1166 2737 qui
1194 2665 1224 2720 in
1261 2669 1388 2720 eserlum
1404 2665 1481 2720 exire
1510 2667 1656 2738 cupiebat,
1678 2683 1711 2722 eo
1731 2667 1809 2738 quod
1826 2672 1872 2722 tu-

1046 2711 1172 2792 multum
1185 2734 1281 2792 saculi
1293 2736 1498 2807 derelinquens
1511 2737 1683 2794 movebatur
1692 2756 1709 2793 a
1719 2737 1796 2794 vitiis
1809 2738 1872 2809 pri·

1045 2808 1143 2875 stinis,
1159 2812 1187 2864 et
1200 2807 1237 2862 ab
1252 2808 1457 2864 excomodente
1474 2825 1505 2863 se
1520 2807 1602 2880 prius
1632 2809 1710 2864 tinea
1739 2813 1870 2880 peccato-

1045 2896 1130 2946 rum,
1147 2883 1179 2934 ut
1193 2895 1310 2934 omnem
1327 2879 1551 2934 amaritudinem
1567 2882 1682 2936 vertens
1697 2880 1727 2935 in
1739 2880 1871 2936 dulcedi-

1046 2967 1122 3020 nem,
1142 2949 1189 3004 Dei
1216 2965 1317 3006 vocem
1344 2951 1374 3006 in
1390 2950 1572 3006 Sinamonte
1601 2951 1727 3022 desuper
1740 2951 1870 3007 tonantis

1044 3021 1169 3078 audiret.
1184 3023 1238 3076 etc.
1256 3020 1358 3076 »Vide
1374 3037 1463 3086 nunc,
1490 3021 1615 3094 benigne
1630 3021 1731 3094 lector,
1760 3025 1870 3094 quanta

1044 3092 1083 3148 sit
1097 3092 1238 3148 distantia
1261 3095 1289 3147 el
1317 3091 1493 3164 imparilitas
1520 3092 1598 3148 inter
1626 3096 1824 3166 etymologum
1839 3093 1868 3150 in

1044 3162 1269 3219 Commentariis
1284 3156 1535 3234 Hieronymum,et
1548 3163 1709 3235 ipsummet
1722 3165 1869 3236 interpre-

1044 3239 1102 3290 tem
1128 3235 1158 3290 in
1186 3233 1259 3288 libro
1281 3234 1429 3289 Nominum
1448 3235 1651 3290 liebrot'coram.
1668 3237 1688 3289 Α
1705 3235 1869 3306 quibasdam

1045 3305 1142 3380 inquit
1171 3306 1305 3362 Ramesses
1333 3307 1528 3377 interpretatur
1541 3307 1683 3362 commotio
1705 3307 1796 3378 tiaeoe,
1812 3306 1867 3362 hoc

1044 3381 1098 3442 est,
1115 3375 1263 3432 aPhilone
1275 3377 1443 3432 iudeorum
1472 3377 1676 3444 disertissimo,
1699 3379 1749 3449 qui
1765 3394 1867 3434 conce·

1046 3449 1103 3520 ptis
1129 3447 1224 3502 verbis
1248 3453 1394 3503 Ramesses
1418 3446 1509 3503 voluit
1545 3448 1728 3519 interpretari
1758 3448 1867 3522 σεισμὸν

1046 3517 1138 3587 σητὸς,
1157 3526 1271 3588 motam,
1293 3534 1344 3574 seu
1360 3521 1565 3574 commotionem
1593 3521 1691 3587 liaeae3
1722 3524 1751 3574 et
1765 3521 1870 3576 deinde

1045 3590 1082 3646 ab
1101 3588 1234 3661 Origene,
1263 3593 1406 3644 commotio
1420 3591 1540 3657 turbido,
1558 3588 1868 3660 ostemationem,

1044 3667 1116 3717 tom.
1133 3659 1154 3714 l.
1172 3659 1251 3730 hom,
1267 3661 1311 3727 27,
1329 3659 1357 3713 in
1369 3660 1456 3714 Num.
1481 3661 1525 3728 33,
1540 3675 1606 3731 pag.
1623 3660 1684 3726 t75,
1701 3677 1724 3715 e.
1742 3661 1800 3716 Nec
1817 3678 1871 3732 pu·

1045 3737 1088 3786 tes
1100 3731 1154 3786 hoo
1164 3729 1226 3786 loco
1238 3729 1377 3786 omissam
1392 3730 1525 3804 Origsnis
1540 3729 1661 3786 alteram
1679 3737 1869 3787 memoratam

1045 3801 1262 3874 etymologiam,
1278 3803 1365 3872 pastio
1380 3801 1412 3856 de
1427 3805 1501 3857 liaeo
1511 3818 1522 3864 ,·
1538 3801 1614 3856 hanc
1642 3801 1721 3857 enim
1746 3803 1869 3873 apertis·

1046 3874 1120 3930 sime
1142 3874 1330 3944 prosequitur
1357 3870 1388 3927 in
1404 3871 1558 3944 allegorica
1577 3877 1696 3944 presenti
1713 3873 1870 3945 expositio·

1047 3960 1083 4000 ne
1097 3943 1207 4009 dicens,
1223 3945 1255 3998 Et
1270 3945 1304 3998 ob
1320 3943 1508 4000 eeooraedeate
1521 3960 1550 3999 se
1563 3946 1643 4014 prius
1657 3947 1732 4001 liaeo
1751 3949 1873 4016 peccato·

1047 4033 1119 4072 ram.
1136 4015 1218 4081 Quod
1233 4030 1420 4087 nequaquam
1436 4014 1609 4086 addidisset,
1626 4015 1732 4072 nisiex
1747 4033 1874 4088 precon-

1047 4093 1132 4158 cepta
1147 4091 1175 4142 ct
1189 4085 1322 4142 omnium
1345 4086 1453 4142 animis
1467 4085 1613 4158 impressa
1628 4087 1678 4156 huj
1684 4087 1797 4143 asmodi
1814 4092 1874 4160 cly-

1048 4157 1176 4229 mologia
1199 4158 1374 4229 Origoniana
1390 4157 1518 4213 nominis
1536 4158 1702 4214 Ramesses.
1720 4160 1811 4224 Quam
1829 4159 1875 4214 in·

1048 4228 1286 4301 terpretationem
1302 4229 1365 4301 ipsc
1380 4228 1468 4284 etiam
1488 4228 1571 4284 Philo
1586 4229 1658 4286 satis
1684 4229 1824 4288 indicavit
1839 4229 1874 4285 li·

1049 4302 1100 4356 bro
1130 4300 1162 4356 de
1189 4299 1321 4367 Somniis,
1352 4316 1419 4372 pag.
1448 4301 1502 4355 577
1529 4301 1555 4369 h,
1577 4315 1645 4355 cum
1660 4300 1696 4357 de
1711 4301 1877 4357 civitatibus

1050 4371 1171 4428 munitis
1187 4370 1269 4426 Pitho
1285 4378 1312 4426 ct
1328 4371 1450 4426 Ramese
1468 4371 1612 4426 Pharaoni
1627 4371 1776 4428 edificatis
1804 4371 1878 4428 alle-

1049 4441 1145 4513 gerice
1160 4442 1323 4515 disputaret
1338 4443 1368 4497 in
1396 4441 1475 4498 hunc
1501 4443 1625 4498 modum
1655 4459 1661 4500 :
1688 4417 1877 4516 'anobipaeav

1050 4513 1195 4585 Ῥαμεοήν,
1223 4514 1285 4582 τήν.
1310 4513 1443 4582 αἴσθησιν,
1459 4511 1545 4590 ὐφ’ᾖς
1562 4511 1652 4587 ὥσπερ
1672 4511 1724 4569 ὐπὸ
1744 4514 1876 4585 σητωωνή

1054 4585 1129 4660 ψυχή
1151 4581 1304 4646 enectam,
1333 4585 1539 4655 edificaverunt
1567 4586 1706 4658 Ramesses,
1737 4587 1797 4642 sive
1817 4602 1879 4641 sea·

1016 4643 1124 4723 Dsam,
1154 4673 1171 4710 o
1192 4671 1249 4738 'quo
1266 4657 1338 4712 relat
1353 4673 1369 4710 a
1383 4659 1465 4711 tiri-eis
1492 4657 1587 4712 aalma
1611 4658 1776 4713 absumitur.
1807 4655 1881 4713 Hinc

1055 4726 1119 4782 luce
1129 4726 1236 4783 clarius
1249 4732 1400 4783 ostensum
1412 4732 1456 4782 est
1467 4727 1674 4800 Hieronymum
1693 4728 1724 4784 in
1739 4727 1882 4801 etymolo-

1076 4815 1103 4852 ra
1117 4801 1146 4852 ct
1174 4797 1312 4870 allegoria
1327 4800 1473 4864 Ramesses,
1504 4799 1680 4854 imitatorem
1697 4799 1829 4855 Philonis
1845 4815 1878 4854 ac

1055 4813 1189 4942 ilrtgenta
1214 4887 1244 4924 se
1260 4869 1419 4941 prebuisse
1436 4887 1442 4925 :
1459 4871 1489 4925 in
1509 4887 1542 4926 eo
1558 4873 1666 4936 autem,
1688 4872 1765 4942 quod
1782 4876 1883 4942 postea

1058 4940 1881 5012 sequitur,suicxposuisscanimisententiam3aitenim:

1058 5017 1111 5070 Nos
1134 5020 1225 5066 autem
1250 5014 1339 5067 arrius
1361 5014 1530 5068 estimantes
1550 5013 1671 5084 exprimi
1700 5014 1882 5086 (Ramesses)

1058 5084 1198 5139 toeiruam
1212 5083 1315 5154 pastelii.
1331 5083 1371 5138 Dc
1386 5100 1445 5154 qua
1460 5083 1699 5155 interpretatione
1714 5085 1813 5140 nullus
1833 5101 1879 5140 re·

1059 5154 1241 5226 linqueretur
1256 5155 1409 5210 dubitandi
1427 5154 1518 5224 locus,
1535 5155 1559 5209 si
1575 5171 1681 5210 nomen
1708 5167 1813 5221 pomus
1829 5159 1884 5213 Ra·

1060 5242 1156 5282 ramses
1176 5226 1318 5298 scripturn
1347 5227 1493 5297 legeretur
1519 5225 1549 5280 in
1579 5227 1636 5281 line
1651 5241 1717 5280 cum
1734 5227 1843 5354 ᾱυῑίἰοί
1858 5239 1886 5287 'e

1060 5299 1132 5364 Sim,
1153 5313 1230 5352 nunc
1246 5312 1312 5351 vero
1325 5313 1392 5352 cum
1413 5297 1519 5353 babeat
1533 5296 1591 5352 duo
1620 5309 1660 5357 nu
1678 5297 1771 5354 Somec
1792 5343 1800 5370 ,
1827 5314 1886 5354 non

1061 5367 1133 5424 satis
1148 5373 1283 5423 accurata
1297 5367 1411 5422 videtur
1431 5368 1536 5423 ultima
1549 5367 1649 5424 isthac
1661 5369 1888 5444 Hieronymiana

1062 5439 1246 5511 etymologia.
1263 5439 1318 5494 Sed
1345 5439 1457 5494 contert
1479 5438 1603 5495 maxime
1620 5439 1656 5496 ad
1671 5440 1884 5498 manifestatio·

1062 5528 1128 5565 nem
1158 5510 1332 5566 eruditionis
1354 5510 1532 5582 Hieronymi,
1550 5512 1626 5582 quod
1643 5510 1721 5568 baud
1739 5513 1886 5570 modicum

1062 5581 1117 5653 ipsi
1134 5583 1236 5637 obesse
1261 5580 1424 5636 violabatur.
1450 5582 1566 5636 Sciebat
1580 5599 1718 5655 namque.
1739 5583 1889 5638 abactor

1063 5670 1097 5708 ex
1112 5669 1166 5707 usu
1184 5653 1239 5707 sibi
1256 5652 1489 5710 familiarissimo
1503 5651 1609 5726 lingue
1626 5653 1782 5724 Hebraico,
1797 5666 1824 5711 aa
1839 5649 1888 5704 Sia

1063 5724 1140 5797 apud
1155 5723 1408 5797 Chaldaeos,tiyros
1419 5729 1448 5780 et
1462 5725 1572 5782 Arabes
1583 5727 1691 5798 sepius
1702 5723 1810 5779 mutari
1821 5731 1888 5775 cum

1063 5826 1082 5873 o
1099 5813 1258 5881 Scrotecb‚et
1271 5811 1301 5867 in
1317 5813 1494 5886 etymologia
1505 5797 1745 5876 hominumiras
1761 5809 1821 5867 soal
1841 5821 1893 5879 per

1063 5885 1115 5942 Sia
1130 5883 1283 5960 scriptum,
1301 5883 1377 5942 idom
1392 5891 1491 5944 votare
1505 5886 1584 5958 apud
1601 5884 1744 5948 Hebraea,
1772 5897 1806 5940 ac
1830 5864 1892 5940 hac

1063 5955 1125 6018 soal
1139 5971 1203 6016 cam
1229 5953 1344 6016 Semel
1356 5959 1436 6034 apud
1451 5955 1563 6016 Arabes
1591 5951 1784 6014 etGhaldeos.
1800 5951 1897 6022 ausa
