4054 6168
205 317 288 386 lssd'i·
820 315 852 386 S.
875 319 1032 388 casuali
1053 317 1289 388 elaeomeli.
1822 316 1903 385 {088

204 451 403 528 operasubita
417 458 511 512 morto
536 451 677 510 subtracti
707 456 847 512 audiant:
878 459 1201 530 losiprieus,gaspiret.
1218 453 1810 526 Hacautemtotumideirco‚ntdoeeat,
1838 469 1902 511 ma·
2005 499 2006 540 ,

204 543 841 617 ὴαεηοοίεαιιίενείιιναηίνηαὲιιαπαρειὰς
859 550 947 602 autem
976 564 1025 619 pa·
1082 548 1436 619 latioribustemporum,
1453 545 1654 602 assisteren
1678 559 1841 616 occasuque
1868 544 1903 599 si·

204 633 713 708 rasti,cajasematibue.xri,20)?
737 633 864 690 maxime
893 651 959 690 cum
992 652 1026 691 ex
1081 637 1196 707 derum,
1212 635 1373 690 humanam
1390 633 1571 691 ertatemlabi
1584 637 1611 688 et
1628 633 1757 702 interire,
1770 633 1841 687 dum
1855 649 1903 688 ae-

204 724 284 780 omni
300 723 398 782 labore
413 721 486 778 nihil
502 738 601 780 secum
618 723 722 790 lerant,
740 724 790 778 sed
811 724 883 778 nudi
908 724 936 779 in
966 730 1025 779 ter·
1082 726 1164 781 sciat.
1182 724 1280 791 Aliter,
1297 723 1346 780 Sal
1359 723 1493 796 justitie,
1509 723 1539 778 in
1554 724 1639 794 ruJus
1655 723 1710 777 alis
1725 725 1770 778 est
1784 721 1901 788 sanitae

203 829 267 869 ram
283 811 412 880 redeant,
427 812 505 868 uude
517 810 629 883 sumpti
644 816 723 866 aunt.
1082 813 1254 870 timentibus
1269 813 1361 869 Deum
1377 813 1510 880 oritur,et
1524 809 1788 884 pseudoprophetis
1802 809 1904 866 oceidit
2005 841 2006 844 =

241 922 255 952 a
266 901 420 958 Generalis
434 901 524 968 vadit,
549 905 578 956 et
604 900 751 972 generatio
765 899 846 956 venit
860 917 866 967 ;
897 904 926 957 et
950 904 1027 956 terra
1083 902 1215 958 meridie.
1232 902 1305 959 Cum
1321 905 1419 957 autem
1436 906 1518 957 ortus
1533 900 1632 968 luerit,
1646 900 1676 955 in
1693 899 1790 956 locum
1818 915 1903 955 suum

203 989 234 1045 in
249 990 498 1047 seculum²stat
513 1010 527 1039 a
543 987 615 1044 Aliis
629 987 833 1057 morientibus,
864 993 1028 1046 naseuntur
1082 1007 1137 1048 nos
1151 991 1250 1048 trabit.
1267 989 1549 1056 Ouotl'idslicetad
1565 993 1692 1044 Patrem.
1707 987 1750 1044 Ad
1765 987 1902 1044 hocenim
2005 963 2006 992 ,

205 1078 270 1148 alii;
285 1075 402 1152 atquae
417 1078 542 1146 videras,
568 1094 625 1134 nou
652 1077 764 1146 videns,
794 1077 900 1151 incipis
928 1077 1027 1135 videre
1082 1081 1173 1150 venit,
1189 1086 1223 1136 ut
1237 1097 1290 1136 uos
1306 1081 1341 1136 de
1357 1080 1442 1135 terris
1457 1080 1492 1134 ud
1510 1077 1615 1134 eoelum
1638 1077 1722 1146 levet,
1750 1081 1779 1133 et
1806 1077 1902 1133 dicat:

205 1185 279 1241 quos
308 1184 367 1226 non
393 1167 507 1224 videras
529 1167 549 1220 ¹.
575 1166 648 1230 Quid
676 1167 730 1223 hae
756 1167 860 1223 vanius
888 1167 1025 1234 vanitate,
1083 1169 1150 1225 Cam
1174 1171 1312 1225 exaltatur
1333 1171 1420 1240 luerit
1447 1168 1536 1222 Filius
1557 1168 1687 1232 bominis,
1704 1168 1798 1223 ornata
1817 1167 1904 1223 trabe

205 1275 294 1332 quam
318 1263 411 1315 terras
441 1273 570 1324 manere,
587 1273 650 1328 que
666 1256 820 1313 hominum
837 1275 927 1313 eausa
953 1259 1028 1314 lacta
1083 1261 1118 1314 ud
1135 1260 1259 1330 epaon.
1275 1259 1337 1331 uu).
1354 1259 1412 1314 Nec
1425 1259 1544 1322 mirum,
1561 1257 1667 1312 litium
1682 1257 1718 1312 ad
1733 1272 1764 1312 se
1791 1255 1904 1314 trahere

206 1353 250 1407 est
262 1366 269 1404 ι
283 1353 312 1404 et
326 1347 424 1420 ipsum
438 1347 589 1402 homiaem
604 1351 687 1402 terra
703 1347 867 1415 dominum,
884 1348 914 1403 in
928 1346 1027 1419 pulve-
1083 1348 1245 1415 credentes,
1260 1364 1328 1403 eum
1344 1353 1372 1401 et
1388 1346 1471 1402 Pater
1486 1346 1548 1418 ipse
1563 1347 1599 1401 ad
1626 1344 1731 1400 Filium
1760 1345 1860 1401 trahat
1873 1347 1903 1400 ⁸:

206 1455 266 1496 rem
281 1441 400 1509 repente
415 1434 559 1492 dissolvi?
575 1434 674 1500 Aliter,
693 1435 789 1491 Prima
803 1435 913 1491 recedit
937 1451 1027 1508 gene·
1083 1440 1166 1494 Nemo
1180 1439 1265 1509 ertias,
1281 1437 1332 1512 ait,
1348 1437 1421 1492 acciit
1435 1435 1471 1491 ad
1489 1451 1542 1504 rae,
1567 1436 1624 1490 nisi
1639 1440 1733 1502 Pater,
1759 1435 1808 1505 qai
1830 1436 1904 1490 misit

206 1529 280 1586 ratio
293 1527 473 1593 iudeorum,
490 1528 519 1580 et
534 1522 664 1579 succedit
678 1523 827 1596 generatio
842 1523 1027 1596 degentibus
1083 1544 1136 1592 me,
1156 1526 1272 1582 adducat
1291 1543 1354 1582 cam
1371 1526 1459 1597 (loca.
1475 1541 1513 1594 vr,
1526 1525 1580 1596 ll).
1597 1527 1653 1580 iste
1663 1540 1732 1597 ergo
1747 1524 1801 1590 sol,
1818 1539 1904 1596 quem

205 1619 399 1690 congregata:
424 1618 502 1669 terra
529 1616 627 1668 autem
654 1611 756 1668 tandiu
787 1616 854 1680 stat,
884 1612 1028 1685 quandiu,
1084 1617 1150 1672 aliis
1165 1617 1307 1682 occidere,
1323 1614 1390 1670 aliis
1405 1613 1486 1670 nasei
1502 1613 1696 1670 discimus:et
1710 1613 1801 1669 Jacob
1812 1630 1905 1684 quon·

204 1711 357 1778 synagoga
371 1702 531 1758 reredente.
548 1700 676 1756 Ecclesia
690 1695 787 1757 omnis
803 1701 938 1758 introeat.
955 1702 1027 1758 Cum
1084 1707 1151 1760 dam
1168 1703 1338 1777 patriarche
1354 1704 1389 1759 de
1404 1703 1492 1759 Terra
1506 1707 1606 1758 sancte
1621 1702 1780 1775 egredienti
1798 1703 1850 1769 [At.
1866 1719 1906 1758 re·

206 1794 285 1850 enim
301 1790 490 1864 predicatum
506 1789 594 1845 luerit
609 1789 798 1862 Evaiigelium
814 1790 844 1845 in
859 1794 919 1847 tota
948 1791 1027 1859 orbe,
1045 1838 1069 1902 B
1084 1794 1238 1867 gredienti]
1249 1793 1364 1862 occidit,
1383 1809 1559 1864 rursumque
1571 1808 1638 1847 cum
1654 1792 1691 1846 de
1705 1792 1904 1865 Syriaterrum

205 1880 346 1940 tunoerit
366 1879 443 1936 linis.
473 1877 645 1935 lmminente
669 1895 735 1936 vero
764 1881 1029 1947 consummatione,
1084 1882 1321 1956 repromissionis
1335 1882 1467 1949 intraret,
1484 1883 1565 1936 ortus
1584 1884 1627 1936 est
1651 1881 1676 1936 ei
1694 1880 1771 1952 (Gen.
1794 1881 1900 1952 xxviii).

206 1972 312 2029 coelum
327 1973 356 2027 et
368 1972 447 2024 terra
470 1967 700 2040 pertransibunt.
731 1969 766 2024 Et
790 1969 942 2041 signanter
970 1986 1028 2025 non
1085 1973 1136 2028 Lot
1152 1988 1268 2044 quoque
1280 1971 1420 2043 quoniam
1437 1969 1489 2044 [tt.
1505 1969 1634 2042 quando]
1649 1985 1786 2042 egressus
1799 1973 1842 2026 est
1866 1970 1903 2026 de
2005 1973 2006 1990 ¹

206 2061 266 2118 ait:
283 2061 365 2115 Terra
379 2059 409 2113 ia
423 2057 533 2115 secatis
548 2061 611 2126 stat,
628 2058 679 2113 sed
695 2059 724 2112 ia
744 2059 876 2115 secutam
890 2059 910 2114 ⁸.
942 2059 1029 2115 Porro
1084 2060 1228 2129 Sodomis,
1245 2065 1274 2116 et
1287 2060 1364 2115 venit
1381 2059 1416 2115 ad
1433 2058 1589 2127 civitatem,
1604 2057 1641 2114 ad
1657 2074 1758 2130 quam,
1774 2063 1807 2114 ut
1826 2058 1904 2115 isati·

206 2150 364 2207 laudamus
385 2147 552 2216 Dominum,
569 2162 627 2202 nun
647 2145 677 2202 in
691 2164 749 2203 uno
774 2147 888 2217 seculo,
919 2149 969 2204 sed
999 2148 1028 2204 in
1084 2149 1528 2222 nareteisueratimpcratum,
1550 2149 1683 2204 ascendit
1706 2147 1737 2204 in
1766 2151 1905 2216 mentm,

207 2237 323 2296 seculis
338 2237 522 2294 seculorum.
1085 2243 1113 2296 et
1128 2238 1171 2295 sol
1186 2237 1273 2296 exivit
1283 2254 1372 2310 super
1385 2241 1475 2310 Segor
1490 2236 1566 2306 (Gen.
1582 2237 1653 2308 xix).

243 2351 258 2380 «
274 2326 373 2384 Oritur
387 2325 442 2394 sol,
457 2328 486 2381 et
500 2323 606 2382 oceidit
620 2324 673 2391 sol,
698 2330 726 2382 et
755 2326 790 2382 ad
815 2326 911 2389 laeum
942 2343 1028 2383 suum
1121 2353 1134 2380 a
1151 2328 1238 2383 vadit
1252 2327 1289 2384 ad
1305 2331 1450 2395 austrum,
1467 2325 1581 2398 etgirat
1604 2327 1640 2382 ad
1656 2325 1905 2401 aquilonengi-

207 2419 299 2487 ducit,
315 2421 344 2474 et
358 2416 451 2472 oritur
464 2415 527 2488 ipse
538 2413 578 2469 ibi
593 2415 613 2470 ⁴.
629 2435 643 2464 a
655 2413 704 2470 Sol
720 2415 792 2488 ipse,
809 2415 858 2488 qui
874 2415 904 2470 iu
934 2416 1028 2472 lucem
1086 2435 1154 2474 raus
1169 2417 1291 2489 girando
1306 2415 1388 2471 vadit
1402 2415 1535 2488 spiritus,
1548 2419 1577 2471 et
1591 2413 1621 2469 iu
1637 2413 1762 2471 circulos
1783 2433 1856 2473 snos
1869 2432 1908 2473 re·

208 2506 383 2566 mortalibus
398 2506 484 2561 datus
498 2507 553 2571 est,
566 2503 718 2560 interitum
731 2509 797 2560 ortu
822 2521 875 2560 suo
899 2505 1031 2576 quotidie
1084 2506 1207 2562 vertitur
1221 2505 1354 2578 spiritua.
1368 2526 1382 2554 u
1394 2504 1466 2560 Hine
1477 2519 1636 2576 possumus
1647 2504 1793 2560 aetimare
1803 2504 1907 2562 hiemis

206 2592 728 2665 indicatetoccasu.Quipostquam
755 2593 906 2649 ardentem
936 2597 1030 2650 rotam
1085 2600 1214 2667 tempora
1231 2596 1323 2650 solem
1339 2593 1376 2650 ad
1391 2592 1583 2649 meridianam
1606 2592 1722 2666 plagam
1738 2609 1868 2665 currere,
1882 2599 1907 2652 et

207 2685 322 2744 Oceano
337 2683 465 2751 tinxerit,
482 2698 533 2755 per
545 2681 711 2754 incognitas
725 2681 810 2737 nobis
833 2681 896 2738 vias
924 2683 960 2737 ad
989 2681 1030 2738 lo·
1086 2701 1138 2759 per
1152 2688 1281 2740 estatem
1298 2681 1487 2754 septentrioni
1502 2697 1567 2738 esse
1585 2680 1723 2750 vicinum,
1740 2685 1770 2738 et
1786 2699 1846 2740 nou
1861 2700 1908 2757 per

208 2791 287 2844 cum,
304 2774 382 2831 uude
397 2772 515 2840 exierat,
538 2770 721 2844 regreditur:
739 2769 911 2843 expletoque
936 2770 1030 2827 nactis
1086 2775 1293 2847 aequinoctium
1308 2770 1445 2828 autumni
1459 2769 1753 2844 habereprineipinm
1768 2788 1775 2828 :
1792 2775 1844 2830 sed
1856 2774 1908 2846 pri·
2005 2793 2006 2796 ¹

208 2863 329 2935 eireulo,
346 2878 464 2920 rursum
480 2861 515 2916 de
530 2858 660 2917 thalamo
671 2875 724 2916 auo
741 2859 866 2916 lestines
892 2859 1028 2933 erumpit.
1087 2881 1168 2920 mum
1185 2863 1314 2936 spirante
1329 2860 1453 2927 favonio,
1470 2861 1586 2933 quando
1602 2862 1611 2896 ⁷
1630 2865 1761 2933 tempore
1784 2863 1861 2918 veris
1879 2864 1903 2918 ia

208 2959 265 3011 Pro
280 2971 313 3011 eo
324 2957 433 3019 autem,
449 2949 527 3022 quod
541 2947 698 3022 Vulgatam
725 2947 883 3004 editionem
910 2965 1032 3021 aequen—
1087 2953 1177 3009 tetum
1193 2955 1297 3007 cuncta
1313 2954 1501 3022 rumpuntur.
1518 2951 1599 3015 Quod
1615 2953 1712 3006 autem
1729 2950 1787 3007 ait:
1818 2975 1833 3004 a
1861 2952 1904 3006 Gi·

208 3039 485 3116 teaposuimua,cd
514 3039 604 3094 locam
631 3054 712 3093 suum
739 3037 823 3104 dacii,
854 3037 883 3093 iu
913 3034 1031 3094 llebraeo
1087 3057 1156 3098 rans
1171 3040 1292 3114 girando
1306 3039 1386 3096 vadit
1401 3038 1533 3111 spiritus,
1548 3043 1577 3094 et
1590 3038 1620 3093 in
1636 3037 1761 3095 circulos
1777 3056 1850 3096 suos
1865 3057 1904 3097 re-

210 3135 299 3191 habet
325 3129 552 3216 sosealttttitelz
584 3125 661 3198 qnod
689 3124 796 3197 Aquila
822 3125 1033 3199 iuterpretatur
1086 3130 1219 3196 vertitur,
1238 3153 1248 3180 s
1267 3127 1545 3198 siveipsumsolem
1567 3126 1703 3199 spiritum
1733 3129 1903 3196 nominavit,

211 3217 313 3275 ἀσπνεῖ
328 3219 348 3285 ⁵,
364 3217 463 3284 idest,
479 3214 796 3286 aspirat,Symmacbue
806 3229 884 3282 varo,
901 3207 1068 3274 etTheo-(l
1087 3219 1166 3291 qnod
1181 3217 1290 3274 animet
1303 3217 1323 3284 ⁸,
1340 3224 1367 3272 ct
1380 3215 1481 3288 spiret,
1497 3220 1526 3271 et
1539 3215 1644 3288 vigeat,
1660 3221 1689 3271 et
1699 3233 1814 3274 annuos
1825 3219 1905 3276 nrbes
2005 3215 2006 3224 ’

211 3308 321 3375 dolien,
341 3306 470 3374 recurrit,
487 3303 556 3376 quia
579 3301 713 3359 videlicet
740 3303 783 3358 sol
808 3308 969 3360 revertatur
996 3307 1032 3362 ad
1087 3324 1140 3363 auo
1156 3323 1256 3374 eursu,
1272 3303 1396 3377 expleat,
1413 3308 1446 3361 ut
1459 3303 1499 3359 ait
1514 3308 1599 3376 poete
1613 3304 1732 3375 (AEaeat.
1749 3307 1815 3378 ru):

212 3399 310 3454 locum
325 3411 423 3465 suum,
438 3397 467 3452 et
479 3393 531 3460 ibi,
552 3392 630 3448 unde
655 3393 737 3466 prius
766 3409 902 3466 egressus
927 3394 1031 3462 tuerat,
1119 3406 1223 3454 interea
1236 3415 1362 3468 magnum
1378 3401 1417 3451 sol
1431 3401 1649 3452 circumvolvitur
1663 3415 1785 3453 annum:

248 3522 337 3589 ¹Hie‚
366 3523 395 3577 et
421 3518 508 3593 paulo
537 3517 669 3585 inferius,
699 3517 749 3574 uhi
777 3518 928 3591 signanter
957 3520 1033 3578 hane
1088 3519 1200 3590 είσπνεῖ,
1218 3518 1295 3591 quod
1310 3515 1483 3574 scholiastes
1511 3515 1599 3573 etiam
1615 3517 1732 3574 Gracus
1757 3519 1905 3592 exrlquila

211 3597 306 3669 ipsam
321 3609 421 3650 vocem
436 3593 551 3648 Hieron.
569 3593 659 3656 uolat,
676 3606 748 3645 msa.
773 3594 860 3662 atque
876 3592 945 3646 editi
964 3590 1031 3650 libri
1087 3591 1208 3664 replicat
1223 3591 1300 3662 apud
1313 3587 1653 3656 FlaminiumNobilium,
1665 3591 1807 3647 Erasmus
1817 3599 1847 3647 et
1856 3595 1905 3647 tta·

211 3683 313 3725 omnes
328 3665 417 3722 habet
430 3665 461 3719 ia
474 3663 615 3720 saeculam.
636 3661 822 3718 Martianaeus
845 3679 880 3718 ex
902 3664 1033 3722 subnexa
1087 3665 1188 3728 rianua
1204 3667 1305 3717 eontra
1319 3659 1520 3716 auctoritatem
1536 3660 1667 3715 omnium
1698 3661 1903 3734 exemplarium

210 3735 463 3797 animadversione
477 3740 610 3790 constare
626 3733 667 3788 ait
682 3733 913 3800 rescribendum,
931 3737 972 3790 uti
991 3738 1031 3792 la·
1087 3751 1158 3791 mss.
1175 3734 1270 3806 legere
1284 3730 1440 3788 voluerunt
1454 3730 1645 3806 reportaverat.
1659 3731 1806 3790 Minerua.

210 3811 250 3868 oit
263 3813 294 3866 ia
308 3810 418 3866 serula.
430 3808 497 3873 Quae
513 3804 677 3872 diversitas,
695 3808 727 3860 ut
742 3805 777 3861 de
792 3804 883 3862 nihilo
900 3805 948 3871 sit,
979 3824 1033 3863 aa·
1121 3807 1215 3862 tuam
1236 3809 1262 3859 ct
1284 3805 1367 3858 Pater
1390 3803 1449 3874 ipse
1477 3802 1512 3857 od
1535 3803 1639 3858 Filiam
1663 3805 1765 3860 trahat.
1792 3806 1824 3861 ln
1854 3804 1904 3860 hoc

209 3900 266 3956 que
280 3881 370 3938 estad
386 3876 553 3950 Hieronymi
568 3879 706 3944 mentem,
719 3876 769 3948 qui
783 3875 813 3931 id
829 3893 921 3933 unum
932 3878 1031 3935 obser·
1106 3893 1202 3948 noque
1217 3879 1362 3932 commate
1377 3889 1497 3929 sensum
1513 3874 1660 3947 Evangelii
1675 3879 1703 3930 et
1732 3877 1902 3932 sententiam

207 3959 266 4022 vat,
281 3969 339 4009 non
354 3951 483 4025 plurium
499 3964 620 4006 numero
636 3947 779 4020 seriptum
803 3949 833 4003 in
847 3949 1030 4018 assentisset
1085 3894 1250 4020 fileronymi
1268 3947 1449 4011 subvertant,
1463 3944 1611 4016 legentes:
1629 3947 1696 4001 Cam
1713 3949 1740 4002 et
1751 3948 1835 4004 Pater
1851 3949 1904 4019 ipse

208 4023 316 4083 minori
331 4025 361 4078 in
375 4022 518 4080 secatum.
1085 4021 1120 4076 ad
1134 4037 1162 4076 ae
1176 4020 1278 4075 Filium
1292 4019 1392 4073 trabat.
1410 4017 1555 4072 lliaarrarv.
1832 4049 1834 4052 -

243 4128 278 4137 -
289 4097 321 4151 at
335 4102 410 4152 terra
425 4096 455 4149 iu
468 4091 569 4148 secata
582 4093 645 4158 stat,
671 4093 724 4146 etc.
752 4091 892 4174 Corrupte
916 4093 1029 4148 Erasm.
1120 4093 1130 4126 ³
1145 4095 1236 4147 Antea
1250 4093 1312 4145 erat
1322 4089 1454 4161 quoniam
1465 4105 1472 4143 :
1485 4087 1584 4144 minus
1599 4092 1686 4156 reete,
1702 4092 1730 4144 et
1747 4105 1819 4146 mss.
1840 4105 1903 4147 coa·

208 4171 238 4225 et
249 4167 383 4233 Mariam,
398 4173 472 4222 terra
486 4165 517 4219 ia
531 4161 637 4220 saecalc
649 4169 721 4218 stat:
752 4177 818 4218 cum
847 4178 910 4234 ipse
933 4163 1031 4220 Hiero·
1085 4161 1307 4219 tradicentibus.

207 4255 317 4322 aymus
331 4237 407 4293 inira
422 4236 452 4291 in
468 4233 677 4292 commentario
693 4235 861 4290 eorumdem
876 4235 1028 4290 verborum
1119 4235 1129 4269 ⁸
1149 4234 1222 4289 Vide
1237 4231 1369 4287 libellam
1384 4228 1545 4311 blateronis
1555 4231 1653 4287 neseio
1665 4232 1751 4302 cujus
1766 4231 1903 4304 degregs,

208 4327 252 4367 are
265 4309 390 4367 habeat:
406 4309 437 4363 at
450 4309 596 4378 signanter
609 4322 665 4361 aaa
680 4308 741 4367 ait:
759 4307 839 4362 Terra
862 4307 892 4360 ia
919 4308 1030 4363 reculis
1084 4309 1118 4361 ut
1132 4305 1267 4368 arbitror,
1283 4303 1430 4368 Fratrum,
1447 4318 1493 4357 cur
1507 4302 1628 4358 titulum
1645 4301 1711 4358 lecit
1723 4303 1855 4370 Socrates,
1878 4303 1905 4356 ct

207 4386 272 4450 stat,
287 4383 338 4439 aed
352 4383 383 4436 ia
397 4379 508 4436 seculo.
525 4379 689 4460 Maarmm
830 4449 834 4459 Ι
1084 4374 1357 4458 PhaarusDialogus
1373 4389 1436 4444 pag.
1453 4372 1507 4456 2l3
1522 4378 1550 4429 et
1565 4390 1639 4446 seq,
1654 4374 1705 4428 ubi
1715 4373 1814 4456 locum
1829 4374 1903 4456 huuc

243 4454 399 4518 ’Ouatuor
427 4451 641 4520 mss.,lacipres
661 4447 763 4510 vadere,
786 4463 833 4518 qai
856 4464 910 4503 aaa
940 4458 1027 4505 crant.
1084 4443 1580 4518 adnotationemquecalumniatur,
1593 4462 1646 4502 nec
1659 4444 1905 4500 Latinerllumrn·

206 4524 332 4588 Alcuin„
350 4520 690 4596 incipiesquevidereeoa,
707 4519 828 4588 quiarde
855 4534 908 4576 oca
939 4524 1027 4576 erant.
1087 4519 1202 4592 telligit,
1219 4517 1303 4592 qussi
1318 4516 1523 4586 scripserimus
1551 4533 1645 4574 amires
1665 4516 1769 4572 codices
1792 4515 1903 4572 siller-

242 4595 253 4630 ¹
269 4595 348 4652 idem
363 4594 489 4658 dicuin,
505 4595 531 4648 si
549 4597 646 4645 aantcr
660 4587 742 4669 discit,
757 4596 831 4644 terra
846 4591 875 4645 ia
896 4592 1030 4648 sacculum
1045 4579 1068 4643 D
1085 4592 1325 4660 stereometriam
1354 4587 1450 4656 legisse
1470 4587 1540 4658 qaod
1564 4588 1671 4644 animal
1685 4589 1741 4643 sit:
1767 4603 1833 4644 cum
1861 4587 1902 4641 di-

206 4672 271 4735 stat,
287 4683 343 4723 aaa
358 4669 387 4722 in
400 4666 507 4722 saeculo.
522 4609 589 4716 gid.
606 4675 786 4730 superiorem
799 4665 857 4716 not.
877 4662 902 4716 l.
1082 4679 1184 4718 namus
1199 4660 1308 4731 aliquot
1328 4659 1415 4714 modo
1443 4659 1558 4714 codices
1585 4676 1619 4714 ex
1643 4657 1689 4714 his
1717 4657 1805 4714 etiam
1833 4671 1900 4729 quos

242 4739 299 4794 ‘lc't
313 4741 403 4794 ariter
417 4736 532 4810 ipseiti.
549 4730 641 4786 Ambo
657 4745 728 4784 mss.
745 4730 858 4787 codices
873 4733 1026 4790 Corbeicu-
1082 4734 1269 4788 Martianreus
1285 4730 1422 4802 inspexit,
1438 4746 1496 4785 uon
1519 4735 1637 4786 secutus
1660 4734 1760 4786 tamen
1783 4733 1835 4795 est,
1864 4729 1900 4782 ita

206 4811 503 4876 sce‚ctoia'etur,etc.
529 4805 615 4874 juxte
657 4800 768 4856 brasim
798 4803 970 4861 Hebraicam
999 4810 1028 4862 et
1081 4804 1186 4876 legere,
1215 4802 1303 4874 idque
1319 4817 1472 4874 perperam
1488 4801 1618 4870 omnino,
1635 4801 1713 4873 quad
1728 4802 1833 4857 anicani
1855 4801 1898 4866 sit,
2005 4835 2006 4850 i

206 4881 353 4954 enallages
363 4886 530 4952 temporum
549 4819 695 4928 invorssis.
707 4872 806 4928 Solent
820 4876 899 4930 euim
915 4877 1025 4932 Hebraei
1080 4878 1219 4947 etspiret3
1237 4891 1305 4930 nam
1321 4889 1384 4944 quae
1400 4872 1532 4946 Origenis
1549 4873 1694 4929 sententia
1708 4873 1765 4929 luit
1780 4874 1815 4929 de
1832 4870 1895 4932 sole,

205 4958 234 5009 et
248 4952 410 5010 Orientalee
426 4947 587 5020 exprimere
602 4960 653 5016 per
670 4943 812 5010 suturam,
829 4961 892 5018 quae
913 4948 1026 5004 evenire
1081 4943 1420 5018 aliisquaastrisaaima
1439 4944 1623 5016 praetlilis,iu
1644 4943 1699 4999 hoo
1727 4945 1792 5017 ipso
1820 4943 1896 4998 Com·

205 5024 309 5093 solent,
326 5029 376 5080 aut
391 5024 524 5095 possunt,
541 5020 591 5072 aut
603 5014 815 5082 desiderantur,
833 5016 901 5074 licat
929 5035 1025 5074 sermo
1080 5019 1290 5075 menteriorum
1304 5015 1333 5070 ia
1350 5013 1541 5071 Ecclesiasteu
1558 5015 1632 5070 libro
1648 5032 1679 5072 se
1708 5015 1813 5072 asserit
1837 5013 1894 5068 Hie·

205 5087 694 5162 sitdeeraesentiindeterminato,
711 5091 743 5141 ut
771 5093 835 5144 est:
860 5092 891 5144 Et
919 5091 1026 5145 orietur
1079 5107 1220 5164 ronymus
1259 5087 1429 5158 repudiasse
1459 5087 1590 5142 scribens
1618 5087 1654 5142 ad
1681 5083 1895 5143 Pammachium

204 5170 262 5239 ipsc
276 5169 324 5232 iii,
342 5183 393 5239 pro
408 5165 512 5221 oritur:
530 5158 599 5231 quia
613 5158 653 5213 ibi
667 5158 736 5213 oriri
758 5159 840 5215 salet.
857 5161 1023 5217 Notandum
1079 5170 1179 5218 contra
1201 5161 1342 5216 loannem
1369 5157 1584 5230 hierosolymit.
1613 5173 1695 5214 num.
1733 5161 1774 5214 17.
1805 5157 1895 5226 Neque

202 5243 301 5296 tamea
317 5238 345 5293 in
361 5235 501 5293 Hebraico
516 5234 651 5287 contextu
680 5229 770 5302 hujus
797 5231 853 5287 loci
882 5231 1022 5304 seriptum
1079 5235 1150 5290 adeo
1166 5232 1245 5288 aliud
1257 5229 1406 5286 animandi
1422 5231 1509 5285 verbo
1525 5232 1617 5294 notat,
1633 5244 1723 5301 quam
1748 5229 1824 5301 qued
1845 5223 1894 5288 sal,

204 5326 267 5366 esse
283 5309 470 5382 participium
493 5319 609 5362 nomen.
639 5317 696 5356 nou
729 5302 849 5358 verbum
880 5304 1022 5360 laturum.
1078 5299 1895 5376 qnimundanasresomuoscalelacit,vitamealorcsao
2005 5307 2006 5322 ¹

203 5381 355 5455 Propterea
371 5395 442 5434 mes.
459 5372 675 5432 corbeiensium
697 5373 853 5430 lectionem
883 5374 1023 5446 abjicien·
1078 5376 1182 5446 pariat.
1199 5375 1264 5428 Max
1277 5387 1383 5428 annuos
1397 5373 1470 5428 orbis
1484 5389 1588 5436 cursus,
1603 5388 1666 5442 qum
1693 5377 1756 5428 erat
1780 5370 1896 5442 antiqua

202 5452 270 5509 darn
286 5469 343 5508 non
359 5449 499 5506 dubitavi.
514 5451 654 5502 linarias.
1078 5447 1174 5507 lectio,
1190 5445 1321 5500 Vaticani
1336 5449 1365 5498 et
1380 5443 1501 5498 Palatini
1517 5443 1630 5499 codices
1647 5443 1766 5499 habent.

237 5523 373 5578 -Penes
387 5520 512 5587 Alcuin,
528 5527 553 5573 et
568 5517 602 5572 od
617 5517 704 5572 lacum
718 5533 800 5572 suem
817 5519 976 5586 reuertitur,
992 5529 1023 5575 at
1113 5517 1192 5571 -llt
1208 5531 1314 5570 annuos
1333 5515 1408 5570 orbes
1427 5533 1476 5570 aaa
1498 5515 1579 5570 'carm
1598 5513 1720 5586 repleat.
1752 5513 1841 5580 aditi,
1872 5511 1896 5565 cl
2005 5519 2006 5522 ’

201 5595 431 5652 iteramoriatur.
450 5591 576 5663 Sotipse,
592 5593 647 5644 etc.
1076 5603 1182 5646 annuos
1200 5586 1273 5643 orbis
1300 5601 1396 5642 curatas
1414 5587 1544 5658 expleat:
1579 5585 1656 5659 quod
1689 5589 1766 5642 certe
1797 5584 1897 5640 incon«

237 5666 338 5736 “Quod
377 5665 477 5738 Aquila
501 5656 824 5734 interpretaturataaael.
852 5659 905 5718 Pro
934 5663 1022 5722 verbo
1077 5657 1431 5737 gruumelssoitsensum,
1448 5657 1763 5716 neoeatiacoaaonum
1783 5651 1895 5730 Virgilii
