4054 6168
219 331 300 452 ssi*
838 355 870 450 a.
894 355 1049 463 ausueu
1070 353 1306 450 urueou'rur.
1832 377 1897 448 assat

220 519 325 578 Moab:
341 519 390 577 sed
407 519 436 575 st
449 519 602 578 ieremias.
618 517 760 592 litusque
775 520 861 577 hodie
876 519 1040 576 ostenditur
1054 527 1080 587 Α
1129 519 1232 592 Jedua,
1248 519 1279 576 iu
1294 522 1375 576 sexto
1390 519 1426 576 ab
1441 516 1656 591 Eleutheropoli
1681 515 1770 592 lepide
1782 529 1886 590 pergen·

220 608 299 665 iuter
312 608 454 666 Medaban
469 612 500 664 at
513 608 610 665 liebus
625 609 645 665 ¹.
1097 609 1178 665 tibus
1192 609 1334 666 chebron.
1416 603 1420 612 '

256 696 349 767 Jazer,
364 696 465 754 civitas
487 696 732 768 Amorrhaeorum,
748 697 778 753 iu
807 698 919 754 decimo
947 697 1044 770 lepide
1133 699 1283 769 Jeuouarn,
1299 697 1402 754 civitas
1415 695 1551 765 Carmeli,
1562 695 1890 769 quamoepitlcsus,rogo

222 785 430 860 Philadelphiae
445 787 482 843 ad
497 786 568 842 solis
590 801 737 854 occasum,
764 791 847 843 trans
874 786 1043 852 Jordsoem,
1098 785 1349 844 illiusinterlecto.

223 892 288 948 quse
303 875 360 932 luit
369 875 618 934 terminustribus
627 875 699 941 Gah,
713 876 935 947 extenditurque
949 891 1044 947 usque
1133 875 1149 930 J
1153 876 1207 944 air,
1223 875 1326 931 civitas
1340 876 1436 931 trihus
1450 878 1596 931 Manasse.

222 964 322 1043 Aroer,
339 981 403 1038 qua
418 970 447 1021 et
460 965 524 1036 ipsa
539 964 658 1036 respicit
668 963 704 1020 ad
720 963 830 1020 Rebbo.
847 963 981 1021 Meminit
995 980 1043 1020 ur·
1132 964 1259 1036 lamnel,
1273 963 1304 1019 in
1321 963 1396 1020 trihu
1409 963 1496 1034 luda,
1508 978 1603 1035 usque
1612 962 1700 1018 bodie
1714 957 1843 1034 oppidum
1856 957 1895 1014 Pa·

223 1050 270 1106 his
285 1050 369 1108 Jsrer
382 1055 411 1108 et
426 1050 516 1107 lsaiss
533 1051 562 1106 in
575 1050 685 1108 visione
701 1054 802 1107 contre
816 1051 912 1118 Moab,
937 1052 987 1109 sed
1017 1056 1045 1107 at
1099 1050 1217 1108 laestiuae
1230 1051 1358 1120 lamnia,
1375 1052 1451 1107 inter
1465 1050 1624 1124 Diospolim
1641 1054 1670 1106 et
1679 1051 1804 1105 Azotum.

221 1139 372 1196 serenius.
388 1140 455 1196 Fuit
473 1144 571 1197 eutem
585 1145 718 1213 separate
727 1140 842 1212 Levitis,
858 1145 887 1198 et
905 1141 994 1198 distet
1008 1141 1044 1197 ab
1132 1142 1225 1213 dabir,
1241 1141 1343 1198 civitas
1352 1139 1517 1197 litterarum
1534 1140 1564 1195 in
1579 1139 1658 1195 tribu
1672 1138 1689 1194 J
1693 1137 1759 1194 uda.

223 1227 334 1284 ilsebou
349 1225 479 1284 millibus
490 1229 696 1300 quindecima
710 1245 769 1302 qus
783 1246 924 1304 maguum
935 1230 1043 1285 llumen
1134 1229 1249 1301 iathar,
1261 1231 1291 1285 iu
1307 1229 1384 1285 tribu
1400 1230 1486 1285 iuda.

223 1331 389 1388 erumpens,
406 1317 561 1374 alordane
576 1317 745 1390 suscipitur.
1133 1318 1260 1385 Jermus,
1277 1318 1306 1374 io
1319 1319 1398 1375 tribu
1413 1317 1500 1374 Judo.
1517 1318 1568 1373 list
1587 1319 1686 1372 autam
1714 1329 1803 1387 usque
1828 1310 1897 1368 hodie

256 1403 408 1476 iordanes,
425 1405 530 1461 lluvius
545 1405 678 1462 dividens
691 1407 833 1479 Jutlaeam,
852 1407 989 1463 Arabiam
1017 1409 1045 1461 el
1098 1405 1168 1463 villa
1181 1407 1349 1475 Jermuohe,
1363 1409 1393 1462 iu
1406 1407 1519 1464 decimo
1535 1406 1571 1462 ab
1586 1402 1799 1476 Eleutheropoli
1819 1399 1897 1472 lapide

222 1491 376 1565 Anionem,
392 1494 428 1550 de
442 1510 599 1568 quosupra
614 1495 752 1564 diximus,
765 1500 794 1552 et
809 1512 902 1568 usque
917 1496 952 1552 od
964 1512 1045 1552 mare
1100 1495 1327 1552 ascendentibus
1341 1495 1457 1552 AEliom.

225 1581 374 1639 Mortuum
389 1583 495 1653 fluens,
508 1584 559 1657 qui
575 1588 642 1657 post
656 1583 764 1642 multos
778 1584 950 1641 circumitus
961 1585 1046 1657 juxte
1134 1581 1254 1651 Jeoteel,
1270 1584 1300 1639 iu
1315 1584 1394 1641 tribu
1408 1585 1496 1640 luds.

222 1670 350 1743 Jerioho,
363 1671 477 1730 Mortuo
492 1674 668 1730 commistus
682 1674 768 1742 mari,
788 1689 895 1730 nomen
924 1673 1044 1730 amittit.
1137 1673 1216 1730 lm
1229 1673 1344 1742 Jectsn,
1361 1673 1391 1728 in
1403 1672 1481 1728 tribu
1496 1672 1582 1729 Juda.

257 1759 421 1833 Jetabotbu,
437 1761 520 1818 locus
534 1762 565 1818 in
581 1762 706 1830 deserto,
722 1761 773 1818 ubi
791 1765 936 1820 torrentes
958 1779 1045 1836 aqua·
1134 1761 1244 1830 lether,
1266 1761 1296 1817 iu
1321 1761 1399 1818 trihu
1421 1761 1509 1832 iuda,
1535 1759 1638 1816 civitas
1663 1755 1853 1816 sacerdotalis.
1876 1755 1901 1808 lit

221 1863 287 1904 rum
301 1848 550 1906 demonstrantur.
1099 1866 1178 1906 nunc
1190 1854 1236 1906 est
1248 1849 1318 1906 villu
1336 1849 1516 1922 praegrandis
1531 1847 1643 1907 Jethiru
1658 1846 1785 1916 nomine,
1800 1843 1828 1898 iu
1840 1842 1901 1898 vics·

256 1936 381 2010 iericho,
399 1939 471 1996 urbs
486 1956 585 2012 quern,
606 1939 733 1997 iordane
747 1944 944 2013 transgresso,
972 1941 1043 1996 sub·
1098 1939 1173 1996 simo
1188 1938 1326 1996 milliario
1334 1937 1592 2012 Eleutheropoleos
1604 1936 1796 1994 :habitatores
1807 1943 1900 2004 quoque

220 2025 416 2100 restitimus,
436 2043 503 2101 rege
522 2028 603 2086 illius
631 2029 796 2086 interiecto:
827 2045 878 2101 pro
893 2030 967 2086 m
986 2046 1043 2102 quo
1097 2030 1162 2100 ejus
1177 2044 1279 2085 omnes
1293 2026 1451 2085 Christiani
1466 2030 1545 2082 sunt.
1561 2025 1624 2082 Sita
1637 2028 1684 2081 est
1698 2023 1831 2080 antemio
1842 2020 1901 2075 inte·

148 2119 151 2126 '
221 2116 364 2173 exstruxit
376 2116 465 2174 uliam
479 2117 566 2175 Onam
578 2118 615 2174 ds
626 2116 736 2186 Bethal,
751 2134 786 2174 cx
799 2117 879 2174 tribu
894 2118 1042 2190 Ephraim,
1098 2117 1167 2174 riori
1182 2118 1318 2189 Daroma,
1330 2119 1416 2189 juxta
1430 2115 1586 2172 llslathsu.
1606 2114 1742 2170 lliximus
1758 2111 1791 2168 ds
1813 2109 1860 2166 bac
1880 2109 1901 2162 el

220 2222 309 2278 quam
316 2206 459 2264 Dominus
470 2211 569 2264 noster
583 2210 671 2281 atque
679 2206 811 2264 Salvator
824 2223 879 2264 sua
888 2207 1044 2280 prasentia
1099 2223 1199 2279 supra.

219 2293 369 2352 illustrare
383 2295 521 2368 diguatus
535 2299 590 2353 cst.
606 2297 661 2353 Sed
678 2295 778 2352 ethaeo
793 2311 826 2351 co
840 2299 1043 2368 temporaque
1132 2294 1252 2367 lanum,
1265 2295 1296 2350 in
1312 2293 1390 2351 tribu
1402 2294 1498 2351 iuda:
1515 2297 1560 2351 est
1574 2291 1645 2348 villo
1661 2291 1768 2358 lanua,
1783 2288 1811 2344 io
1832 2283 1899 2344 tertio

220 2385 384 2442 Jerusalem
400 2386 626 2459 oppugnabatur
638 2402 655 2441 a
669 2385 808 2442 Romanis
823 2389 942 2457 propter
957 2384 1043 2458 peril·
1098 2382 1234 2440 milliario
1249 2383 1383 2457 Legionis
1399 2385 1500 2439 contra
1519 2381 1685 2438 meridiam.
1716 2378 1770 2435 Sed
1798 2392 1850 2432 uon
1869 2371 1901 2428 ei·

221 2473 301 2530 diam
316 2473 423 2530 civium
438 2479 523 2545 capta
535 2478 623 2545 atque
642 2475 790 2530 destructe
818 2477 873 2530 est.
902 2473 957 2529 Pro
985 2489 1043 2545 que
1098 2474 1183 2529 detur
1197 2472 1263 2546 ipse
1278 2489 1342 2529 esse
1358 2488 1422 2543 qua
1436 2470 1586 2528 scribitur.

221 2562 309 2618 tertia
323 2560 465 2618 edificata
479 2565 524 2618 est
539 2561 652 2630 civitas,
669 2578 733 2634 qua
752 2579 845 2635 usquo
866 2561 952 2620 hodie
978 2578 1042 2636 peu·
1131 2561 1228 2630 Jetau,
1244 2561 1275 2617 iu
1290 2559 1366 2616 tribu
1381 2559 1467 2630 luda,
1483 2559 1586 2615 civitas
1600 2553 1803 2626 sacerdotalis,
1818 2549 1901 2610 estho·
1973 2619 1974 2640 ,

222 2652 332 2720 manet,
347 2653 377 2705 ct
391 2650 587 2705 ostenduntur
601 2649 755 2722 utriusque
770 2651 851 2707 urbis
865 2650 988 2724 vestigia
998 2667 1044 2707 us·
1097 2650 1203 2723 dieque
1216 2649 1298 2706 mous
1308 2648 1489 2722 pregrandis
1502 2647 1674 2705 iudeorum
1686 2647 1716 2701 in
1728 2642 1902 2701 deoimooea·
1973 2641 1974 2704 l

225 2737 327 2810 quein
341 2742 513 2811 presentem
529 2737 617 2795 diem.
1096 2756 1131 2795 vo
1142 2739 1239 2812 lapide
1254 2740 1291 2796 ab
1306 2735 1522 2810 Eleutheropoli
1536 2737 1572 2792 ed
1590 2734 1754 2792 australem
1770 2727 1900 2807 partemin

494 2883 541 2940 DE
558 2880 643 2940 ΕΒΗ
663 2883 768 2940 NAVE·
1098 2832 1245 2974 ῠαῖἓεῗέὦ
1260 2915 1281 2984 ³,
1298 2916 1328 2972 iu
1343 2915 1423 2973 tribu
1435 2914 1531 2973 Jude:
1546 2913 1597 2970 sed
1614 2929 1674 2969 non
1699 2915 1745 2968 est
1772 2910 1832 2982 ipsa
1852 2917 1900 2978 que
1973 2993 1974 3008 χ

255 3007 430 3078 Jerusalem,
445 3007 475 3066 iu
486 3025 545 3082 qua
560 3008 691 3082 regnavit
704 3008 893 3076 adonibesec,
905 3015 933 3065 et
943 3012 1045 3082 posteo
1099 3021 1198 3079 supra.

222 3115 286 3157 eam
304 3103 422 3156 tenuere
435 3097 573 3168 lebussi,
588 3115 604 3155 e
619 3098 727 3171 quibus
746 3100 775 3153 et
788 3097 892 3153 sortito
918 3099 1044 3156 vocabu·
1133 3092 1254 3166 iezrael,
1270 3094 1300 3150 iu
1318 3094 1397 3151 tribu
1411 3093 1564 3150 Manasse:
1582 3090 1732 3164 hodieque
1747 3081 1901 3162 praegrandis

222 3189 283 3245 lum
299 3193 353 3261 eet,
369 3204 444 3261 quos
458 3187 551 3244 multo
567 3191 634 3260 post
653 3190 784 3259 tempore
804 3186 893 3243 David
909 3187 1043 3244 extermi-
1101 3184 1182 3240 vicus
1197 3183 1361 3240 ostenditur
1372 3183 1403 3239 iu
1419 3185 1526 3254 Campo
1542 3180 1671 3236 maximo
1688 3173 1903 3248 interseptione
1973 3151 1974 3230 i

225 3295 310 3352 nans,
338 3278 429 3334 totius
457 3292 522 3334 eam
549 3276 658 3333 tudae
681 3275 834 3348 provincia
863 3253 1084 3351 metropolimC
1103 3271 1155 3328 lim
1168 3276 1197 3328 et
1213 3269 1379 3344 Legionem.
1395 3269 1460 3326 Fuit
1479 3273 1577 3325 autem
1605 3267 1755 3324 terminus
1784 3259 1901 3322 lssscbu·

227 3365 461 3425 lebrioatueest:
478 3364 657 3437 coquodibi
686 3362 784 3420 locum
813 3366 914 3438 templi
943 3368 1049 3424 emerit
1102 3362 1158 3418 Sed
1174 3360 1340 3418 etuuusdo
1355 3349 1901 3432 postorisdphrote,sioutiuParolipo·

225 3459 264 3528 (st
278 3456 428 3530 impensas
442 3458 597 3512 struoture
605 3452 755 3510 Salomoni
770 3453 831 3510 lilio
844 3454 1045 3527 dereliquerit:
1103 3466 1209 3507 menon
1224 3451 1248 3522 (l
1259 3449 1359 3506 Porci.
1377 3465 1404 3520 v,
1413 3447 1440 3520 3)
1451 3446 1576 3519 legimus
1591 3445 1682 3518 (supp.
1700 3439 1901 3514 librislpoouu

224 3545 301 3603 huuc
314 3562 380 3603 essa
393 3543 541 3618 losephus
553 3544 662 3614 refert),
680 3559 744 3616 quae
755 3543 785 3599 in
795 3543 899 3600 Genesi
910 3544 1047 3603 scribitur
1101 3543 1146 3596 eol
1160 3537 1278 3595 Iezreel·

225 3634 332 3704 Salem,
349 3636 405 3692 sub
418 3631 716 3708 regeldelohisedecb.
734 3632 801 3688 Fuit
814 3635 911 3689 autern
928 3635 1046 3692 iutrihu
1136 3628 1275 3698 laedam,
1292 3625 1321 3682 in
1333 3624 1413 3682 tribu
1426 3624 1514 3681 luda.

227 3723 390 3798 benjamin,
1135 3715 1294 3790 lephlethi,
1310 3715 1340 3770 iu
1356 3713 1434 3771 trihu
1448 3712 1569 3786 loseph.

255 3801 359 3887 ¹iebus,
375 3814 440 3887 ipsa
454 3817 499 3871 est
514 3829 578 3886 quo
593 3815 622 3868 et
634 3812 808 3868 ierusalem.
1135 3807 1220 3874 Jauo,
1236 3805 1267 3860 in
1280 3804 1359 3860 tribu
1374 3800 1522 3876 Ephraim.
1539 3805 1620 3857 Hanc
1635 3815 1755 3872 quoque
1774 3794 1844 3870 cepit
1866 3803 1902 3890 rex

254 3904 362 3973 ierim,
378 3901 734 3959 civitasGabaoniturum.
889 3949 895 3958 ,
1099 3895 1348 3967 Assyriorumtet
1361 3889 1507 3964 hodieque
1518 3889 1600 3945 vicus
1613 3888 1782 3946 ostenditur
1793 3887 1866 3950 Jano,
1879 3893 1901 3934 u

260 3992 406 4050 lerinum
421 3993 442 4065 ¹,
452 3991 650 4064 civitasquam
662 3990 803 4047 subvertit
815 3990 912 4060 Jesus,
923 3991 953 4048 iu
967 3967 1048 4049 tribuv
1099 3985 1286 4041 Acrsbitteuo
1299 3981 1425 4055 rugitum,
1442 3980 1472 4035 in
1488 3978 1663 4036 duodecimo
1688 3977 1784 4051 lepida
1811 3973 1900 4042 Neapo·
1973 4071 1974 4076 ἵ

223 4082 311 4150 ludo,
326 4084 430 4154 quarto
446 4081 560 4137 distans
575 4080 612 4137 ab
627 4079 841 4152 Eleutheropoli
858 4079 964 4153 lapide,
976 4081 1045 4152 jun·
1099 4072 1160 4130 loos
1174 4070 1440 4130 coutraOrientem.

221 4176 253 4229 ta
265 4170 365 4229 villam
379 4169 507 4228 listhaol.
1134 4161 1251 4218 Jamiu:
1268 4177 1320 4233 pro
1335 4175 1393 4231 quo
1409 4156 1515 4229 Aquilo
1527 4159 1557 4214 et
1570 4154 1767 4229 Symmachus
1782 4152 1901 4219 interpro·
1973 4155 1974 4232 p

258 4261 390 4331 isimoth,
406 4261 458 4318 ubi
471 4259 661 4318 absconditus
680 4262 725 4315 est
745 4258 852 4315 David:
869 4258 904 4314 dc
932 4276 990 4331 qus
1017 4265 1045 4318 et
1099 4255 1208 4322 tantur,
1226 4249 1384 4306 dexteram.
1973 4295 1974 4328 ,

221 4369 312 4426 supra
327 4351 397 4425 quid
410 4350 496 4407 uobis
508 4347 800 4418 videreturdiximus,
812 4352 953 4420 ponentes
961 4349 1045 4406 Beth·
1133 4339 1219 4397 Jascb
1235 4341 1246 4374 ⁴
1261 4337 1314 4412 (At.
1327 4335 1445 4408 lasani:
1464 4326 1516 4408 pro
1544 4350 1602 4406 quo
1625 4332 1752 4401 Hebraei,
1778 4325 1900 4386 hociob-
1973 4335 1974 4412 i

219 4441 343 4500 almuth.
360 4439 416 4497 Sed
432 4443 461 4496 st
475 4439 505 4494 in
517 4437 684 4510 Regnorum
699 4434 774 4490 libro
790 4435 884 4508 primo
904 4452 965 4508 pro,
991 4436 1044 4493 lei·
1099 4447 1144 4486 ree
1159 4428 1269 4502 legunt.

220 4531 315 4604 muth,
328 4527 437 4602 Aquila
449 4528 667 4601 luierpretatur,
686 4523 881 4596 dissipatam:
908 4525 1042 4600 Symmn-
1134 4519 1266 4574 luameo:
1282 4532 1335 4589 pro
1350 4531 1407 4589 quo
1423 4511 1528 4586 Aquila
1548 4515 1577 4568 st
1603 4508 1798 4582 Symmachus
1823 4508 1900 4560 truu·

158 4599 165 4614 ’
220 4620 295 4679 chus
308 4635 386 4690 vero,
403 4618 560 4673 desertam.
1059 4605 1241 4689 ptulerunt,
1258 4605 1288 4661 in
1303 4602 1418 4661 vallem.

255 4746 352 4802 'later
375 4740 514 4800 deuotam
534 4744 559 4796 et
577 4738 674 4795 Debita.
704 4739 845 4812 Corrupto
873 4739 1042 4812 legebamus
1097 4735 1149 4800 eil,
1166 4729 1257 4786 sulm
1270 4727 1456 4813 metropolim
1471 4726 1555 4809 regni,
1568 4723 1711 4808 5⁸9³&stae
1724 4735 1815 4804 ΡΡΡΡθ,
1826 4723 1898 4788 (1¹¹¹m

219 4819 250 4875 in
265 4822 351 4874 antea
364 4813 451 4873 editis
465 4811 549 4868 libris
572 4809 734 4867 Debioibcm
760 4826 812 4882 pro
840 4811 934 4882 Delos,
964 4811 1042 4884 quod
1097 4807 1167 4860 suut
1180 4817 1278 4874 compr
1289 4801 1435 4882 latrssrmp
1451 4798 1682 4880 etvallismmlae
1693 4794 1895 4862 vesanosque
1973 4815 1974 4850 i

219 4889 403 4947 Bouirarium
420 4883 529 4943 lel'cllit.
545 4886 686 4938 Menneu.
1097 4873 1163 4946 plus
1176 4889 1264 4946 quarn
1275 4872 1373 4929 decem
1386 4869 1510 4926 millium
1521 4871 1650 4924 tenditur
1659 4877 1809 4939 passuum.
1820 4857 1898 4912 »illm

254 4960 439 5031 ’donemuth
456 4961 510 5014 eto.
523 4955 606 5011 Hunc
621 4952 718 5010 locum
733 4953 960 5024 pretermittant
974 4951 1041 5024 plu·
1096 4945 1214 5001 Zachar.
1231 4960 1326 5000 oxu:
1342 4965 1356 4994 «
1369 4941 1595 5024 Adadremmpn,
1607 4955 1660 5012 pro
1671 4953 1730 5010 quo
1745 4931 1811 4990 LXX
1821 4935 1896 4986 traus-
1973 5003 1974 5014 ἵ

218 5047 266 5088 ree
278 5049 350 5090 mss.
366 5033 480 5089 codices
496 5026 602 5092 Latini,
614 5041 682 5082 curu
696 5022 1040 5081 tamenexstetiuGreco
1096 5017 1229 5099 tulerunt
1243 5014 1361 5073 Ῥοῶνος
1388 5014 1459 5070 urbs
1474 5018 1519 5068 est
1543 5016 1628 5082 Juxta
1649 5005 1817 5086 iezraelepe,
1844 5008 1895 5069 qu*
1973 5055 1974 5062 ,

218 5103 342 5161 Eusebio
356 5104 413 5160 sub
429 5091 826 5158 nomiue’lahoir.bluar1uu.
1096 5089 1150 5145 hoc
1164 5086 1235 5143 olun
1250 5058 1392 5167 vocabulo
1406 5091 1574 5166 noncupata
1588 5085 1641 5152 est,
1668 5084 1700 5136 et
1723 5075 1806 5134 hodo
1830 5079 1897 5148 wil·
1973 5069 1974 5154 l

253 5173 447 5230 ⁸Bonirerius
461 5174 539 5229 huuc
555 5171 585 5226 iu
602 5168 704 5225 Lutiuo
719 5165 839 5223 titulum
855 5163 985 5238 proxime
999 5181 1041 5220 ss·
1095 5165 1143 5215 tur
1157 5155 1410 5230 Maximianopolis
1429 5173 1459 5210 en
1488 5169 1591 5226 cumpo
1618 5149 1814 5224 Maggedon.·
1842 5133 1894 5194 Vld·
1973 5179 1974 5194 ,

219 5243 319 5316 quenti
330 5245 430 5316 jungit
444 5261 503 5300 uua
515 5243 601 5326 serio,
616 5245 790 5312 tantumque
803 5253 890 5308 supro
904 5235 1041 5319 adverbio
1095 5229 1270 5336 Rplaudum.
1365 5299 1386 5354 Β
1564 5295 1587 5351 ,ι
1614 5290 1781 5348 Bonfmrius
1807 5288 1894 5338 nomen

217 5306 973 5454 ἓὶξιιὲῃιξιιὲἇέῗεῑῗιιξὲἵίξιὲξεὲῗινιῗεθίἷρῗθθζῐεξέξὶῠλθ
1004 5308 1041 5430 ap
1102 5303 1597 5430 istulilaseleiygcrseiffiodeeilirecgcllcrigirs
1614 5365 1651 5422 Se
1674 5372 1722 5418 tua
1743 5360 1799 5415 'ota
1823 5352 1896 5407 inor

217 5453 270 5530 λῇς
285 5451 373 5509 Ἰούδα
389 5401 544 5538 μήβὲμέξττί
560 5453 618 5536 hori·
633 5423 972 5536 ’lstpohl,etp.;atque'
1006 5464 1039 5532 eo
1123 5441 1443 5568 retumlepbisolitum
1461 5455 1530 5522 nam
1558 5454 1612 5496 vox
1635 5380 1688 5490 illia
1732 5447 1773 5512 os.
1792 5417 1894 5490 xv¹1‚'⁷v

216 5543 357 5586 occursus
372 5525 529 5582 simillimae
542 5540 621 5607 uoces
635 5524 730 5580 fraude
746 5525 832 5580 lueut
845 5521 942 5606 (iaceo
957 5522 1039 5606 pnti-
1108 5517 1180 5584 esch,
1195 5515 1265 5598 losse
1286 5557 1294 5580 ,
1310 5517 1338 5569 et
1352 5513 1441 5569 lesem
1455 5510 1638 5592 lagrtunpro
1663 5520 1720 5578 quc
1740 5516 1775 5584 'ru
1790 5493 1892 5618 liebrrpip

217 5599 486 5684 quorio3Cteterum
503 5593 969 5695 sutisluculenterdcpostcrporr
984 5593 1038 5678 hec
1093 5584 1332 5731 pisitepoipplppghc,
1357 5582 1411 5638 hoc
1436 5586 1490 5654 est,
1519 5581 1694 5649 habitatores,
1723 5572 1796 5629 siout
1820 5577 1849 5622 vt

216 5671 467 5816 thitides}
482 5663 1038 5816 ittetstuduissetis
