4066 6162
224 317 284 402 ere
852 305 1319 386 ssosnnnarnaorrvm.
1858 303 1916 368 era

225 448 343 517 larium,
360 446 469 520 quibus
483 442 601 516 scriptis
617 460 680 517 ques
694 442 844 516 Pelagiani
861 441 998 515 discipuli
1024 444 1111 514 atque
1131 441 1160 498 in
1181 441 1285 514 primis
1309 441 1461 498 Caelestius
1482 438 1649 500 clanculum
1667 438 1834 497 effutierant
1847 436 1916 496 mala

225 539 363 613 dogmata
377 534 557 592 confutabat.
574 533 625 590 His
639 533 802 588 instructus
819 530 1018 588 monumentis
1032 530 1240 605 Hieronymum
1256 530 1328 588 adiit
1342 530 1471 598 Orosius,
1488 530 1535 586 cui
1550 530 1638 588 etiam
1664 531 1700 586 de
1713 544 1763 586 ore
1777 544 1841 602 que
1853 543 1915 584 con·

224 633 270 684 tra
284 624 451 683 caelestium
466 621 640 694 Carthagine
653 625 770 694 peracta
783 619 899 676 lucrant
910 618 1053 692 exposuit.
1069 619 1212 676 Continuo
1227 620 1264 677 ad
1279 617 1358 692 vulgi
1382 636 1468 676 aures
1491 620 1552 676 hac
1567 621 1716 686 devenere,
1732 615 1916 691 pluribusque

224 717 411 788 Hieronymo,
427 711 578 769 nonnullis
592 711 681 768 etiam
697 709 814 782 Pelagio
829 707 1070 780 astipulantibus,
1086 708 1221 766 obortum
1233 707 1398 765 -dissidium
1422 713 1477 777 est,
1503 708 1583 782 qnod
1605 709 1734 765 loannes
1757 705 1915 778 Hierosoly-

224 805 367 872 mitanus,
383 801 434 875 qui
448 801 559 873 primas
574 799 709 856 heretico
725 797 884 864 deserebat,
900 796 1000 854 volens
1014 813 1209 870 compescere,
1222 796 1358 854 Orosium
1372 797 1602 872 Hierosolymam
1618 795 1731 867 accivit,
1747 795 1798 851 ubi
1815 794 1917 850 indicte

223 893 315 950 totius
329 890 398 948 cleri
413 889 535 962 synodo,
550 885 665 960 Pelagio
681 886 745 958 ipso
760 885 906 956 adstante,
924 885 994 957 quid
1008 883 1058 942 ille
1072 901 1107 942 ax
1121 885 1218 942 Africa
1231 890 1332 943 contra
1353 886 1417 958 ejus
1442 887 1604 944 doctrinam
1628 884 1802 950 advexisset,
1817 883 1916 957 quihus

223 981 279 1038 iste
294 997 325 1038 se
339 984 471 1038 tueretur
484 976 676 1050 argumentis,
692 991 836 1046 exponere
855 973 933 1046 jussi
957 977 1036 1030 sunt.
1062 973 1099 1030 Ut
1123 991 1184 1030 rem
1209 974 1380 1032 brevissime
1402 976 1563 1050 expediam,
1580 974 1714 1048 Pelagius
1736 971 1836 1046 jndice
1848 987 1916 1028 usus

224 1084 346 1128 suarum
362 1066 489 1141 partium
505 1064 646 1132 studioso,
664 1079 783 1136 sueque
798 1062 933 1120 iectionis
948 1062 1165 1135 interpretibus,
1181 1063 1233 1136 qui
1248 1063 1342 1120 Orosii
1358 1064 1458 1136 Latine
1473 1064 1551 1120 dicta
1566 1064 1663 1120 Orsece
1686 1061 1838 1118 redderent
1852 1061 1917 1118 sub

223 1155 291 1216 dola
304 1157 371 1224 fide,
385 1156 426 1211 ita
440 1153 543 1227 synodi
553 1152 701 1224 judicium
718 1151 819 1220 evasit,
842 1155 874 1208 ut
902 1150 1095 1224 periculosam
1124 1151 1264 1208 invidiam
1293 1151 1323 1210 in
1351 1156 1539 1209 accusantem
1567 1151 1751 1218 converterit,
1777 1151 1826 1224 qui
1841 1149 1915 1206 edita

221 1244 364 1319 Apologia
378 1241 576 1315 suspicionem
591 1241 736 1298 hereseos
751 1256 768 1297 a
784 1257 815 1297 se
830 1257 946 1298 omnem
964 1244 1083 1297 coactus
1098 1244 1142 1296 est
1156 1255 1299 1297 amovere.
1317 1239 1349 1296 ln
1365 1240 1419 1298 hac
1432 1257 1499 1298 vero
1513 1239 1656 1316 apologia
1674 1237 1914 1312 quemadmodum

222 1351 268 1392 ree
283 1335 367 1405 gesta
379 1335 434 1397 cst,
450 1329 648 1403 persingulas
663 1333 762 1402 partes
778 1332 895 1386 enarrat
914 1328 1062 1400 Hispanus
1077 1329 1237 1402 presbyter,
1267 1333 1355 1402 etque
1383 1329 1412 1385 in
1441 1330 1543 1402 primis
1569 1333 1686 1402 tempus
1705 1327 1847 1401 designat,
1861 1344 1913 1399 quc

220 1423 283 1496 ipse
298 1435 460 1478 consensus
475 1417 759 1491 Hierosoylmitanus
775 1420 821 1475 est
835 1416 973 1472 habitus:
999 1420 1110 1488 septem
1129 1432 1235 1489 nempe
1258 1421 1286 1476 et
1301 1418 1497 1490 quadraginta
1517 1418 1580 1474 dies
1594 1421 1661 1474 ante
1675 1417 1801 1490 primam
1825 1417 1915 1474 lince-

221 1511 338 1568 niorum
353 1510 418 1581 ejus
431 1507 533 1580 templi
549 1507 636 1564 diem.
655 1507 773 1563 Festum
801 1503 874 1562 illud
899 1509 971 1562 teste
986 1504 1147 1577 Nicephoro
1167 1505 1268 1561 Hister.
1285 1504 1337 1560 lib.
1353 1524 1403 1562 vm
1418 1505 1448 1562 in
1464 1505 1542 1562 diem
1571 1506 1718 1563 incidebat
1743 1505 1915 1578 Septembris

220 1598 368 1658 decimum
384 1601 533 1670 quartum,
551 1595 629 1651 unda
644 1595 791 1650 subducta
808 1592 919 1650 ratione
943 1597 1126 1666 compertum
1153 1596 1198 1650 est
1222 1593 1367 1666 synodum
1395 1594 1527 1652 babilam
1548 1599 1671 1652 exeunte
1684 1593 1774 1652 lulio.
1790 1594 1831 1650 lle
1844 1611 1915 1651 anno

221 1687 294 1747 nibil
311 1690 357 1744 ast
370 1684 494 1742 dubium
509 1683 608 1757 ipsum
624 1682 748 1756 intelligi
765 1681 1089 1755 quadringentesimum
1105 1681 1252 1740 decimum
1268 1681 1422 1755 quintum;
1446 1700 1515 1740 nam
1538 1683 1588 1756 qui
1612 1683 1667 1740 hoc
1685 1700 1762 1740 anno
1777 1682 1916 1740 Bethleem

220 1777 377 1835 advenerat
390 1773 521 1840 Orosius,
538 1773 592 1829 suh
608 1770 794 1844 insequentis
811 1771 892 1828 verni
909 1775 1024 1843 tempus
1039 1770 1069 1825 in
1083 1769 1212 1826 Africam
1228 1771 1323 1828 denuo
1334 1771 1428 1828 solvit.
1443 1771 1509 1829 Jam
1519 1789 1586 1829 varo
1597 1771 1652 1830 hoc
1664 1789 1751 1842 anno,
1765 1789 1798 1829 eo
1810 1788 1916 1838 mense,

219 1867 315 1938 deque
330 1879 364 1920 aa
378 1863 488 1936 synodo
505 1861 639 1935 loquens,
656 1865 760 1918 contre
774 1860 883 1934 Pelagii
900 1876 1039 1928 errorem,
1056 1861 1134 1933 quod
1160 1859 1248 1916 homo
1274 1861 1368 1935 possit
1393 1861 1531 1918 mandata
1556 1862 1606 1918 Dei
1635 1861 1698 1918 sina
1726 1861 1818 1935 gratia
1836 1860 1917 1918 iacile

220 1953 377 2020 custodire,
394 1951 418 2008 si
434 1950 512 2019 velit,
529 1972 544 2000 «
560 1950 629 2017 Hoc,
646 1949 755 2022 inquit,
771 1950 874 2006 beatus
890 1948 1095 2021 Hieronymus,
1121 1949 1206 2019 cujus
1230 1949 1380 2021 eloquium
1405 1950 1559 2007 universus
1581 1950 1722 2007 Occidens
1736 1950 1810 2006 sicut
1825 1967 1871 2006 ros
1886 1950 1917 2006 in

220 2041 313 2100 vellus
328 2041 477 2112 exspectat
493 2036 589 2110 (multi
605 2037 684 2093 enim
700 2036 765 2107 jam
790 2035 919 2093 haretici
943 2052 1010 2092 cum
1035 2036 1223 2110 dogmatibus
1248 2037 1310 2093 suis
1334 2037 1399 2110 ipso
1423 2043 1610 2112 oppugnante
1633 2037 1765 2112 supplosi
1782 2041 1873 2109 sunit,
1887 2039 1918 2094 in

220 2127 344 2203 epistola
358 2144 422 2194 sna,
437 2143 525 2200 quam
542 2141 637 2199 nuper
646 2125 683 2182 ad
697 2123 918 2198 Ctesiphontem
934 2125 1034 2193 edidit,
1051 2125 1273 2194 condemnavit,
1289 2125 1424 2182 similiter
1446 2130 1475 2182 et
1495 2127 1525 2182 in
1549 2126 1634 2195 libro,
1653 2142 1741 2200 quem
1756 2143 1834 2183 susc
1847 2127 1918 2182 scri·

220 2220 265 2276 bit
277 2217 384 2276 collata
397 2214 428 2272 in
444 2217 565 2273 modum
582 2215 692 2288 Dialogi
723 2215 912 2272 altercatione
941 2213 1082 2271 confutat.
1101 2236 1115 2264 a
1143 2215 1242 2286 Neque
1268 2231 1335 2272 varo
1363 2213 1487 2272 dilatum
1503 2232 1577 2289 opus
1597 2216 1813 2289 insequentem
1829 2233 1918 2289 usque

220 2324 331 2366 annum
348 2323 400 2380 par
419 2309 464 2363 cst
477 2305 602 2377 opinari,
619 2303 859 2377 quandoquidem
893 2303 1054 2360 discedenti
1082 2303 1194 2372 Oresio,
1225 2307 1257 2358 ut
1273 2303 1422 2373 diximus,
1448 2321 1536 2360 verno
1560 2308 1700 2378 tempore,
1717 2304 1831 2363 litterae
1845 2307 1919 2363 dedit

221 2397 416 2470 Hieronymus
430 2394 460 2451 in
476 2398 577 2450 nostra
591 2393 760 2450 recensione
778 2393 836 2460 tat,
854 2393 888 2449 ad
905 2392 1102 2466 augustinum
1121 2393 1319 2465 perferendas,
1343 2392 1373 2448 in
1398 2393 1505 2465 quihus
1529 2393 1627 2466 ipsum
1643 2393 1797 2467 alloquens
1811 2396 1918 2469 Hippo-

221 2502 342 2544 nensem
357 2484 527 2557 episcopum
542 2500 623 2538 num.
641 2499 668 2538 1:
686 2505 700 2532 ιι
716 2483 808 2550 Certe,
824 2482 931 2554 inquit,
943 2487 971 2537 et
986 2481 1015 2536 in
1034 2481 1162 2556 Dialogo,
1173 2497 1261 2553 quem
1272 2497 1365 2554 nuper
1374 2480 1463 2548 edidi,
1475 2485 1532 2538 ture
1542 2481 1742 2548 beatitudinis,
1756 2487 1790 2540 ut
1800 2483 1918 2557 dignum

222 2577 325 2640 luerat,
341 2589 407 2629 sum
423 2572 601 2628 recordatus.
618 2593 632 2622 a
650 2571 709 2628 Hoc
724 2575 822 2628 autem
840 2572 895 2628 sub
911 2571 988 2627 tertii
1004 2569 1069 2626 libri
1086 2571 1185 2638 linem,
1201 2575 1288 2642 atque
1303 2571 1374 2626 adeo
1399 2587 1485 2642 opere
1502 2571 1566 2642 jam
1581 2570 1725 2640 absoluto,
1746 2573 1875 2646 scripsit,
1891 2579 1919 2630 ut

222 2663 296 2720 nulli
310 2662 433 2719 dubium
450 2661 489 2716 sit
503 2660 619 2716 exeunti
635 2677 712 2716 anno
728 2660 1019 2732 quadringentesimo
1032 2660 1146 2716 decimo
1161 2659 1262 2732 quinto
1278 2658 1349 2714 illud
1368 2675 1433 2716 esse
1446 2660 1664 2716 ascribendum.

256 2753 283 2808 3.
300 2753 406 2807 Contra
421 2748 515 2805 editos
529 2765 547 2804 a
562 2748 591 2804 S.
610 2751 729 2804 Doctore
744 2746 836 2804 libros
850 2748 980 2820 primum
995 2748 1147 2803 Annianus
1162 2747 1337 2816 celedensis,
1349 2751 1382 2803 ut
1396 2747 1481 2822 vulgo
1497 2749 1646 2818 scribitur,
1657 2749 1809 2818 diaconus,
1821 2752 1919 2810 deinde

221 2838 359 2912 Pelagius
372 2837 436 2910 ipse
450 2836 529 2893 haud
545 2835 637 2892 multo
653 2840 729 2909 post,
745 2852 812 2892 cum
828 2835 1059 2908 Diospolitanam
1075 2835 1271 2892 miserabilem
1286 2839 1430 2910 synodum
1443 2837 1603 2906 fefellisset,
1614 2839 1740 2912 denique
1752 2840 1920 2898 Theodorus

223 2931 449 3003 Mopsuestenus
463 2931 630 3000 episcopus,
645 2925 804 2982 traduntur
818 2925 927 2998 stylum
944 2925 1067 2983 acuisse.
1084 2930 1192 2983 Verum
1214 2927 1339 2982 Anniani
1364 2930 1393 2982 et
1414 2926 1534 3000 Pelagii,
1551 2943 1608 2983 non
1623 2928 1692 2995 duo,
1710 2931 1742 2984 ut
1756 2931 1921 2987 communie

223 3019 279 3078 sert
292 3016 400 3090 opinio,
417 3017 468 3073 sed
484 3031 577 3072 unum
592 3019 680 3087 atque
694 3014 771 3072 idem
784 3013 938 3087 scriptum,
953 3015 1030 3087 quod
1046 3013 1151 3071 collata
1165 3029 1252 3087 opera
1266 3013 1488 3084 elaboraverint,
1503 3031 1538 3073 ex
1551 3019 1691 3084 veterum,
1707 3015 1758 3089 qui
1781 3017 1848 3090 ejus
1863 3037 1920 3078 me·

224 3108 386 3174 minerunt,
416 3104 592 3162 testimoniis
618 3103 715 3177 colligi
745 3117 830 3176 posse
859 3102 992 3158 videatur
1031 3102 1197 3158 Accianum
1225 3101 1334 3176 Pelagii
1364 3105 1543 3178 armigerum
1567 3107 1649 3162 vocat
1664 3105 1803 3163 Orosius:
1821 3131 1837 3158 ιι
1853 3113 1921 3178 Stat,

222 3194 329 3266 inquit,
346 3193 484 3265 superbia
497 3191 732 3248 immanissimus
749 3189 863 3247 Oeliath
880 3190 1032 3262 (Pelagius)
1047 3191 1159 3248 habens
1179 3195 1246 3264 post
1270 3207 1301 3248 se
1325 3193 1504 3265 armigerum
1526 3209 1625 3262 suum,
1642 3194 1692 3264 qui
1716 3195 1771 3251 etsi
1787 3195 1852 3268 ipsa
1866 3215 1923 3256 non

219 3281 350 3350 dimicat,
367 3283 473 3338 cuncta
487 3285 585 3336 tamen
601 3279 667 3336 aris
682 3283 711 3336 et
726 3278 792 3335 terri
809 3278 949 3351 suffragia
961 3279 1177 3336 subministrat.
1193 3301 1208 3330 u
1225 3279 1416 3353 Hieronymus
1431 3279 1526 3349 illum,
1541 3281 1626 3355 epist.
1641 3281 1704 3348 tia,
1719 3282 1923 3355 adsequeris,

219 3369 291 3428 dicit
305 3391 319 3420 ιι
336 3365 539 3440 copiosissima
554 3367 646 3438 pasci,
662 3370 695 3422 ut
709 3365 810 3422 aliene
826 3365 1016 3438 blasphemie
1030 3368 1119 3423 verba
1132 3365 1234 3423 Frivola
1248 3367 1472 3437 subministret;
1491 3392 1501 3418 ι
1518 3367 1689 3426 Gennadius
1713 3387 1766 3430 nee
1789 3375 1926 3432 nominat

220 3453 480 3532 quidem;Pelagii
496 3457 710 3527 autemecrs'pte
739 3455 838 3512 teresi
865 3471 922 3512 sua
949 3457 1072 3527 tacentia
1101 3472 1158 3512 non
1187 3459 1281 3511 tacet:
1308 3459 1409 3513 contra
1438 3457 1617 3530 Sigebertus,
1634 3459 1774 3530 quinties
1798 3463 1928 3537 Anniani

219 3546 310 3606 libros
325 3549 466 3614 recenset,
483 3549 670 3617 quoscontra
685 3545 894 3617 Hieronymum
911 3545 1074 3616 scripserit,
1104 3561 1162 3600 non
1190 3545 1333 3616 agnoscit.
1362 3545 1418 3602 Sed
1447 3562 1564 3618 quoquo
1593 3548 1927 3624 semodorsshabeat,

220 3637 330 3710 scripta
345 3632 431 3690 malis
446 3631 587 3705 auspiciis
602 3638 671 3689 nata
686 3632 762 3689 male
774 3632 901 3706 perdidit
916 3633 1037 3705 sequior
1059 3637 1138 3689 etas.
1162 3636 1287 3689 Sanctus
1310 3631 1395 3690 Pater
1416 3632 1479 3706 ipse
1502 3635 1573 3691 dum
1596 3651 1631 3692 ea
1644 3636 1797 3694 confutare
1811 3639 1929 3698 diutius

220 3726 327 3794 ditlert,
343 3723 461 3780 tandem
478 3721 663 3794 contempsit,
680 3721 764 3794 qnasi
793 3737 948 3795 personam
963 3737 1047 3778 suam
1072 3722 1224 3778 dedeceret
1240 3742 1254 3772 ιι
1269 3721 1372 3778 neniis
1396 3721 1589 3794 ineptissimis
1611 3725 1796 3797 respondere.
1814 3751 1831 3778 »
1847 3730 1929 3786 'Pan-

221 3819 285 3889 tum
299 3810 819 3886 Augustinoinsinuatmeliuaiore,
837 3810 1125 3878 aihocilleiaceret,
1157 3833 1169 3860 ιι
1199 3810 1250 3876 Νε,
1279 3810 1386 3882 inquit,
1413 3811 1929 3884 compellamurcontrahereticum

221 3907 322 3960 nostra
342 3900 471 3958 laudare.
489 3923 503 3950 a
520 3901 805 3958 PorroTheodorum
834 3899 1073 3975 Mopsuestenum
1103 3899 1200 3973 prodit
1227 3897 1387 3972 pelagiane
1416 3899 1543 3957 historica
1568 3901 1701 3958 conditor
1714 3907 1930 3964 conterraneus

222 4006 306 4048 meus
322 3989 463 4046 ilenrious
479 3990 557 4046 card.
574 3989 707 4048 Norisius
721 4005 755 4046 ex
770 3989 816 4047 his
832 3989 926 4046 Photit
941 3989 1072 4046 biblioth.
1088 3988 1152 4046 cod.
1173 3989 1239 4046 itt:
1257 4010 1271 4040 ιι
1289 3989 1408 4044 Lectum
1430 3993 1474 4044 est
1492 4005 1566 4062 opus
1581 3989 1725 4047 'l'heodori
1738 3992 1930 4064 Antiocheni,

222 4079 273 4153 qui
289 4079 513 4151 Mopsuestenus
529 4077 577 4134 ille
592 4079 748 4152 episcopus
759 4084 814 4146 est,
832 4082 865 4134 ut
878 4095 912 4134 ex
927 4079 991 4150 ejus
1006 4079 1184 4150 quibusdam
1201 4075 1332 4149 epistolis
1356 4075 1531 4149 colligimus,
1557 4078 1611 4135 hoc
1626 4077 1721 4149 titulo,
1739 4080 1841 4138 Contra
1856 4100 1931 4141 neac-

220 4172 439 4240 renteepecccre
453 4167 577 4223 homines
600 4173 717 4234 natura,
741 4185 797 4223 nori
822 4167 972 4223 erottrutcte.
1003 4171 1042 4222 tta
1061 4165 1220 4238 disputatio
1244 4163 1374 4236 quinque
1395 4164 1479 4222 libris
1504 4168 1673 4237 absolvitur,
1695 4186 1769 4242 quos
1784 4171 1930 4244 adversus

221 4256 422 4316 Occidentales
437 4256 491 4312 hac
507 4256 572 4314 labe
588 4257 711 4314 infectos
727 4256 855 4328 scripsit.
873 4256 942 4312 inde
957 4255 1036 4311 enim
1053 4254 1209 4310 oriundum
1234 4253 1353 4310 heresis
1376 4253 1465 4326 hujus
1486 4263 1635 4315 auctorem
1650 4258 1681 4315 in
1697 4257 1826 4318 Orientis
1841 4262 1931 4318 modo

222 4345 392 4420 regionibus
406 4345 526 4411 versari,
542 4345 691 4417 librosque
705 4345 740 4401 de
755 4360 857 4400 recens
872 4361 889 4398 a
904 4359 935 4399 ss
950 4344 1112 4416 excogitata
1127 4341 1230 4398 heresi
1244 4343 1432 4414 compositos,
1449 4346 1486 4401 ad
1501 4343 1657 4419 populares
1671 4364 1741 4405 auos
1754 4348 1785 4404 in
1801 4351 1931 4422 patriam

221 4435 422 4492 transmittere
438 4439 546 4500 narrat,
563 4439 596 4488 ut
607 4435 670 4504 jam
684 4432 725 4488 ihi
742 4433 852 4487 multos
869 4448 920 4503 pcr
947 4438 1023 4487 hanc
1051 4435 1144 4488 artem
1173 4430 1203 4485 in
1231 4447 1315 4486 suam
1344 4432 1517 4503 pertraxerit
1535 4434 1722 4503 sententiam,
1738 4435 1931 4511 integrasque

223 4523 295 4579 adeo
305 4521 449 4579 Ecclesiae
459 4521 596 4578 absurdis
607 4520 666 4576 illis
676 4519 817 4576 imbuerit
827 4517 1028 4592 opinionibus.
1040 4521 1123 4577 Aram
1134 4535 1200 4576 vcro
1211 4518 1260 4575 illo
1272 4519 1389 4576 illorum
1401 4520 1542 4578 librorum
1554 4527 1713 4590 auctorem,
1725 4525 1787 4582 sive
1798 4526 1932 4590 nomine,

223 4609 283 4666 aive
312 4609 486 4682 cognomine
515 4608 671 4679 incertum,
700 4605 837 4680 appellat.
869 4613 949 4664 tlunc
977 4609 1066 4665 etiam
1095 4607 1232 4680 quintum
1260 4608 1442 4682 evangelium
1472 4611 1660 4678 confinxisse,
1689 4610 1823 4685 illudque
1852 4613 1931 4672 sein

224 4695 340 4756 Eusebii
368 4695 514 4753 Palaestini
543 4695 728 4753 bibliothecis
757 4697 901 4770 reperisse
927 4699 986 4754 ait:
1004 4700 1111 4770 rejecta
1127 4702 1265 4768 praterea
1291 4697 1380 4753 divini
1396 4700 1548 4755 acvateris
1575 4700 1756 4757 Testamenti
1782 4703 1931 4770 versione,

224 4803 313 4861 quam
338 4784 529 4858 Septuaginta
552 4783 726 4857 interpretas
750 4784 839 4842 simul
864 4787 1068 4843 convenientes
1093 4784 1258 4853 ediderunt,
1281 4789 1365 4866 utet
1389 4786 1556 4860 Symmachi
1570 4790 1599 4844 et
1614 4787 1724 4861 Aquila
1743 4789 1931 4862 aliorumque

224 4873 474 4949 interpretatione,
491 4874 639 4947 propriam
656 4875 816 4944 quamdam
832 4891 917 4931 suam
933 4891 1097 4946 novamque
1113 4875 1254 4932 conficere
1269 4892 1387 4944 ausum,
1404 4893 1469 4932 cum
1486 4891 1580 4948 neque
1595 4877 1741 4935 Hebraicis
1760 4877 1881 4953 lingum,
1898 4881 1933 4932 ut

223 4963 415 5036 illi,apuerc
444 4963 631 5028 assuevisset,
661 4979 754 5035 neque
783 4970 910 5020 mentem
938 4963 968 5018 S.
999 4963 1153 5036 Scriptura
1182 4964 1342 5021 didicisset.
1371 4963 1498 5021 Hebraeis
1518 4967 1722 5022 tantummodo
1747 4967 1932 5040 quibusdam

225 5053 344 5124 abjecte
357 5051 445 5109 sortis
460 5052 489 5108 in
506 5050 691 5124 disciplinam
708 5069 739 5108 se
753 5052 920 5118 tradidisse,
945 5057 1032 5124 atque
1056 5053 1125 5109 hinc
1149 5055 1295 5128 propriam
1320 5053 1376 5109 sibi
1391 5053 1547 5111 aditionem
1565 5055 1691 5112 scribere
1710 5073 1896 5130 aggressum.
1917 5077 1932 5100 u

224 5140 409 5198 Conviciator
435 5140 590 5198 haereticus
613 5141 822 5214 Hieronymum
852 5156 1010 5213 suppresso
1037 5143 1155 5199 nomine
1183 5143 1345 5198 describere
1372 5140 1717 5216 clariusvixpotnisset;
1745 5146 1823 5217 quod
1847 5142 1933 5202 enim

224 5229 365 5282 Aramum
380 5233 475 5296 vocnt,
491 5246 549 5286 non
564 5228 682 5286 aliunde
695 5229 810 5286 videtur
823 5245 888 5286 esse
903 5244 991 5300 quam
1021 5231 1099 5301 quod
1127 5229 1215 5288 horno
1243 5228 1413 5286 Pannonius
1441 5231 1557 5304 degeret
1586 5233 1615 5288 in
1642 5233 1801 5290 Orientem.
1817 5234 1933 5290 Verum

228 5315 561 5385 nequehiscelibrisS.
581 5317 932 5390 boetorrespondit,imo
963 5333 998 5372 ne
1025 5318 1133 5374 vidisse
1163 5319 1282 5391 quidem
1311 5317 1389 5386 illos,
1418 5324 1469 5375 aut
1496 5321 1614 5378 scivisse
1640 5328 1742 5378 contra
1756 5340 1787 5380 se
1802 5323 1936 5396 scriptos

227 5400 372 5459 videatur.
389 5405 516 5460 llursum
532 5423 590 5461 non
605 5408 661 5462 nisi
677 5409 809 5479 quaedam
825 5426 860 5464 ex
876 5407 934 5462 illis
948 5411 1107 5479 supersunt
1126 5413 1271 5479 excerpta,
1288 5423 1351 5478 quae
1376 5407 1486 5465 illarius
1509 5411 1650 5466 Mercator
1673 5417 1775 5468 contra
1788 5409 1934 5484 Augusti-

228 5505 299 5548 num
317 5492 425 5564 scripta
439 5493 597 5550 arbitratus
612 5500 667 5564 est,
684 5514 717 5552 ac
733 5497 833 5553 Latine
848 5514 865 5552 a
878 5513 908 5553 se
924 5497 1038 5553 reddita
1051 5495 1175 5551 inseruit
1188 5496 1426 5554 commonitorio.

263 5581 291 5636 ι.
308 5580 394 5637 Porro
408 5579 484 5637 inter
497 5586 610 5650 cetera,
627 5599 691 5654 qua
706 5585 743 5644 ad
758 5583 976 5659 Hieronymiani
1002 5584 1092 5658 hujus
1119 5583 1214 5657 operis
1242 5586 1407 5658 augendam
1436 5601 1488 5658 pro
1503 5587 1623 5646 modulo
1638 5591 1738 5646 nostro
1752 5588 1936 5662 dignitatem

224 5668 430 5788 prestitimus,
444 5668 510 5750 ipsa
523 5667 575 5730 illa
601 5669 966 5752 &commemoratorio
981 5675 1139 5738 Mercatore
1154 5671 1317 5737 Belusiens
1331 5673 1468 5738 editionis
1480 5675 1538 5738 hnc
1562 5677 1701 5740 dadinus
1722 5677 1938 5750 transferenda
