4108 6174
256 257 334 328 leet

286 399 534 454 Deuteronomium.
549 397 754 454 1114444144444
772 400 876 464 scripsit
891 400 978 451 1114444
999 399 1075 465 jnxte

254 469 360 515 montes
378 465 488 523 444444,
505 467 558 514 ist.
574 464 612 514 441
627 464 790 514 occidentem
803 465 878 514 hloah
890 464 968 528 juxta
981 465 1074 514 lorda-

253 541 314 578 nem
330 531 423 577 contra
435 527 578 584 Jerichum,
596 529 646 577 tes.
664 529 691 576 lu
705 527 793 577 Lohon
809 527 883 576 illum
894 527 990 577 librum
1002 527 1072 590 legit,

252 591 306 640 238.
324 590 352 639 lu
368 587 468 654 Taphol
483 604 543 639 eum
559 591 672 652 scripsit,
684 592 738 638 282.

281 651 407 702 Diabolus
421 666 470 714 per
484 653 615 702 honorum
632 652 822 701 abundantiam
832 651 938 704 corruit.
951 651 1005 702 394.
1017 651 1073 700 Rex

248 715 374 764 vitiorum
390 719 416 764 et
431 715 530 778 peccati
559 718 683 776 operatur
709 715 736 762 in
752 713 829 762 nobis
843 714 1002 776 perditione,
1018 717 1071 764 441.

251 776 362 840 Semper
377 791 507 827 novarum
523 789 612 826 rerum
627 776 749 838 cupidus,
766 776 929 825 4441444444
943 789 1073 834 errorum,

251 841 305 890 411.
321 839 360 888 dd
376 840 532 889 instinctum
544 838 640 887 diaboli
652 843 759 899 peecata
771 839 883 902 peccatis
893 839 1072 897 cumulantur,

250 901 305 952 394.
320 903 417 950 Omnes
431 915 538 964 gressus
553 900 660 958 diaboli,
677 901 802 962 nequitie
828 904 930 949 saintet
957 901 1072 958 fraudes,

250 966 306 1016 399.
321 964 430 1013 Hetihus
446 964 505 1025 ejus
519 961 699 1024 omniaplene
708 967 779 1017 4441,
791 964 845 1012 549.
858 963 987 1010 Numerus
998 969 1073 1012 4444-

251 1037 353 1076 ciorum
363 1026 492 1076 adiaholo
504 1026 597 1085 nequit
607 1027 796 1086 supputatione
808 1024 1008 1086 roinprehcndi,
1020 1029 1072 1076 394.

282 1089 415 1138 Dialectus
429 1089 523 1150 quinta
537 1089 684 1136 Graecorum
700 1091 809 1136 vocetur
822 1087 909 1145 AEolis,
926 1091 980 1136 314.

281 1148 470 1200 Didrachmum
481 1149 608 1198 Hebraice
618 1149 714 1198 dicitur
724 1150 798 1206 Duce,
809 1149 956 1198 semiuncia
966 1149 1071 1204 444341.

283 1213 344 1262 11444
356 1213 429 1262 ritae.
452 1213 512 1260 Non
560 1211 701 1274 rolongant
726 1211 782 1260 dies
797 1224 859 1259 4444
874 1211 900 1266 44,
930 1213 975 1272 qui
991 1211 1072 1260 multo

251 1276 371 1336 tempore
389 1275 492 1348 vivunt,
507 1225 557 1347 sed)
569 1274 614 1336 qui
628 1273 741 1335 grandes
755 1287 801 1322 cos
815 1272 917 1322 iaciunt
939 1273 1071 1323 bonorum

251 1336 573 1470 opssffifflgndffioffl
588 1338 729 1508 4415411Ξ44114
742 1401 768 1446 44
791 1396 913 1446 44411444
937 1397 991 1460 ogit
1014 1397 1072 1446 unl-

250 1473 335 1520 versa,
351 1465 438 1525 potest
452 1474 543 1510 omnia
557 1473 627 1510 vena
659 1473 737 1518 icere,
754 1461 809 1509 442.

281 1524 378 1574 Diluvii
393 1525 567 1574 recordantur
581 1523 683 1584 antiqui
700 1521 847 1582 Scriptores
857 1521 961 1576 exotici,
980 1523 1032 1570 124.

280 1585 401 1636 Dioscuri
415 1591 479 1636 sunt
492 1585 583 1636 Castor
598 1589 624 1634 et
639 1584 740 1642 Pollux,
758 1587 812 1632 1411.

281 1647 465 1712 Dlphtbongos
479 1648 559 1698 hahet
574 1647 666 1710 lingua
681 1645 815 1702 Hebraico,
831 1649 869 1694 39.

280 1709 445 1762 Discernere.
462 1710 571 1759 Diitlcile
586 1709 721 1758 invenitur
744 1709 790 1769 qui
814 1707 965 1756 discernere
993 1709 1072 1769 queat

247 1770 333 1822 virum
343 1772 501 1836 sapientem,
513 1773 545 1821 ah
555 1771 596 1819 his
604 1772 648 1833 qui
657 1771 783 1819 videntur
791 1783 848 1820 esse
870 1770 1071 1832 sapientesdhd.

283 1835 416 1897 Discipuli.
432 1835 494 1882 Post
507 1833 621 1882 multum
636 1833 780 1890 silentium,
796 1832 828 1880 de
852 1831 989 1894 discipulis
1003 1831 1072 1880 ellici

248 1895 377 1946 debemus
391 1895 520 1956 magistri,
536 1898 591 1944 412.

279 1953 863 2019 91441444444144444444444444444144414,
879 1954 943 2004 dum
958 1955 1071 2004 invicem

247 2020 325 2071 nobis
335 2021 364 2069 in
379 2021 548 2070 bonorumet
562 2018 693 2067 malorum
709 2017 806 2066 finibus
821 2017 1002 2076 displicemus,
1016 2019 1071 2067 393.

280 2081 392 2132 Divitiae.
408 2081 487 2132 Nulla
501 2080 691 2153 sapientiaest,
705 2083 825 2128 terrenas
840 2078 946 2129 divitias
960 2093 1072 2141 congre·

248 2157 320 2208 gare,
336 2146 392 2194 444.
407 2145 465 2195 Non
480 2149 520 2192 441
534 2157 561 2192 m
576 2145 668 2191 nostra
689 2144 821 2204 potestate
843 2141 942 2190 hahere
956 2142 1070 2193 divitiae.

248 2220 314 2270 quae
329 2205 422 2269 injusti
437 2219 508 2278 saepe
523 2204 581 2268 plus
597 2204 745 2267 possident,
762 2207 816 2253 4411.
847 2204 891 2253 1141
915 2203 1015 2253 donum
1034 2207 1074 2251 est

268 2281 326 2319 osse
341 2267 392 2319 frui
410 2267 517 2325 divitiis,
547 2269 600 2318 132.
617 2267 679 2317 Viro
707 2271 798 2314 444414
822 2279 916 2324 arares
931 2271 1001 2324 sunt,
1017 2268 1071 2316 325.

286 2329 571 2392 44444444444414444
586 2342 634 2392 pro
655 2327 754 2378 divitiis
771 2328 930 2387 cogitatione
946 2328 1071 2390 torqueri,

248 2397 275 2443 et
289 2395 418 2456 perituras
433 2406 506 2455 opes,
518 2391 546 2441 in
556 2391 670 2450 tristitia,
686 2390 713 2438 in
729 2391 839 2452 gemitu,
851 2391 877 2438 in
888 2390 987 2450 lilibus,
999 2405 1072 2439 casso

248 2453 338 2506 labore
357 2455 524 2518 conquirere,
541 2456 596 2504 431.

278 2517 388 2568 Docere.
404 2519 453 2568 Pro
468 2515 625 2566 saeculorum
650 2513 769 2575 qrrotidis
785 2513 812 2562 in
828 2513 904 2576 pejus
926 2513 1072 2564 labentium

247 2578 322 2639 vitio,
333 2580 460 2630 docemus
470 2578 578 2628 nuncin
593 2576 716 2626 Ecclesiis
730 2575 802 2638 quod
815 2576 958 2632 nescimus,
971 2579 1024 2626 411.

277 2642 385 2692 Doctor.
399 2641 490 2691 Falsus
505 2641 598 2690 doctor
612 2639 736 2688 aduletur
750 2642 776 2686 et
790 2637 895 2700 decipit.
914 2653 961 2687 nec
976 2638 1073 2701 quaerit

248 2705 452 2754 conversionem
466 2703 643 2759 audientium,
658 2701 702 2749 sed
723 2700 832 2763 plausus
846 2705 872 2749 et
886 2700 1001 2758 laudeni,
1017 2704 1071 2750 437.

247 2766 331 2815 Docet
347 2780 379 2816 ea
392 2779 451 2829 quae
461 2764 591 2828 populum
601 2763 693 2812 andire
704 2762 825 2818 delectet,
837 2764 907 2824 quod
921 2769 1072 2824 percuteres

246 2829 341 2939 Balpet
354 2829 382 2878 iu
397 2829 473 2885 sitio,
489 2832 515 2877 et
536 2827 662 2889 strepitus
691 2825 803 2873 concitet
827 2826 1072 2883 castiniacensis.

270 2889 357 2940 lartius
367 2895 394 2940 et
408 2891 491 2946 cibos,
507 2893 532 2938 44
546 2903 611 2952 opes
626 2902 673 2951 per
687 2885 850 2936 delectabilia
864 2888 993 2948 promissa
1009 2903 1072 2936 con·

247 2953 338 3016 quirit,
354 2952 418 3003 idid.
431 2951 572 3003 Auditores
586 2950 676 3000 lutura
686 2949 809 2998 incendio
818 2954 957 3012 praeparat,
974 2954 1000 3000 et
1014 2951 1069 3000 riu·

249 3015 315 3065 culis
329 3021 498 3078 peccatorum
514 3013 599 3075 magis
612 3012 731 3069 innectit,
748 3013 802 3064 434,

281 3079 387 3127 Doctus.
410 3078 469 3128 Non
484 3077 541 3126 sinc
564 3075 682 3138 periculo
697 3074 777 3122 etiam
793 3073 887 3122 doctus
903 3073 944 3121 vir
956 3072 1073 3135 disputat

251 3152 312 3189 cum
327 3140 467 3198 hereticis,
484 3141 536 3189 413.
554 3138 627 3187 Docti
643 3137 669 3185 44
687 3135 803 3184 Ecclesia
813 3133 1019 3197 apprehendunt
1033 3149 1074 3184 sa·

252 3202 357 3265 pientes
368 3203 458 3252 444414
472 3201 500 3250 in
516 3198 613 3249 astutia
626 3211 728 3256 coram,
744 3200 798 3245 144.

284 3263 412 3313 Dominus
426 3269 534 3311 sanctus
548 3263 587 3309 est
602 3274 661 3308 curu
674 3273 709 3306 eo
724 3259 769 3320 qui
785 3261 893 3305 sanctus
908 3263 955 3314 cst,
977 3260 1002 3306 et
1016 3271 1072 3320 per·

252 3327 364 3376 vertitur
378 3340 392 3374 a
414 3325 449 3374 ud
464 3337 525 3374 eum
542 3322 588 3384 qui
603 3335 650 3370 444
665 3320 799 3367 voluntate
807 3318 957 3366 1444114414
968 3333 1073 3380 irerver-

251 3400 306 3444 aus,
322 3389 376 3436 441.
393 3339 521 3436 ssominus
535 3386 627 3431 noster
638 3383 666 3429 iu
681 3384 797 3431 torrente
812 3379 923 3428 traditus
937 3387 985 3440 est,
1001 3380 1073 3430 dedi-

252 3461 315 3496 cans
330 3449 557 3512 regenerationem
566 3448 683 3494 nostram
695 3448 721 3493 et
730 3442 855 3506 Baptienri
866 3447 1072 3504 sacramentum,

249 3511 399 3622 3⁴gonatas
407 3573 554 3634 preceptor
565 3567 726 3632 Hieronymi,
737 3566 889 3617 Terentium
901 3571 1071 3630 exposuerat,

278 3697 361 3747 Dona.
371 3695 467 3745 Malum
479 3699 519 3744 est
530 3699 608 3757 utque
619 3695 755 3756 peccatum
767 3691 821 3739 Deo
831 3690 981 3740 satisfacere
992 3691 1070 3750 velle,

248 3771 303 3810 non
319 3758 472 3808 obedientia
500 3761 527 3807 et
541 3756 666 3820 operibus
684 3754 771 3811 honis,
787 3753 834 3802 sed
849 3753 968 3812 victimis,
984 3753 1070 3814 dorric,

248 3825 275 3872 44
289 3821 432 3878 sacrificiis,
448 3822 502 3870 444.

278 3885 384 3942 Dorcas,
394 3883 445 3932 licc
455 3885 494 3931 est
503 3893 642 3944 cupressea
654 3879 734 3929 insita
743 3876 792 3927 sihi
815 3877 842 3925 vi
850 3889 949 3926 nomen
961 3878 1069 3940 accepit.

247 3945 287 3996 41)
299 3961 330 3996 44
344 3945 416 3996 enim
431 3944 502 4008 quod
516 3943 620 3994 acutius
634 3941 730 4000 videat,
762 3941 857 3990 Dorcas
873 3939 1006 4002 appellata
1020 3944 1069 4000 444,

245 4009 299 4060 444.

642 4077 668 4140 E

273 4185 457 4236 Ebionitarum
474 4182 580 4245 dogma,
597 4185 625 4230 et
636 4177 764 4228 habitatio
779 4176 933 4240 hujusmodi
944 4178 1067 4228 Hebraeo-

242 4251 401 4360 ¹¹¹¹Enli’riiesstea's.
417 4308 518 4357 idioma
545 4305 644 4365 liuguae
661 4303 777 4352 Hebraea
803 4306 852 4360 est,
869 4305 899 4350 ut
912 4301 1065 4352 christetem

241 4387 290 4439 pro
306 4374 425 4422 satietate
442 4373 533 4434 ponat,
547 4371 602 4417 448.

271 4435 394 4492 Ε4414444,
411 4433 486 4496 plura
499 4433 527 4480 in
554 4443 586 4479 ea
601 4430 719 4477 armento
737 4439 815 4489 quam
831 4425 962 4479 homines.
978 4427 1065 4488 plures

240 4511 304 4548 oves
320 4509 399 4560 quam
410 4493 488 4552 servi,
504 4491 605 4541 ancillae
616 4493 695 4542 41444
706 4487 848 4546 vernaculi,
861 4490 915 4538 399.
926 4488 1065 4552 1144444414-

239 4559 356 4626 gentiam
367 4556 527 4620 principum,
539 4553 626 4603 omnis
637 4550 759 4601 Ecclesiae
770 4549 997 4610 corruitnltitudo,
1009 4554 1062 4601 447.

268 4619 452 4672 Ε441444444144
466 4617 555 4666 anima
571 4615 694 4665 omnibus
709 4612 849 4662 animabus
865 4617 907 4662 est
919 4613 1030 4674 melior,
1042 4615 1064 4662 ei

237 4697 293 4740 non
307 4687 347 4734 est
361 4681 462 4738 melior,
479 4693 533 4729 nou
549 4683 588 4727 est
602 4674 794 4736 Ecclesiastico,
811 4677 865 4723 514.

267 4745 439 4797 Ecclesiastes
456 4741 547 4791 Graeco
558 4751 680 4789 sermone
692 4736 849 4798 appelletur,
861 4735 906 4797 qui
918 4739 1024 4794 cretum,
1036 4735 1063 4784 id

236 4814 285 4870 est,
301 4808 452 4865 Ecclesiam,
469 4818 518 4854 444
540 4806 629 4866 regat:
653 4813 732 4863 quem
748 4797 831 4848 Latini
847 4800 1062 4847 concionatorem

234 4876 336 4930 vocant,
353 4873 408 4920 443.
424 4867 501 4918 Liher
533 4864 682 4915 cclesiastee
697 4876 728 4910 ex
744 4861 875 4910 sententia
891 4860 1061 4909 llehrrecrum

233 4934 332 4984 meruit
349 4930 533 4982 auctoritatem
559 4930 666 4990 propter
681 4924 804 4973 ultimum
820 4921 971 4985 capitulum,
990 4927 1019 4971 ut
1034 4923 1062 4970 in

233 4993 386 5044 divinorum
397 4992 565 5042 Volumiuum
577 5000 691 5038 numero
703 4991 856 5049 poneretur,
864 4987 919 5034 496.
927 4985 972 5033 Est
981 4984 1060 5033 Liber

234 5055 383 5108 Salomonis
398 5054 583 5120 poeniteutiam
598 5049 711 5114 agentis,
728 5051 782 5098 392.
798 5047 864 5096 41414
880 5047 987 5109 quidem
1003 5047 1058 5108 opi-

233 5121 333 5167 nentur
347 5133 396 5169 nos
411 5116 505 5168 441444
519 5114 586 5164 libro
599 5115 631 5164 ad
643 5111 806 5173 volrrptateiu
819 5114 845 5158 et
854 5107 988 5158 luxurians
1001 5123 1058 5169 pro-

231 5179 543 5242 accedereaccedere
556 5176 687 5226 tristitiam
695 5173 790 5234 luctus,
799 5169 1056 5221 festivitatis-euvidi

231 5238 399 5299 praetulisset,
413 5243 435 5290 44
450 5241 540 5291 bibere
556 5245 583 5289 41
598 5239 667 5287 vesci
678 5236 791 5298 alicujus
802 5239 921 5298 putasset
931 5247 988 5281 esse
999 5247 1055 5282 444-

231 5297 325 5355 111111ῑί.
342 5303 396 5350 134.
411 5303 469 5352 Nou
480 5306 607 5366 provocat
618 5301 651 5350 ad
661 5299 803 5354 luxuriam,
815 5309 902 5358 neque
913 5297 940 5344 iu
950 5293 1056 5358 Epicuri

230 5361 327 5418 cosma
341 5365 448 5420 corruit,
460 5369 515 5413 444.

261 5421 459 5472 Ecclesiasticus
469 5427 510 5474 air
522 5425 664 5490 Scripturis
679 5420 831 5471 caelestibus
843 5419 972 5476 eruditus,
985 5431 1053 5466 sem-

229 5499 277 5549 per
291 5484 363 5547 cupit
377 5483 486 5544 discere,
503 5488 555 5535 434.

258 5545 342 5606 Eden,
358 5545 426 5595 sacri
442 5547 557 5607 paradisi
571 5547 647 5596 locus
662 5546 695 5596 ed
714 5545 857 5598 Orientem,
872 5545 926 5592 149.

259 5609 409 5660 Edilieucm
425 5608 544 5718 quintam
560 5609 660 5656 invenit
675 5609 803 5670 Origenes
818 5606 846 5653 in
861 5607 936 5654 44114
952 5603 1053 5664 1411444,

226 5677 253 5725 44
267 5687 326 5723 eom
339 5669 429 5733 magni
450 5683 478 5718 cc
494 5673 636 5731 aperteque
652 5669 783 5726 disseruit,
800 5671 853 5716 aaa.

257 5735 431 5802 Eleemosyua
451 5731 509 5782 Non
524 5729 662 5791 eligendus
678 5732 719 5778 cai
731 5733 831 5778 lirinum
848 5729 1052 5784 144444444432.

224 5799 368 5852 lndiscrete
384 5793 539 5850 iaciendum
554 5791 630 5850 bene,
647 5794 673 5840 et
688 5791 760 5840 omni
789 5792 891 5852 petenti
920 5791 1052 5852 dandum,

900 265 1017 328 INDEX
1043 267 1301 333 austoricus.

1831 285 1886 350 latit

1129 401 1183 452 us.
1195 400 1248 474 Ι(144
1262 401 1413 454 considerat
1426 401 1470 454 cul
1483 401 1635 463 benelrciat,
1653 409 1677 456 et
1688 417 1737 460 aon
1748 411 1888 480 4444444444

1129 477 1156 513 44
1167 464 1268 535 tribuit,
1284 479 1354 529 saepe
1365 467 1483 528 preterit
1497 481 1556 516 eum
1570 469 1614 530 qui
1625 475 1730 520 meretm
1741 476 1835 538 accipere
1849 485 1887 534 tlt,

1129 527 1178 584 Qui
1193 527 1305 600 largitur
1321 530 1471 589 egentibus,
1484 543 1540 578 nun
1550 543 1658 592 granum
1672 536 1772 593 seminis,
1781 541 1818 588 sed
1827 519 1888 605 ipsun

1127 591 1888 718 14444144113414434111441444114

1127 718 1212 768 turus,
1222 716 1276 764 449.
1286 716 1416 777 Quidquid
1426 730 1506 778 supra
1515 717 1613 765 victum
1623 683 1889 781 etrestimenuahsdue

1127 788 1278 846 possumus,
1296 778 1323 825 in
1339 779 1500 840 pauperibus
1516 780 1661 828 nutriendis
1675 787 1698 829 et
1710 785 1819 844 egentium
1837 790 1889 850 14444·

1128 843 1201 910 tioue
1218 841 1430 909 corisumeudum
1447 845 1496 898 est,
1512 843 1567 890 413.
1594 841 1662 890 Nihil
1680 849 1716 892 est
1728 847 1810 896 bonam
1821 850 1841 898 14
1852 855 1889 902 rita

1127 905 1187 953 asta.
1203 902 1254 949 uisi
1268 916 1320 963 444
1332 902 1436 951 laetatur
1446 902 1526 952 homo
1541 905 1568 952 iu
1579 917 1656 965 opere
1666 917 1709 954 suo
1718 908 1889 962 iacienseleeno·

1128 975 1230 1024 synam,
1246 965 1450 1074 44814444444441
1464 964 1604 1015 thesauros
1614 966 1641 1028 iu
1651 979 1726 1030 regno
1734 970 1836 1021 colorum
1844 989 1888 1036 pre-

1129 1037 1255 1086 pomus,-
1299 1064 1304 1074 .
1822 1054 1826 1064 .

1160 1086 1241 1146 Elam,
1258 1101 1340 1150 aquo
1355 1088 1472 1137 Elamitse
1489 1088 1621 1150 principes
1636 1089 1746 1143 Persidis.
1759 1093 1803 1142 314.

1159 1148 1241 1198 Electi
1258 1150 1284 1198 in
1300 1149 1404 1199 Christo
1420 1155 1481 1199 anie
1491 1151 1702 1200 constitutionem
1715 1155 1801 1215 muudi,
1811 1157 1832 1204 in
1841 1159 1890 1221 prio·

1128 1209 1202 1258 ribus
1216 1212 1320 1261 saeculis
1332 1212 1386 1274 jani
1402 1213 1517 1270 luerunt,
1533 1214 1587 1261 349.

1159 1273 1261 1334 Eloqui.
1271 1276 1327 1324 Non
1339 1289 1481 1337 possumus
1490 1273 1577 1336 eloqui
1588 1275 1736 1338 omniaque
1743 1279 1889 1334 4444444344.

1157 1335 1251 1384 Emath
1277 1351 1383 1399 magna,
1413 1336 1569 1386 Antiochia:
1597 1337 1683 1386 minor
1707 1339 1892 1404 EpiphaniaJnata

1126 1397 1269 1458 AEdeasam,
1286 1401 1340 1448 1149.

1127 1459 1273 1569 1)1ῑ14ξ4444,
1289 1461 1363 1510 vicus
1377 1460 1541 1516 ludaeorum,
1559 1459 1629 1508 unde
1646 1461 1818 1523 opobalsamum
1829 1467 1892 1515 seuie-

1145 1534 1181 1576 a,
1213 1527 1250 1570 1111.

1158 1583 1276 1642 4444441414
1293 1582 1440 1645 pulmarum
1455 1588 1481 1634 et
1494 1582 1604 1632 balsami
1620 1583 1711 1644 fertile,
1724 1587 1770 1635 324.

1159 1645 1292 1705 Ephratha
1306 1655 1332 1694 et
1346 1645 1475 1694 Bethleem
1491 1646 1571 1696 unius
1582 1645 1797 1697 rrrbisracabulnm
1804 1653 1843 1707 441,
1854 1654 1894 1700 344.

1157 1707 1300 1769 Eplrratha,
1317 1709 1390 1770 regio
1404 1708 1550 1770 Bethleem,
1561 1709 1588 1757 in
1599 1708 1748 1770 1411441444,-
1760 1712 1894 1761 4441414114
1968 1741 1971 1748 ι

1127 1769 1275 1832 Beniamin,
1292 1773 1346 1820 2114.

1158 1831 1286 1903 Epicurus
1295 1828 1437 1890 asserebat,
1448 1845 1495 1894 per
1504 1831 1708 1880 innumerabiles
1715 1834 1814 1894 periodos
1821 1836 1894 1884 eadem

1127 1898 1154 1943 et
1166 1893 1260 1943 iisdem
1277 1893 1392 1949 1414414,
1409 1897 1434 1942 44
1452 1907 1497 1954 per
1510 1894 1616 1943 eosdem
1633 1895 1754 1952 14444391.

1142 2017 1146 2026 .
1158 1956 1314 2018 Episcopus.
1323 1955 1441 2005 Dillicilis
1452 1960 1492 2005 est
1502 1957 1637 2006 accusatio
1650 1957 1761 2006 adversus
1771 1958 1897 2018 episcopam,

1127 2031 1149 2065 44
1164 2019 1235 2066 eninr
1251 2019 1408 2082 peccaverit,
1421 2031 1474 2067 non
1491 2020 1626 2080 creditnr;
1645 2023 1671 2068 et
1683 2019 1703 2067 si
1715 2019 1896 2080 mnrictusluerit,

1126 2093 1179 2128 nou
1197 2083 1313 2142 punitur,
1330 2084 1385 2130 444.

1157 2141 1282 2192 Eruditus
1297 2143 1343 2206 qni
1370 2143 1492 2192 14441144
1514 2141 1668 2205 Scripturis,
1683 2145 1772 2206 quanto
1794 2142 1841 2204 plus
1851 2143 1898 2190 scire

1127 2206 1245 2265 44444411,
1270 2210 1345 2253 tanto
1361 2205 1384 2254 ei
1403 2205 1429 2252 iu
1443 2204 1483 2254 his
1498 2205 1582 2254 oritur
1610 2203 1697 2267 major
1721 2205 1898 2260 4144444144144.

1126 2267 1251 2316 Eruditus
1266 2268 1305 2316 vir
1321 2267 1385 2316 latet
1399 2279 1470 2328 saepe
1485 2266 1513 2314 in
1523 2267 1650 2325 obscuro,
1664 2272 1689 2315 41
1697 2271 1859 2328 persecutiones
1867 2280 1898 2328 pr·

1126 2330 1197 2386 titur,
1214 2329 1276 2377 dum
1293 2329 1450 2390 imprudens
1464 2329 1580 2377 favorem
1604 2329 1677 2391 vulgi
1699 2329 1848 2391 consequitur,
1860 2331 1898 2378 444.

1157 2391 1255 2452 Esaias,
1267 2392 1338 2453 apud
1352 2391 1477 2440 Hebraeos
1492 2391 1525 2440 ah
1536 2392 1546 2440 1
1558 2390 1646 2440 littere
1657 2391 1733 2439 sumit
1742 2390 1900 2445 exordiuultl.

1158 2453 1235 2508 Esau,
1252 2467 1283 2502 eo
1291 2453 1361 2515 quod
1371 2453 1472 2514 pilosus
1481 2460 1560 2508 esset,
1571 2454 1710 2502 4144444441
1722 2452 1779 2510 Seii,
1789 2455 1832 2502 441.
1840 2451 1899 2499 Edon

1126 2527 1200 2572 vero,
1215 2515 1241 2563 id
1257 2521 1298 2564 est
1312 2515 1395 2572 rufos.
1411 2516 1467 2564 sire
1479 2515 1576 2571 141444,
1588 2515 1653 2578 quia
1664 2529 1709 2578 pro
1723 2515 1794 2564 rubro
1806 2514 1900 2562 4144444-

1127 2577 1224 2626 diderit
1239 2578 1416 2640 primogenita
1430 2591 1487 2634 sue,
1503 2581 1557 2626 344.

1158 2639 1253 2696 Eshus,
1271 2640 1333 2688 urbs
1347 2640 1460 2702 insignis
1481 2639 1593 2696 Arabiae,
1607 2653 1625 2687 a
1640 2639 1734 2702 quibus
1747 2650 1852 2698 possessa
1863 2637 1900 2684 aa.

1158 2701 1229 2749 Esse.
1247 2702 1337 2751 1141144
1353 2708 1392 2750 444
1407 2702 1517 2752 cumino
1528 2714 1584 2750 nou
1595 2713 1665 2758 esse,
1680 2698 1901 2749 necsansumhabere

1127 2763 1291 2820 substantiae,
1308 2778 1387 2826 quani
1403 2763 1544 2812 infeliciter
1558 2763 1600 2811 vel
1616 2777 1675 2812 esse
1689 2762 1729 2812 vel
1744 2763 1826 2814 vivere,
1838 2763 1878 2809 444.

1158 2827 1330 2874 Eucharistia.
1348 2827 1403 2874 1144
1418 2825 1502 2874 solum
1522 2825 1654 2874 liabenius
1668 2825 1695 2874 iu
1709 2823 1820 2886 praesenti
1834 2821 1900 2870 serula

1126 2887 1238 2945 lienum,
1253 2890 1274 2936 si
1290 2902 1428 2936 vescemur
1441 2901 1522 2937 carne
1539 2887 1643 2935 Domini
1660 2891 1685 2936 et
1710 2897 1793 2934 cruore
1805 2890 1901 2946 44414444,

1127 2963 1182 2998 uon
1198 2951 1283 3000 solum
1298 2951 1325 2999 iu
1350 2951 1485 3014 mysterio,
1506 2950 1552 2999 sed
1568 2949 1649 2998 etiarn
1664 2951 1692 2997 in
1706 2946 1901 3011 Scripturarunlr-

1127 3012 1224 3068 ctione,
1236 3015 1293 3064 413.

1159 3074 1303 3123 Eunuchus
1316 3073 1443 3123 candacis
1457 3074 1556 3134 regines
1571 3072 1721 3134 baptizatus
1736 3073 1761 3120 44
1782 3070 1843 3119 14414
1853 3069 1904 3132 juxta

1127 3136 1249 3191 Bethsur,
1264 3138 1319 3184 sire
1339 3136 1494 3196 Bethsorou,
1515 3139 1568 3184 443.
1584 3135 1707 3184 Eunuchi
1721 3137 1793 3183 erant
1806 3133 1904 3181 4411444144

1128 3203 1153 3247 41
1168 3197 1306 3246 Pontifices
1322 3198 1498 3259 Heliopolros,
1514 3201 1569 3247 367.

1158 3259 1313 3320 Euphrates,
1330 3261 1427 3308 lluvius
1442 3259 1651 3322 Mesopotamia,
1674 3259 1701 3307 iu
1716 3257 1827 3321 paradiso
1837 3255 1905 3310 odeas

1127 3324 1181 3370 ede.
1200 3323 1350 3372 Secundum
1370 3323 1522 3370 Sallustium
1539 3326 1677 3370 auctorem
1692 3321 1855 3374 certissimum,
1866 3318 1905 3365 144-

1127 3388 1182 3432 1444
1197 3384 1277 3434 habet
1292 3385 1318 3432 in
1336 3385 1469 3439 Armenia,
1485 3383 1550 3432 ibid.

1159 3447 1299 3495 Eusebium
1316 3447 1488 3509 reprehendit
1500 3447 1687 3508 Hieronymus,
1705 3446 1755 3501 194,
1770 3443 1817 3493 444.

1159 3508 1221 3566 Eva,
1237 3509 1333 3557 dicitnr
1348 3515 1434 3558 mater
1448 3509 1602 3566 urentium,
1619 3510 1675 3556 314.

1158 3571 1340 3633 Evangelium.
1355 3571 1450 3620 Divisis
1478 3571 1576 3632 linguis
1591 3569 1766 3622 credentium,
1778 3569 1838 3615 14444
1848 3565 1908 3612 Eran-

1126 3632 1210 3694 gelica
1225 3632 1413 3695 praedicatione
1428 3633 1545 3681 mundus
1558 3632 1681 3695 expletus
1696 3631 1813 3701 444139.Ι
1840 3689 1845 3700 ι
1869 3689 1873 3696 Ι

1158 3695 1238 3756 Erila,
1250 3695 1294 3743 ubi
1305 3709 1399 3743 aurum
1409 3695 1588 3757 purissimum,
1600 3700 1627 3743 et
1635 3706 1746 3756 gemmae
1754 3696 1910 3754 pretiosissime

1126 3756 1310 3812 carbunculus,
1326 3757 1534 3820 smaragdusque
1549 3760 1707 3811 nascuntur,
1724 3757 1774 3804 199.

1156 3819 1457 3868 144444444414444441
1480 3831 1556 3868 vanae
1582 3817 1767 3868 excissationee
1785 3808 1910 3884 querende.

1125 3893 1174 3930 uec
1183 3881 1271 3956 danda
1279 3881 1383 3954 occasio
1392 3881 1465 3930 carui
1475 3881 1509 3930 ad
1520 3881 1697 3945 peccandum,
1709 3877 1780 3942 quasi
1791 3875 1911 3924 necessitate

1124 3941 1852 4068 ο44414..4411444,144111144..134114...
1864 3995 1911 4046 sn.

1122 4071 1209 4130 ptura,
1224 4069 1250 4117 id
1266 4072 1306 4118 eet
1319 4081 1464 4132 coquorum
1476 4068 1617 4132 principes,
1629 4070 1686 4118 344.

1524 4159 1549 4224 li

1152 4245 1210 4293 Ear.
1225 4245 1271 4306 ,444
1292 4246 1407 4308 pliorem
1432 4259 1491 4294 mos
1518 4245 1611 4294 444444
1637 4255 1737 4293 secare
1750 4232 1912 4300 4444444441
1991 4281 1992 4290 .

1121 4308 1239 4369 tempore
1257 4260 1409 4371 1114444444
1422 4312 1546 4371 corrupte
1557 4307 1676 4358 atheran
1689 4298 1911 4370 nuncupabantjiit.

1152 4370 1269 4419 Femina.
1298 4370 1393 4418 Nullus
1421 4374 1587 4428 sanctorum,
1611 4369 1661 4417 nisi
1690 4379 1804 4430 perraro.
1828 4363 1913 4411 1411111111

1120 4431 1244 4494 genuisse
1261 4436 1392 4483 narratur.
1408 4435 1462 4481 4114.
1991 4473 1992 4476 ,

1119 4493 1312 4604 d'Ecdemfflii
1327 4495 1388 4543 reris
1401 4493 1508 4544 metella
1529 4492 1720 4544 damnatorum
1735 4487 1857 4553 suppliciis
1867 4480 1912 4532 edo

1138 4561 1237 4615 iurator,
1303 4593 1308 4604 .

1148 4617 1228 4666 Fetus
1243 4631 1341 4666 vernias
1357 4617 1515 4675 meliorest,
1531 4630 1609 4680 quam
1625 4613 1800 4670 autumnalis,
1814 4613 1859 4662 344.

1149 4679 1234 4728 Fides.
1249 4679 1417 4729 Credendum
1433 4683 1549 4728 osteum
1574 4679 1677 4730 venisse
1694 4678 1741 4740 qui
1759 4676 1861 4737 scriptus
1872 4669 1911 4736 eslf

1116 4741 1164 4849 4444
1180 4755 1234 4814 444
1249 4741 1449 4842 4444444444,
1465 4742 1599 4804 quomodo
1614 4743 1642 4790 et
1668 4742 1796 4803 quantus,
1809 4740 1832 4786 et
1849 4729 1912 4796 441111

1135 4806 1337 4923 8113141441414,
1358 4865 1390 4913 ad
1420 4865 1644 4927 comparationem
1670 4865 1823 4926 pareutum,
1848 4855 1914 4906 441441

1115 4931 1225 4977 vocatur
1239 4933 1266 4976 et
1279 4927 1427 5038 garardum
1445 4931 1497 4976 tam
1513 4927 1586 4991 apud
1605 4928 1752 4984 Romanos,
1768 4934 1841 4987 quam
1861 4913 1912 4980 8lld

1115 4989 1250 5054 Hebraeos,
1263 4992 1276 5040 3
1295 4993 1317 5040 6.

1135 5052 1225 5123 Ι114444.
1246 5051 1352 5112 absque
1368 5051 1422 5100 Deo
1437 5050 1560 5115 adjutore
1574 5049 1607 5100 ad
1621 5049 1703 5100 linem
1719 5052 1913 5106 nostrumpeue·

1114 5116 1600 5248 ῃι1ῗ44ῐ1111144ρ4οἰ84ι14η1414111461444444414
1616 5173 1731 5245 aemulos
1746 5167 1894 5244 1441441991.

1143 5239 1270 5288 Fortuna.
1287 5237 1352 5286 111414
1383 5237 1470 5286 aridam
1482 5239 1718 5286 aestimantemma
1728 5235 1836 5284 fortudo
1844 5227 1914 5293 444411

1111 5301 1212 5348 variam
1228 5301 1256 5348 in
1274 5251 1830 5353 441441444444444444444441441444441.
1898 5351 1905 5364 ,

1142 5363 1253 5411 Fratres.
1270 5363 1327 5410 lilii
1344 5362 1469 5412 dicuntur
1483 5363 1576 5411 lratres
1591 5362 1616 5410 in
1634 5360 1777 5422 Scriptura
1789 5349 1914 5412 sacratis

1109 5424 1230 5473 Fratrum
1243 5425 1359 5486 peccatis
1374 5437 1428 5473 non
1442 5423 1591 5487 ignoscens,
1608 5424 1667 5486 [ilus
1678 5422 1774 5484 justus
1789 5423 1835 5470 est.
1855 5423 1913 5477 (411111

1105 5485 1208 5549 justum
1225 5491 1272 5542 est.
1290 5489 1343 5536 413.

1138 5662 1254 5726 94144414,
1270 5675 1331 5774 guae
1349 5668 1374 5712 et
1388 5663 1490 5736 Golgoi,
1510 5664 1553 5713 uhi
1572 5661 1708 5725 praecipua
1724 5660 1802 5734 'legis
1813 5651 1912 5730 11444144

1105 5729 1244 5849 iqffiffl
1246 5739 1271 5836 bt}
1274 5723 1398 5838 demptam
1412 5726 1545 5786 dicuntur,
1557 5729 1610 5776 ete.
1622 5726 1708 5774 Locus
1723 5723 1771 5774 ilis
1785 5733 1848 5772 miro
1860 5713 1913 5766 44114
