4078 6162
153 313 245 391 .„,

806 317 839 377 S.
861 312 1019 380 EUSRBH
1039 313 1262 378 mmmm

1819 305 1882 373 80

151 455 157 466 ·
182 450 217 504 ut
229 446 369 520 requirat,
383 463 441 506 non
456 445 591 504 inveniat
609 446 638 503 Si
659 447 765 504 dixerit
779 449 897 521 sapiens
913 465 945 505 se
960 449 1004 504 in·
1019 448 1046 514 Α
1061 447 1216 504 hominum
1244 447 1387 521 repletum
1417 451 1463 503 est
1499 445 1611 503 malitia
1638 443 1735 516 (scm.
1764 457 1816 509 vu,
1846 443 1882 503 16

182 534 325 610 colligere,
341 535 468 611 reperire
483 553 540 593 nou
567 537 681 609 poterit.
702 539 758 596 Gor
782 537 861 595 euim
876 537 1006 594 filiorum
1060 536 1174 610 seqq.)¹.
1192 560 1205 588 n

219 669 368 753 wassare,
384 670 430 728 ed.
446 669 548 754 abdit:
564 671 685 744 Explicit
708 671 779 727 liber
800 673 917 754 primus.
936 672 1007 736 Qui·
1061 679 1134 735 Ft'm't
1148 681 1296 752 superioris
1325 679 1391 736 libri
1415 695 1482 750 pars
1506 679 1610 750 prinae.
1638 677 1739 750 Incipit
1765 672 1887 750 ejusdem

156 751 161 782 ³
182 742 240 799 hus
254 743 349 800 verbis
360 742 499 815 appendit
509 742 640 798 notulam
655 741 1007 815 :«Droatrcan1mss.,
1060 766 1126 822 pars
1140 751 1238 806 cttcre.
1257 775 1268 803 ι
1287 751 1367 806 Eois.

777 1043 942 1131 LIBER
972 1043 1293 1136 SECUNDUS.

935 1202 1140 1216 -ψ

236 1300 537 1372 mismrificium
559 1300 928 1371 praeascendentem,
953 1305 1007 1357 cte.
1064 1302 1170 1360 dicere.
1201 1304 1237 1359 C:
1260 1304 1318 1361 an
1346 1303 1477 1378 intelligo
1503 1305 1582 1377 quod
1609 1303 1749 1377 loqueris,
1779 1307 1810 1360 et
1829 1321 1889 1366 nen

184 1428 219 1438 -
233 1393 349 1452 Gerros.
366 1390 459 1447 Multa
474 1389 594 1462 quidem
605 1389 641 1444 de
652 1387 810 1461 scripturis
823 1389 934 1446 sanctis
949 1407 1009 1446 me·
1065 1393 1143 1465 quod
1157 1397 1246 1450 taces.
1259 1395 1290 1448 A.
1307 1393 1415 1451 Tacere
1430 1393 1482 1449 tibi
1497 1395 1608 1460 videor,
1624 1393 1675 1466 qui
1689 1393 1781 1452 tentis
1795 1410 1891 1455 exem·

119 1537 123 1544 .
185 1481 307 1542 moriter
329 1480 503 1553 copioseque
529 1477 639 1546 dixisti,
664 1481 693 1532 et
721 1477 806 1551 quasi
831 1478 1009 1550 quibusdam
1065 1479 1122 1553 plis
1145 1481 1247 1538 docere
1269 1485 1296 1537 te
1317 1479 1409 1550 volui,
1430 1496 1549 1552 peccare
1571 1479 1719 1538 homiuem
1739 1495 1792 1553 per
1806 1480 1890 1555 iguo·

185 1571 332 1630 nubibus¹
349 1569 461 1625 clarum
479 1566 563 1622 uisus
577 1583 608 1622 es
622 1565 754 1624 veritatis
770 1566 870 1623 lumen
886 1567 1008 1640 operire,
1065 1569 1320 1642 rentiam1etprc
1345 1574 1473 1643 peccato,
1500 1574 1533 1627 ut
1562 1568 1591 1625 iu
1621 1568 1684 1640 lege
1711 1569 1890 1635 assumta

184 1661 235 1718 sed
251 1659 321 1732 quid
337 1658 373 1713 ad
391 1656 477 1713 remi
505 1655 556 1712 His
584 1654 661 1711 enim
690 1655 804 1712 cunetis
831 1656 1009 1713 testimoniis
1024 1680 1048 1744 B
1064 1662 1093 1714 et
1107 1658 1137 1714 in
1153 1657 1308 1732 Evangelio
1322 1659 1500 1716 offerendam
1515 1657 1751 1731 poenitudinem‘t

183 1748 291 1806 videris
320 1745 474 1802 hominum
498 1759 637 1800 accesere
659 1749 805 1813 naturam,
833 1761 865 1800 ac
890 1762 941 1818 per
956 1745 1010 1801 hcc

184 1832 892 1902 invidiamreierreinDeum,siteleshnmines
911 1834 1010 1890 condi·
1099 1839 1381 1911 abrenuntiasti.
1398 1839 1423 1894 T.
1453 1840 1483 1893 in
1512 1837 1633 1909 Apostoli
1659 1853 1787 1910 persono.
1805 1839 1887 1898 h-·C.

186 1927 239 1995 dit,
255 1929 288 1982 ut
302 1922 446 1980 oblivione
461 1927 490 1978 et
505 1922 675 1996 ignorantia
701 1927 819 1994 peccato
838 1939 936 1980 cerere
951 1940 1009 1980 nnn
1065 1932 1105 1982 De
1128 1928 1330 1984 testimonium
1352 1928 1422 1983 Novi
1445 1927 1649 1996 instrumenti,
1672 1926 1723 1984 ubi
1743 1944 1835 1996 error,
1856 1932 1889 1984 at

185 2015 309 2090 possint.
326 2019 364 2070 ita
376 2029 434 2086 quo
445 2011 633 2086 perspicuum
645 2016 699 2081 est,
710 2012 859 2069 hominem
871 2030 967 2086 posse,
984 2013 1010 2069 si
1065 2017 1239 2088 ignorantia,
1256 2021 1284 2074 et
1298 2015 1522 2088 impossibilitas
1545 2016 1677 2073 mandati
1703 2019 1835 2074 teneatur
1853 2015 1887 2072 in

185 2104 318 2173 voluerit,
335 2120 392 2159 nou
409 2117 538 2175 peccare.
564 2101 595 2156 ld
622 2101 701 2157 enim
723 2102 799 2172 feeit,
826 2103 904 2174 quod
919 2102 1010 2160 vitare
1065 2105 1196 2162 crimine.
1213 2107 1244 2160 Α.
1260 2105 1321 2163 Non
1337 2121 1455 2162 necesse
1468 2109 1515 2162 est
1529 2105 1623 2162 multa
1638 2105 1776 2178 proferre.
1789 2104 1888 2162 Unum

186 2211 244 2250 nen
260 2190 365 2266 potuit.
382 2189 434 2248 Ubi
451 2193 549 2246 autem
565 2189 696 2246 aufertur
710 2189 901 2263 possibilitas,
918 2192 1010 2248 auser·
1064 2193 1221 2265 proferam,
1237 2192 1284 2249 cui
1300 2199 1378 2249 certe
1401 2191 1599 2250 contradicere
1621 2208 1679 2249 non
1695 2191 1816 2266 potaris.
1831 2191 1890 2266 iias

185 2283 277 2339 terat
303 2279 419 2350 vitium,
449 2296 535 2336 nemo
563 2278 642 2335 enim
672 2279 701 2334 in
728 2297 761 2336 eo
787 2281 1010 2349 condemnetur,
1065 2281 1214 2338 electionis
1230 2281 1382 2356 perspicue
1407 2280 1558 2354 loquitur:
1591 2303 1601 2330 ι
1632 2280 1790 2338 Consentio
1810 2279 1889 2338 en'un

186 2372 264 2445 quod
288 2369 382 2428 iacere
403 2385 461 2426 non
486 2369 590 2441 potuit.
616 2371 708 2424 rte-ric.
732 2370 813 2442 Saepe
832 2370 892 2426 dixi
908 2375 936 2426 te
952 2387 1009 2426 noa
1064 2370 1122 2442 legi
1137 2371 1187 2426 Dei
1200 2372 1285 2442 juxte
1300 2368 1468 2427 interiorem
1491 2369 1653 2426 hominem.
1676 2369 1767 2426 Video
1790 2376 1889 2428 autam

184 2459 346 2533 intelligere
362 2461 485 2516 conatus
500 2473 592 2527 meos,
607 2473 659 2514 uec
675 2457 859 2515 considerare
874 2459 944 2531 quid
962 2475 1010 2515 ar·
1065 2459 1154 2516 aliem
1168 2459 1263 2532 legem
1278 2459 1307 2515 iu
1333 2458 1475 2515 membris
1500 2458 1584 2528 meis,
1605 2461 1818 2532 repugnantem
1832 2455 1890 2532 legi

185 2549 385 2624 gumenteris;
403 2547 454 2604 sed
470 2546 540 2619 quid
556 2551 633 2604 Deus
643 2547 777 2618 jusserit.
791 2547 844 2604 Pro
855 2547 1009 2616 oblivione,
1065 2547 1172 2604 mentis
1188 2565 1270 2614 mee,
1292 2551 1321 2604 et
1341 2547 1536 2621 captivantem
1560 2563 1606 2604 me
1629 2546 1659 2602 in
1684 2545 1750 2620 lege
1766 2545 1888 2618 peceati,

184 2654 282 2694 errore
296 2640 324 2694 et
337 2635 515 2710 ignorantia,
530 2635 614 2707 quasi
629 2652 682 2708 pro
701 2639 820 2708 peccato
849 2636 1012 2692 offeruntur
1065 2653 1129 2708 quae
1146 2642 1192 2693 est
1205 2638 1236 2693 in
1251 2635 1391 2694 memhris
1411 2637 1495 2693 meis.
1521 2636 1607 2694 idiser
1629 2651 1682 2710 ego
1706 2635 1806 2704 homo,
1823 2635 1889 2708 quin

185 2725 348 2783 sacrificia:
366 2725 427 2782 sive
441 2724 497 2781 hoc
513 2723 588 2781 mele
600 2725 685 2796 juxte
703 2729 741 2792 te,
767 2725 827 2780 sive
852 2725 925 2781 bene
941 2726 1010 2796 jux·
1066 2741 1112 2781 me
1128 2724 1264 2782 liberabit
1275 2727 1311 2782 de
1326 2742 1445 2798 corpere
1460 2724 1563 2782 mortis
1585 2723 1702 2798 huiusi
1723 2721 1822 2781 Gratia
1836 2724 1888 2781 Dei

185 2819 215 2872 ta
231 2831 287 2884 me,
304 2815 382 2872 Deus
397 2813 543 2887 precepit.
569 2813 667 2870 Meum
692 2817 736 2868 cat
760 2813 915 2870 observare
931 2813 1010 2886 quod
1065 2815 1234 2887 pertesum
1250 2815 1399 2870 Christum
1415 2814 1572 2872 Dominum
1588 2817 1722 2870 nostrum
1737 2813 1825 2885 (Rem.
1837 2830 1888 2882 vui,

183 2905 294 2978 jussit;
310 2908 395 2960 tuum
413 2903 459 2959 Dei
470 2903 557 2974 jussa
579 2901 801 2976 reprehendere.
817 2905 848 2964 G.
866 2902 1009 2970 Quoniam
1064 2904 1101 2957 22
1114 2919 1186 2976 seqq.
1204 2902 1223 2975 ).
1247 2925 1261 2953 ε
1285 2903 1312 2960 C.
1335 2902 1483 2959 Protulisti
1505 2901 1719 2967 testimonium.
1741 2901 1821 2974 quod
1834 2918 1888 2974 pro

186 2994 246 3051 vim
262 2993 333 3051 secia
348 2993 507 3068 perspicue
526 2991 650 3059 veritati,
673 2996 702 3049 et
726 3008 771 3048 me
786 2991 880 3048 trahis
895 2991 931 3049 ad
947 2991 1010 3048 hle·
1068 3008 1115 3048 me
1129 2992 1208 3049 iacit.
1226 2990 1352 3050 Liberati
1380 3009 1447 3065 ergo
1474 2993 1510 3048 de
1538 3008 1656 3065 corpore
1671 2991 1762 3061 huius
1785 2990 1890 3050 mortis

189 3081 364 3156 aphamiam,
380 3081 538 3139 nuncetiam
555 3081 607 3136 tihi
623 3081 677 3137 hoc
701 3081 730 3136 in
756 3081 845 3138 veteri
860 3079 924 3154 lege
939 3049 1048 3154 pre·C
1068 3081 1256 3154 pergratiam
1281 3081 1397 3138 Domini
1423 3080 1516 3138 nostri
1538 3081 1610 3138 iesu
1636 3080 1755 3149 Christi,
1778 3095 1891 3154 nequa-

1067 3186 1156 3242 quam
1172 3169 1250 3227 ultra
1272 3186 1391 3243 peecare
1412 3169 1565 3228 debemus.
1581 3171 1612 3226 Α.
1629 3169 1755 3227 Liberati
1770 3167 1891 3240 quidem

1068 3275 1171 3316 sumus
1187 3259 1333 3332 baptismo
1349 3258 1518 3316 salvatoris.
1535 3258 1592 3314 Sed
1616 3258 1645 3313 id
1661 3257 1734 3314 mihi
1750 3258 1890 3324 edissere,

1068 3364 1157 3420 quare
1181 3347 1302 3404 dixerit:
1326 3371 1340 3399 e
1363 3347 1453 3404 Viden
1467 3346 1555 3403 aliam
1580 3346 1675 3422 legem
1697 3345 1727 3404 in
1748 3346 1891 3404 membris

190 3174 318 3242 ceptum,
331 3171 366 3226 de
376 3187 434 3242 qua
444 3170 584 3242 scriptum
597 3173 657 3226 est:
669 3193 684 3221 «
697 3169 801 3226 Vetera
810 3169 1010 3227 transierunt:

191 3275 256 3314 ecce
271 3259 348 3316 iacta
363 3263 433 3314 sunt
446 3257 545 3314 emnia
560 3275 634 3316 nova
647 3281 661 3310 n
678 3259 716 3330 (ii
727 3259 788 3316 Cor.
811 3277 837 3328 v,
863 3259 916 3331 17).
932 3260 1012 3315 Nun-

191 3347 262 3422 quid
277 3351 307 3404 et
322 3347 357 3403 de
373 3344 527 3419 Evangelio
543 3347 651 3420 poteris
662 3347 717 3404 hoc
728 3350 899 3420 approbare,
915 3353 947 3404 ut
962 3365 1013 3422 pu-

191 3435 290 3494 nietur
302 3434 449 3508 quispiam
463 3452 516 3508 pro
538 3453 570 3492 eo
586 3436 664 3508 quod
689 3437 810 3504 nesciet,
826 3442 854 3493 et
868 3441 935 3494 anta
952 3454 1011 3510 poa-

189 3541 244 3582 nes
258 3525 331 3594 luet,
346 3541 435 3598 qnam
450 3541 517 3582 rens
531 3525 570 3581 sit
589 3526 773 3582 conscientie
799 3528 851 3598 [rt.
875 3527 1012 3600 ignoran-

190 3611 272 3686 itere
286 3615 318 3672 A.
334 3614 427 3672 Deum
442 3613 624 3688 ignoremus,
640 3615 817 3672 Manicheus
837 3616 922 3672 nobis
943 3633 1012 3672 con·

190 3704 283 3778 surgit
298 3708 427 3777 repente,
447 3703 497 3776 qui
524 3703 618 3778 legem
634 3703 705 3761 dicit
729 3705 878 3773 abolitam,
892 3709 921 3761 et
935 3704 1012 3762 solos

190 3792 261 3850 Novi
277 3793 457 3851 Testamenti
472 3793 609 3866 legendos
629 3793 730 3851 libros.
757 3795 786 3850 C.
812 3793 886 3859 Quid
902 3795 979 3852 enim
996 3811 1013 3850 a

190 3898 238 3940 me
252 3881 400 3955 audivisti,
417 3887 450 3938 ut
463 3882 518 3940 hoc
534 3883 691 3940 autumes?
714 3884 748 3939 Et
769 3884 814 3940 lex
828 3884 907 3940 enim
923 3884 1011 3957 patri-

191 3971 247 4027 bns
262 3972 339 4042 date,
356 3988 408 4045 pro
422 3975 553 4044 tempore
574 3973 657 4044 juste
679 3977 707 4028 et
730 3977 834 4030 sancta
854 3977 909 4040 est,
925 3979 953 4029 et
966 3989 1012 4029 va-

190 4057 289 4116 niente
303 4047 449 4134 iivangelii
465 4061 651 4132 perfectione,
676 4061 778 4119 viliora
800 4067 963 4119 cessarunt.
979 4064 1011 4118 Α.

189 4147 264 4222 Ergo
279 4165 466 4221 nequaquam
481 4148 696 4206 observandum
711 4155 766 4216 est,
778 4151 855 4222 quod
866 4149 929 4224 loge
939 4166 1012 4222 prae·

190 4235 321 4310 cipitur?
337 4235 365 4292 C.
381 4236 517 4302 Quadam
535 4238 728 4305 observande,
744 4240 878 4311 quasdem
894 4243 1011 4311 praeter·

189 4323 333 4382 mittenda
347 4329 427 4383 sunt.
449 4331 485 4382 A.
502 4326 644 4392 Quoniam
669 4331 697 4382 te
717 4327 800 4383 video
820 4342 884 4383 esse
902 4326 1012 4383 doctis-

1067 3436 1141 3492 meis
1152 3441 1365 3510 repugnantem
1375 3436 1433 3510 legi
1443 3436 1552 3494 mentis
1562 3451 1642 3504 mee,
1654 3439 1684 3494 et
1694 3436 1890 3509 captivantem

1068 3541 1114 3582 me
1129 3526 1158 3582 in
1172 3525 1237 3599 lege
1252 3524 1372 3599 peccati,
1389 3542 1452 3598 qua
1481 3525 1511 3581 in
1538 3524 1677 3582 membris
1705 3525 1780 3584 meis
1802 3529 1858 3582 cst.
1875 3549 1886 3578 ι

1066 3616 1133 3680 Quae
1148 3620 1193 3672 est
1207 3615 1264 3672 iste
1287 3613 1333 3671 lex
1353 3630 1480 3688 regnans
1494 3614 1524 3670 in
1540 3614 1681 3672 membris
1704 3614 1848 3684 hominis,
1863 3618 1892 3671 et

1067 3720 1236 3778 repugnans
1250 3703 1307 3778 legi
1324 3704 1431 3761 mentis
1445 3704 1510 3776 ejus
1519 3703 1533 3759 ‘i
1542 3703 1695 3776 Responde
1704 3703 1889 3777 simpliciter.

1067 3793 1181 3850 Tenes?
1194 3793 1268 3850 dudi
1285 3797 1422 3850 eumdem
1437 3792 1611 3866 Apostolum
1622 3793 1807 3866 apertissime
1816 3809 1890 3866 pra·

1067 3881 1264 3938 dicantem:«
1293 3883 1375 3949 Quod
1402 3881 1481 3938 enim
1510 3897 1624 3956 operor,
1654 3899 1712 3939 non
1734 3897 1890 3954 cognosco.

1066 3971 1129 4028 Neu
1144 3972 1222 4028 enim
1235 3973 1313 4044 qued
1329 3971 1403 4040 volo,
1420 3987 1540 4045 operor:
1569 3972 1619 4028 sed
1646 3970 1724 4044 quod
1740 3968 1798 4038 odi,
1810 3967 1891 4028 illud

1066 4060 1151 4117 iacis.
1168 4061 1218 4118 Sin
1234 4065 1332 4116 antem
1347 4060 1425 4134 quod
1441 4059 1519 4130 nole,
1542 4061 1597 4118 hoe
1625 4059 1711 4140 sanie,
1738 4056 1891 4119 consentio

1067 4149 1134 4223 legi,
1151 4150 1291 4223 quoniam
1307 4149 1384 4206 hona
1408 4152 1462 4206 est.
1489 4149 1573 4207 Nunc
1587 4154 1687 4206 eutem
1701 4163 1890 4222 nequequam

1066 4254 1119 4311 ego
1135 4254 1238 4311 operer
1252 4237 1335 4306 illud,
1351 4239 1402 4296 sed
1426 4239 1505 4312 quod
1525 4238 1555 4294 in
1580 4255 1626 4298 me
1648 4238 1772 4309 habitat,
1792 4253 1892 4311 pecce-

1066 4333 1140 4383 tum.
1157 4327 1222 4384 Scio
1236 4327 1314 4384 enim
1338 4329 1416 4400 quod
1439 4345 1497 4385 non
1519 4328 1632 4386 habitet
1655 4329 1686 4385 in
1709 4343 1757 4385 me
1775 4327 1891 4386 honest

189 4409 310 4480 simum,
327 4414 374 4470 die
389 4413 461 4470 mihi
476 4431 539 4487 que
554 4416 590 4472 de
605 4414 701 4472 Veteri
716 4416 902 4472 Testamenta
915 4416 1012 4473 obser·
1027 4415 1050 4482 Ι)
1065 4415 1095 4474 in
1109 4433 1194 4473 carne
1210 4433 1284 4486 mea,
1309 4417 1430 4473 bonum.
1461 4415 1543 4474 Velle
1569 4415 1647 4474 enim
1675 4416 1790 4488 adiacet
1804 4415 1890 4486 mihi,

187 4515 255 4556 vare
271 4500 404 4570 debeam,
420 4506 449 4558 et
464 4518 527 4574 quae
546 4501 721 4576 relinquere.
748 4503 777 4560 C.
803 4504 940 4562 bieudeta
959 4505 1009 4560 ob·
1067 4507 1179 4579 operari
1196 4511 1293 4563 antem
1321 4505 1432 4562 bonum
1461 4523 1520 4564 nnn
1549 4507 1676 4564 invenio.
1705 4505 1770 4564 Non
1798 4506 1889 4572 enim,

187 4604 302 4646 servare
317 4589 468 4660 dehemus,
487 4607 550 4664 quse
566 4592 602 4647 ad
618 4592 708 4648 vitam
721 4595 749 4649 et
760 4593 1011 4666 morespertinent
1065 4595 1143 4667 quod
1160 4595 1235 4664 vnio,
1251 4595 1373 4663 bonum,
1390 4595 1444 4652 hee
1471 4611 1544 4669 agn:
1561 4596 1611 4653 sed
1628 4595 1706 4668 qued
1731 4593 1810 4664 nolo,
1826 4610 1890 4652 ma·

186 4677 440 4754 corrigendns,de
462 4679 570 4754 quibua
592 4680 783 4738 dictumest:
810 4704 824 4732 «
839 4682 1009 4739 Mandatum
1065 4683 1137 4750 lum,
1167 4683 1222 4740 hnc
1250 4681 1333 4740 facio.
1364 4684 1394 4740 Si
1425 4689 1523 4741 autam
1549 4685 1627 4757 quod
1659 4683 1736 4751 nolo,
1765 4683 1889 4756 bocego

185 4768 301 4826 Domini
317 4767 448 4830 lucidum
459 4767 744 4827 illuminensoculos
758 4770 846 4842 (Psoi.
858 4788 938 4842 xv111,
953 4773 1009 4844 et.»
1065 4774 1150 4843 iacin,
1180 4787 1367 4846 nequequam
1396 4789 1449 4846 ege
1477 4789 1582 4846 operor
1609 4772 1692 4840 iilud,
1725 4772 1776 4830 sad
1810 4771 1889 4845 quod

185 4857 252 4923 Qus
267 4863 365 4916 autem
382 4859 418 4915 ad
442 4857 628 4915 ceremonias
653 4859 748 4933 Legis,
764 4861 791 4916 et
806 4860 881 4920 ritus
896 4860 1006 4918 sacrifi·
1062 4861 1219 4918 habitatin
1244 4877 1292 4918 me
1316 4865 1468 4935 peccatum
1496 4863 1583 4934 (Rom.
1612 4879 1663 4930 vu,
1693 4879 1729 4920 xv
1757 4864 1858 4934 coep).
1874 4881 1890 4909 ε

184 4947 297 5004 ciorum
318 4948 474 5021 pertinent,
499 4945 692 5020 relinquenda
716 4951 796 5006 sunt.
825 4951 857 5006 Λ.
887 4951 1007 5024 ignosce
1062 4951 1090 5008 C.
1109 4951 1197 5007 Miror
1217 4955 1245 5008 te
1273 4951 1423 5010 hominem
1453 4952 1626 5024 prudentem
1655 4951 1698 5008 sic
1726 4949 1891 5023 intelligere

184 5034 351 5104 mihinam
380 5037 454 5112 legis
484 5037 559 5094 m
582 5043 612 5094 et
640 5038 1006 5112 omniumScripturarum
1061 5040 1245 5115 Apostolum,
1263 5045 1295 5096 ut
1321 5057 1388 5098 eum
1417 5057 1451 5098 cx
1481 5057 1605 5112 persona
1633 5042 1891 5112 sna²,atnonax

184 5123 336 5182 scientiam
363 5127 492 5199 jactites,
516 5143 574 5183 non
598 5126 806 5185 animadvertis
828 5127 898 5200 quid
921 5127 1006 5185 velim
1065 5130 1266 5187 alierumhec
1283 5131 1358 5188 uti
1383 5129 1479 5186 dicere
1503 5129 1693 5194 sentiment
1715 5129 1794 5187 enim
1815 5145 1889 5187 con-

219 5262 329 5345 ¹·Quesi
352 5267 514 5338 quibudam
540 5270 670 5328 subitae.
695 5270 805 5328 Sensus
834 5269 953 5328 omnine
974 5270 1007 5326 li·
1096 5273 1194 5330 ²Vide
1209 5273 1240 5330 S.
1269 5273 1478 5345 angustinum,
1507 5273 1536 5330 in
1565 5275 1712 5331 heroam.
1741 5276 1771 5330 et
1793 5273 1890 5346 Opere

184 5331 307 5419 quidus·
329 5352 396 5418 uem
411 5339 537 5396 retinent
552 5358 624 5398 mss.
638 5342 770 5400 codices:
787 5341 870 5398 illum
885 5341 1006 5399 minime
1059 5345 1314 5401 coarctationem
1328 5343 1434 5426 primo,
1461 5345 1511 5401 ubi
1537 5345 1616 5402 hunc
1644 5360 1775 5416 sensum,
1796 5361 1889 5418 quem

183 5411 307 5462 assecuti
354 5425 472 5466 arianus
484 5414 513 5465 et
527 5411 586 5478 alii,
610 5413 665 5470 hon
687 5413 774 5468 mode
799 5414 894 5486 legere
907 5413 1005 5470 velue·
1061 5415 1207 5487 Pelagiani
1226 5419 1374 5486 proposito
1388 5415 1468 5471 Pauli
1484 5416 1547 5472 inco
1562 5418 1740 5484 tribuebant,
1752 5419 1783 5474 et
1796 5433 1889 5490 quem

183 5484 270 5536 runt:
300 5479 333 5536 iit
356 5481 619 5552 quasiquibusdam
642 5485 768 5542 discussis
791 5487 921 5555 nudibus,
951 5487 1006 5543 cte·
1059 5486 1123 5559 ipse
1139 5491 1166 5542 in
1183 5486 1328 5556 prioribus
1344 5487 1406 5544 suis
1422 5489 1692 5548 elucubrationibus
1712 5489 1806 5546 iuerat
1821 5507 1889 5549 am·

182 5568 246 5638 rem
258 5567 333 5610 orec
346 5553 518 5684 emeterio
528 5551 620 5609 tumen
630 5557 749 5627 credre.
761 5557 901 5618 Eatenus
917 5557 1006 5616 babet
1059 5558 1204 5634 plexatus,
1218 5557 1354 5634 pluribus
1368 5559 1534 5636 impugnet.
1848 5559 1867 5590 '·
