4064 6158
225 272 289 342 m
849 286 881 352 S.
905 284 1060 356 CUSCBII
1084 291 1305 361 HIERONYMI
1851 307 1904 373 280

222 427 286 472 ntur
317 415 349 473 in
391 413 500 475 ἀοιιιιιιι
531 419 714 492 spiritualem,
747 427 872 480 sunctum
920 427 1232 503 sacerdo-Abenique
1247 430 1432 491 manifestius
1446 431 1564 492 eosdem
1575 437 1667 504 notat,
1682 433 1893 501 dicenstiern'cn

151 525 152 530 ¹
226 505 310 574 Eum,
335 505 478 579 offerentes
501 512 659 582 spirituales
682 514 815 582 uictimas,
839 531 889 586 por
912 517 1051 574 Christum
1103 521 1176 576 enim
1192 523 1223 576 in
1236 524 1391 579 nouissimis
1405 524 1500 581 str'cbus
1515 526 1641 582 illusores
1653 527 1810 598 seducentes,
1824 532 1904 602 iuntn

225 593 374 652 binium
400 601 526 654 nostrum
554 600 633 670 (ibid.
662 602 696 656 13
717 603 801 674 seqq.)
817 603 869 659 tt'os
897 607 972 660 enirn
1001 623 1050 662 su·
1102 612 1216 680 propria
1244 611 1378 668 desideria
1405 615 1574 670 ambulantes
1602 614 1638 687 (tt
1665 617 1735 672 Petr.
1766 634 1804 686 ιιι,
1830 621 1907 689 3),ει

227 698 289 740 mus
302 700 389 753 qcuus
411 687 525 742 electum
539 689 635 758 rcqalc
648 691 839 758 sacerdotium,
863 709 929 763 qens
943 699 1048 762 sancta,
1105 703 1218 754 coetera.

225 773 344 846 populus
376 777 574 846 acquisitionis.
610 777 733 835 Christus
769 797 818 852 pro
859 783 936 838 nobis
967 799 1050 839 cuine
1138 787 1183 842 lb.
1209 787 1353 845 Monachus
1383 792 1515 847 totiacus
1544 792 1621 849 canis
1650 801 1780 850 reuertens
1808 793 1841 850 al
1866 811 1907 852 oo·

228 868 353 918 mortuus
383 871 430 918 εει.
464 865 608 921 Ανιιιειιιιιν
641 868 735 924 entem
766 861 970 928 coniersntionc
997 889 1050 944 qua
1102 878 1210 932 ruitum.
1244 879 1339 933 Tribus
1361 881 1427 935 toci
1447 896 1496 952 pro
1518 883 1594 936 tribu
1621 883 1680 937 tion
1701 885 1794 953 posito.
1819 883 1908 940 bunnia

229 947 361 1020 Christus,
376 955 507 1023 quoniam
521 955 569 1026 qui
582 971 679 1026 passus
692 965 731 1014 cst
745 959 773 1013 in
799 976 891 1028 carne,
919 963 1050 1033 quicoito
1104 980 1186 1036 opero
1209 967 1365 1039 imperfecta
1388 969 1448 1024 sinc
1474 971 1603 1040 peritate.
1633 972 1759 1027 haretici
1789 971 1909 1028 damnant

225 1047 349 1108 peccalo,
369 1044 399 1096 ul
421 1058 592 1114 nequaquam
616 1047 646 1100 in
667 1045 813 1103 desideriis
836 1049 988 1118 hominurn,
1004 1052 1050 1107 secl
1103 1055 1239 1125 conjuqia.
1256 1058 1376 1113 Ecclesia
1390 1057 1487 1126 probat
1501 1063 1529 1114 et
1543 1059 1691 1130 dispensat.
1709 1089 1742 1100 -
1763 1059 1909 1132 Descripsit

226 1125 258 1181 in
270 1127 412 1185 uoluntate
425 1130 483 1198 oei,
491 1132 628 1204 reliquum
644 1136 674 1190 iu
688 1152 770 1192 corrue
784 1141 886 1210 ternpus
896 1141 1048 1211 uniquus«.
1104 1158 1200 1198 sermo
1225 1144 1404 1215 apostolicus
1427 1145 1615 1202 turinianum
1643 1145 1805 1219 toquentem
1820 1146 1908 1203 buccis

226 1218 333 1291 Sufficit
347 1222 420 1276 enirn
439 1221 517 1278 nobis
536 1227 705 1296 preteritum
721 1233 825 1298 tompus
848 1230 1050 1301 suaquarta
1103 1231 1286 1288 tumentibus
1306 1237 1334 1288 et
1348 1234 1448 1289 initulis
1462 1235 1550 1290 verbe
1560 1233 1761 1305 trutinantem,
1773 1235 1910 1307 repromit-

225 1307 427 1366 ombulauimus
440 1311 949 1390 inluntriisetclesiclcriiscoolerisque
962 1321 1047 1374 uitiis.
1103 1322 1212 1374 tentem
1236 1320 1265 1375 in
1290 1321 1371 1378 coelis
1395 1321 1573 1392 libertatem,
1598 1339 1665 1379 oum
1687 1323 1748 1395 ipss
1770 1339 1865 1378 servus
1878 1323 1912 1378 sil

225 1397 347 1454 Grandia
361 1399 438 1456 nobis
455 1404 483 1457 et
509 1405 628 1474 pretioso
656 1406 828 1473 oirqinitatis
853 1408 1049 1477 promissorio·
1103 1406 1238 1464 vitiorum
1264 1410 1309 1480 [rit
1333 1411 1542 1482 corruptionis]
1565 1415 1654 1483 etque
1673 1411 1815 1479 luxuriet,
1838 1411 1911 1468 cunis

223 1488 311 1554 navit,
327 1495 359 1543 ul
369 1490 661 1564 perhancesficiumur
671 1493 776 1552 diuinos
785 1503 920 1551 consortes
931 1499 1046 1562 nnuree,
1103 1499 1449 1556 reverteusndvomitum
1464 1516 1561 1556 suum.
1577 1500 1650 1556 Nem
1675 1501 1752 1556 801
1774 1515 1838 1554 cum
1855 1515 1912 1555 mo·

223 1576 361 1648 {uolentes
374 1581 449 1633 enirn
476 1595 535 1650 quar
564 1582 594 1635 in
622 1581 723 1638 munio
747 1589 786 1639 est
804 1586 1049 1658 concupiscentiam
1102 1585 1908 1664 nuchumessesejactitet:etpostsordidumtuniosm‚

223 1667 409 1737 corruptionis
424 1667 448 1739 <t
459 1673 535 1724 Petr.
552 1687 582 1740 ιι,
597 1671 614 1726 9
627 1685 698 1744 seqq.
713 1675 734 1742 )‚
750 1674 829 1731 Nooit
843 1675 974 1731 Dominus
987 1677 1047 1747 pios
1101 1678 1130 1730 et
1142 1675 1237 1731 nudos
1247 1676 1344 1748 pedes,
1356 1675 1535 1732 etoibarium
1544 1692 1663 1749 penem,
1674 1681 1702 1733 el
1716 1693 1793 1749 aque
1807 1681 1911 1750 potum,

123 1767 126 1776 ’
224 1751 257 1810 de
271 1755 420 1812 tentatione
431 1759 545 1830 cripere,
557 1767 582 1815 ει
592 1761 699 1832 iniquos
709 1763 870 1820 cruciandos
881 1765 993 1822 iniliem
1003 1783 1086 1859 re-B
1102 1764 1138 1818 ad
1154 1764 1312 1820 candidus⁸
1326 1769 1421 1821 vestes
1435 1765 1488 1837 [ct.
1505 1765 1662 1821 candidum
1678 1765 1805 1837 vestem),
1828 1769 1855 1821 et
1871 1763 1912 1818 ni·

224 1857 334 1900 surore
343 1845 454 1917 judicii,
468 1849 609 1920 principue
617 1852 714 1923 eosqui
719 1857 893 1923 postcorncno
907 1857 936 1910 in
946 1855 1047 1911 desicie-
1101 1850 1191 1907 tidem
1208 1857 1315 1919 cutem,
1331 1855 1368 1909 ad
1385 1853 1513 1910 mulsum
1527 1859 1556 1910 st
1570 1853 1735 1911 elaboratas
1757 1869 1862 1921 carues,
1881 1855 1912 1906 so

225 1931 277 1989 riis
290 1933 451 2006 pollutionis
477 1938 620 1995 ambutant
643 1947 668 1994 ει
687 1939 885 1999 dominationes
894 1943 1048 2016 despiciunt
1098 1941 1167 2012 jnra
1188 1941 1277 2028 Apitii
1301 1947 1330 1997 ot
1350 1943 1467 2000 Pexami
1492 1943 1546 2014 [Al.
1571 1943 1720 2014 anumis]
1748 1943 1784 1998 ud
1804 1941 1914 1998 balneas

224 2020 341 2098 audncn
355 2031 381 2079 ει
393 2040 527 2096 procaces.
544 2028 595 2083 tsti
606 2030 681 2084 enirn
694 2033 775 2101 quasi
789 2033 993 2090 irrationabilia
1002 2035 1048 2106 ju·
1101 2044 1219 2101 quoquo
1234 2045 1267 2085 nc
1281 2029 1461 2087 tricticulns⁵
1476 2032 1530 2102 [Al.
1548 2031 1689 2103 iritillash
1704 2036 1733 2089 et
1755 2031 1872 2104 popinas
1886 2045 1914 2086 ss

223 2113 317 2168 unua
331 2114 361 2168 in
376 2122 498 2170 uentrem
512 2124 537 2170 et
546 2116 690 2173 libidinem
694 2121 778 2189 proni
788 2128 861 2186 sunt,
875 2121 1048 2192 blopbenrnn-
1101 2117 1240 2186 conterat,
1257 2117 1447 2174 menifestum
1463 2124 1508 2176 est
1531 2121 1609 2192 quod
1628 2124 1738 2176 terrem
1759 2118 1837 2188 creto,
1852 2117 1915 2175 sitia

223 2207 273 2270 les,
286 2201 336 2272 qui
349 2205 375 2256 ει
388 2203 419 2257 in
428 2205 601 2274 corruptione
609 2221 663 2261 sua
675 2211 893 2280 corrumpantur,
906 2211 1048 2283 recipient-
1100 2205 1269 2273 virtutibus,
1286 2210 1437 2263 νιιιιιιειιι8
1452 2207 1721 2280 praeieretChristo‚
1730 2214 1914 2281 etpurpurum

224 2288 1047 2369 quemcrcetleminiquitutisluxurium:quipulantdclicins
1101 2294 1206 2351 coloris
1221 2297 1285 2366 ejus
1306 2301 1388 2368 putet
1412 2313 1501 2370 regna
1521 2297 1673 2356 ooelorum.
1702 2299 1738 2353 ut
1759 2301 1852 2353 temen
1865 2295 1915 2352 iste

222 2377 479 2449 centunculum,
501 2380 602 2449 sortes,
628 2386 653 2437 ct
676 2387 807 2453 maculas,
833 2390 859 2441 et
882 2387 955 2443 nituit
970 2389 1047 2445 atino
1101 2383 1711 2454 formosusmonachus‚ornssus,nitidus,
1724 2385 1914 2450 dealbetus‚et

221 2465 325 2522 ruste
352 2467 537 2539 uoluptatibus
565 2473 720 2542 reprecans.
752 2473 806 2542 qne
833 2474 933 2532 tracen
957 2479 1047 2534 oristas
1101 2472 1186 2544 quasi
1202 2489 1328 2545 sponsus
1341 2489 1455 2546 semper
1470 2475 1617 2544 incedens,
1634 2478 1688 2530 aut
1698 2489 1815 2530 uxorem
1825 2473 1915 2537 uncas,

219 2545 314 2628 plenos
328 2555 465 2612 adulterio
481 2565 507 2612 et
521 2559 676 2615 insatiabili
705 2561 832 2630 libidine,
858 2569 885 2620 et
906 2567 1047 2638 decipiunt
1101 2564 1134 2618 ut
1148 2561 1288 2634 aqualem
1304 2562 1500 2635 virginitatem
1516 2562 1626 2635 nuptiis
1638 2564 1744 2635 probel
1755 2579 1762 2619 ι
1774 2561 1854 2618 uulsi
1864 2577 1915 2616 non

222 2641 331 2698 animus
344 2644 460 2699 modurn
474 2644 577 2701 Christi
601 2647 734 2705 charitate
760 2651 893 2708 robustus.
919 2657 1046 2726 Loquon-
1102 2651 1226 2717 duxerit,
1243 2651 1351 2708 trustra
1363 2657 1465 2708 contre
1480 2668 1533 2708 nos
1549 2652 1645 2708 verbis
1660 2651 1734 2726 ugit,
1750 2667 1816 2708 cum
1838 2665 1917 2723 opere

224 2737 270 2786 tur
283 2733 357 2787 enim
371 2735 454 2788 uerba
466 2735 600 2789 tumentia
624 2743 650 2790 ει
675 2737 793 2794 intactos
815 2742 898 2811 iucile
913 2743 1048 2801 illecebris
1102 2739 1255 2794 nobiscum
1271 2739 1318 2795 sib·
1335 2739 1389 2795 Sed
1404 2744 1434 2795 ol
1446 2740 1575 2796 «loannes
1590 2741 1620 2796 in
1634 2741 1739 2797 <ladem
1755 2741 1840 2797 verb&
1854 2755 1917 2795 ⁰⁰¹¹·

225 2819 317 2876 cornis
340 2822 485 2878 irretiunt:
510 2825 729 2890 repromittentes
749 2829 787 2882 cis
807 2829 970 2900 libertatern,
987 2849 1048 2890 cnm
1102 2828 1220 2883 cordat:
1236 2828 1327 2884 Nolite
1348 2828 1463 2900 ditiqere
1485 2829 1628 2897 mnndum,
1653 2845 1743 2903 noque
1766 2846 1798 2886 eo
1820 2843 1878 2900 que
1891 2829 1918 2883 in

226 2907 281 2984 ipsi
294 2911 365 2967 serui
378 2912 507 2967 chiorum
529 2913 586 2967 sint
609 2915 689 2986 atque
711 2915 831 2971 tuauriae
854 2926 879 2974 ct
893 2924 1049 2993 corruptio.
1101 2915 1203 2971 mureto
1217 2924 1289 2972 sunt.
1301 2917 1332 2972 Si
1343 2919 1405 2989 quis
1427 2917 1522 2988 oliliqit
1534 2919 1680 2988 numum,
1709 2935 1767 2976 non
1783 2922 1821 2975 est
1835 2917 1918 2973 chari·

228 2999 289 3058 rrr‘s⁸
305 3001 493 3074 Unusquisque
514 3003 627 3058 enirnei
652 3004 773 3075 subiacet
797 3009 929 3077 passioni,
959 3025 1049 3082 nqun
1103 3010 1145 3059 lat
1169 3007 1260 3060 Patris
1289 3007 1318 3059 in
1341 3023 1380 3060 eb·
1407 3007 1542 3075 Quoniam
1563 3023 1642 3064 omui
1670 3008 1746 3080 quod
1771 3009 1801 3062 in
1827 3003 1921 3061 munio

227 3089 358 3146 vincitur.
387 3090 462 3159 Quod
489 3093 513 3145 si
533 3093 670 3162 sapientes
693 3096 927 3166 coinquinationes
952 3099 1050 3156 nsandi
1102 3097 1143 3149 est
1167 3093 1338 3150 desiderium
1356 3097 1448 3149 cornis
1470 3099 1518 3164 est,
1543 3105 1568 3151 ct
1590 3095 1764 3152 desiderium
1780 3096 1921 3160 oculorum,

222 3202 274 3262 per
287 3183 430 3240 scientiam
452 3181 600 3238 Satuanrn
624 3192 709 3238 nostre
733 3186 795 3241 tcsu
820 3183 929 3254 Christi,
951 3187 1048 3244 iistenr
1064 3158 1085 3225 G
1103 3184 1129 3237 et
1142 3183 1271 3253 snperbia
1284 3183 1366 3252 hujus
1382 3186 1455 3249 crin,
1472 3199 1535 3256 quoe
1549 3201 1604 3240 non
1618 3185 1702 3241 estete
1721 3190 1815 3252 Putre,
1837 3183 1881 3239 set
1894 3183 1922 3282 te

225 3291 338 3332 rursum
365 3275 540 3345 superantur,
566 3289 626 3343 quse
649 3280 712 3328 unte
737 3279 943 3343 superaverant,
972 3281 1046 3346 pnclo
1101 3271 1201 3326 mundo
1215 3273 1237 3343 (t
1264 3273 1342 3328 toan.
1369 3289 1400 3342 ιι,
1419 3274 1450 3328 15
1472 3273 1569 3345 seqq).
1596 3274 1639 3342 ut,
1668 3275 1792 3332 blundus
1806 3275 1922 3346 praelcrsl

215 3373 289 3424 ,mm
315 3367 341 3422 εἰ
368 3363 517 3420 novissim
542 3363 640 3434 pejora
660 3362 810 3434 prioribus.
839 3363 988 3437 Meliusque
1008 3367 1046 3421 eis
1101 3357 1154 3430 [Al.
1168 3361 1328 3431 preteriett,
1344 3365 1369 3416 ct
1392 3359 1558 3417 desiderium
1585 3362 1654 3433 ejus.
1677 3364 1737 3432 Qui
1759 3361 1922 3434 artemincil

222 3462 283 3512 erut
296 3470 352 3511 non
365 3453 527 3510 nosseoiom
545 3451 674 3522 justitie,
698 3467 778 3520 quum
799 3460 859 3522 post
877 3454 1045 3520 anniciorum
1099 3448 1265 3504 voluntatem
1280 3450 1336 3515 Dei,
1361 3457 1453 3505 monol
1475 3453 1505 3506 in
1530 3452 1757 3524 clementiani
1778 3453 1832 3522 17).
1846 3450 1920 3507 tton-

221 3547 371 3604 retrorsum
384 3543 514 3608 concuti,
529 3546 556 3596 ει
571 3540 729 3610 relinquere
750 3547 874 3594 serrolam
882 3541 1044 3598 cunctotum
1098 3536 1194 3622 toturn
1207 3553 1308 3594 nouum
1322 3539 1420 3610 scripsi
1434 3539 1518 3608 uobis,
1543 3540 1617 3610 quort
1637 3545 1675 3595 est
1699 3543 1885 3605 verissimum,
1898 3545 1923 3594 ει

221 3634 292 3707 quod
306 3635 345 3690 eis
367 3631 501 3688 traditum
524 3631 625 3702 [uorat.
650 3629 869 3702 Comptcturnquc
892 3634 931 3686 est
959 3631 988 3686 in
1003 3635 1043 3688 cis
1099 3626 1128 3680 in
1143 3624 1250 3682 Christo
1272 3632 1297 3682 et
1321 3628 1464 3690 innubis:
1491 3629 1556 3701 quin
1579 3630 1703 3686 lcuebree
1716 3631 1919 3702 preterierunt

220 3724 393 3782 vetustinum
406 3719 478 3776 ilinc
491 3718 684 3792 prouerbium:
702 3719 786 3775 Curris
802 3733 924 3774 reuersus
946 3721 981 3774 acl
996 3737 1041 3776 uo·
1096 3723 1121 3770 el
1147 3716 1198 3771 tua
1213 3718 1275 3789 jorn
1299 3718 1370 3774 lucet
1391 3717 1461 3790 (ibid
1485 3718 1522 3790 8).
1544 3718 1578 3772 ut
1599 3734 1742 3774 rursum:
1761 3717 1921 3775 Clarissimi

218 3813 318 3870 mitum
333 3827 425 3876 suum,
439 3817 465 3866 ει
478 3825 526 3865 sus
541 3807 595 3863 loto
620 3809 650 3862 in
674 3805 816 3864 uolutnbro
841 3807 893 3862 luti
917 3807 955 3880 (tt
966 3811 1040 3865 Patr.
1096 3822 1169 3860 nunc
1183 3805 1237 3875 itii
1250 3807 1301 3862 tici
1314 3821 1418 3874 sumus,
1433 3810 1460 3861 el
1487 3806 1603 3862 nectum
1634 3811 1770 3878 apparuit
1792 3805 1858 3880 quil
1877 3809 1919 3876 tu·

218 3915 251 3970 ιι,
265 3888 356 3972 9-22).
372 3896 457 3955 Nolui
472 3911 589 3952 omnem
601 3894 698 3951 locum
714 3895 961 3952 secundaelpetri
977 3899 1042 3971 Epi·
1095 3897 1154 3950 luri
1179 3911 1283 3951 sumus.
1311 3897 1418 3951 Scimus
1441 3903 1542 3965 autern,
1571 3897 1638 3967 quin
1668 3895 1919 3970 cumanorum-it,

218 3989 301 4048 stolae
314 4004 432 4061 ponera,
446 4003 482 4043 ne
492 3985 611 4060 longum
625 3985 759 4052 iacerem,
772 3985 822 4041 sed
834 3989 1039 4044 tantummodo
1094 3984 1198 4038 similes
1212 3986 1239 4040 ei
1253 3985 1379 4040 erimus:
1394 3985 1525 4056 quonium
1539 3983 1691 4040 videbimus
1703 4001 1769 4041 eum
1778 3987 1861 4040 sicuti
1871 3985 1918 4039 est.

218 4077 333 4135 ostendi
348 4075 473 4150 Spiritus
499 4074 592 4131 senati
617 4073 766 4142 vaticinio,
792 4074 882 4146 hujus
897 4077 1039 4150 temporis
1093 4072 1126 4125 Et
1140 4073 1228 4127 umbris
1243 4073 1291 4142 qui
1305 4070 1383 4126 hillel
1396 4073 1466 4127 banc
1479 4089 1565 4144 spem,
1580 4074 1716 4143 castificat
1730 4075 1917 4146 cimitirium,

217 4167 350 4226 doctores
366 4163 422 4239 [ht.
440 4161 599 4234 doctorem]
613 4167 642 4219 et
656 4161 790 4218 heresim
801 4166 1036 4235 praenuntiatam.
1092 4161 1161 4216 sicut
1175 4167 1201 4215 ει
1214 4159 1262 4215 ιἰιε
1275 4167 1363 4216 custus
1373 4163 1413 4215 cst
1427 4161 1451 4231 (t
1463 4162 1541 4217 toan.
1563 4178 1606 4227 ιιι,
1628 4163 1655 4230 2,
1680 4162 1720 4233 3).
1748 4165 1782 4219 tn
1796 4163 1846 4218 hoc
1856 4175 1918 4232 per·

253 4328 261 4362 ¹
278 4327 348 4384 Mss.
364 4326 466 4390 nostri,
480 4325 553 4380 scrut
566 4323 622 4377 sint
641 4305 825 4394 corruptionis
850 4322 961 4393 ubsque
991 4323 1036 4378 in·
1090 4322 1153 4399 turn
1170 4333 1254 4389 porro
1271 4317 1289 4372 h
1305 4316 1497 4399 sitiilnomsm
1513 4319 1631 4402 Paxann
1645 4335 1712 4377 vero
1734 4319 1918 4404 mentionem

215 4398 307 4454 trusis
332 4397 427 4453 verbis
451 4397 583 4451 uitiorum
607 4395 688 4462 atquc
709 4391 851 4448 trrnurioe:
867 4393 987 4448 omnino
1002 4410 1036 4450 ex
1092 4389 1160 4444 iacit
1174 4387 1293 4443 Colnme
1306 4388 1334 4444 la
1348 4389 1422 4444 libro
1437 4391 1472 4447 de
1485 4407 1515 4447 rc
1531 4391 1660 4472 Rustica,
1675 4397 1704 4447 et
1718 4391 1848 4448 Surdus:
1901 4461 1905 4471 Ι

214 4468 312 4524 Graeoo
323 4473 401 4522 textu
417 4464 493 4520 αὐτοὶ
508 4459 603 4518 δοῦλοι
616 4459 784 4535 ineloquens:
798 4467 849 4529 τῆς
865 4463 1035 4539 φθορᾶς,ουί
1091 4461 1147 4515 sori
1172 4461 1210 4515 sil
1232 4464 1330 4514 aulem
1347 4459 1522 4536 ὀψιρτυτικιὶ.
1542 4465 1574 4517 ln
1599 4463 1709 4544 ullquol
1740 4479 1816 4520 mss.
1833 4463 1917 4544 Raxt-

213 4541 242 4594 et
269 4537 413 4606 vulgatus
440 4538 583 4606 interpres
611 4517 747 4589 concinit.
761 4551 764 4556 ·
778 4532 844 4588 Mox
873 4551 907 4590 cx
935 4536 1036 4592 codem
1051 4523 1074 4587 Ι)
1091 4533 1143 4586 mii
1152 4477 1272 4602 iegitur.
1287 4531 1344 4612 ¹Pro
1363 4532 1519 4615 [ruticulas
1530 4533 1652 4615 Crassus
1665 4533 1795 4614 ¹mavult
1809 4533 1916 4616 plutius.

212 4606 310 4666 Graeco
325 4609 477 4666 Sutuotcris
490 4611 557 4662 tesu
570 4603 681 4675 ubsque
695 4605 791 4670 nostri,
816 4609 844 4659 st
858 4604 1033 4679 paulopost,
1090 4603 1173 4658 Certe
1186 4602 1341 4668 Arnobrus,
1358 4603 1409 4658 tib.
1427 4620 1483 4684 vu:
1499 4627 1514 4653 ιι
1531 4605 1618 4686 Quid,
1629 4603 1738 4672 utilius,
1768 4606 1842 4677 quud
1857 4601 1917 4658 iru-

212 4680 299 4750 Quurn
311 4683 371 4754 post
386 4680 513 4736 notitiam
525 4678 584 4749 eins
595 4678 657 4746 post
669 4682 773 4745 terqurn
794 4676 885 4732 redire
906 4686 932 4733 ct
949 4681 1034 4735 retiu·
1090 4689 1181 4753 ruffin¹
1196 4689 1258 4754 qtlffl
1285 4678 1368 4754 sunl¹
1385 4674 1707 4802 pullourudnomrnatp
1726 4675 1776 4800 sDe
1804 4678 1919 4802 prelata

211 4757 465 4882 quitrtir'tiiicbmnens
479 4819 578 4876 tocurn.
592 4816 716 4874 secunda
733 4818 819 4886 Petri,
845 4823 899 4875 etc.
925 4819 965 4878 Do
980 4823 1031 4879 Ce—
1086 4743 1728 4889 top&angeperapesppqped{pppcpcppatpnppssshns
1739 4763 1913 4901 gibuinus.

209 4910 286 4952 none
311 4895 384 4952 dixit
411 4907 500 4965 supra
537 4904 654 4947 omnem
682 4904 745 4944 asse
784 4889 1029 4962 disputationem
1087 4833 1916 4970 legitcurnegitistrititlansedtietrculasvetsrrclrcu·

209 4979 297 5022 conse
321 4971 422 5024 uenter
444 4965 507 5048 ipss
528 4967 557 5018 et
579 4959 750 5018 lovininnus
770 4961 942 5033 Epistolsm=
955 4965 1030 5020 Petri
1086 4958 1137 5015 lus.
1155 4958 1315 5015 Frictsculsn
1330 4976 1394 5015 vers
1410 4961 1608 5016 drounturubs
1622 4958 1914 5040 Hreronymncublnn

209 4983 368 5094 seuunianr
383 5035 578 5093 admittebant
592 5034 622 5089 in
644 5047 786 5088 nunonem
807 5032 960 5088 Librorum
981 5051 1024 5090 su·
1085 5029 1216 5086 ciborum
1233 5029 1398 5086 frictorusn:
1415 5047 1506 5157 Ἥιιε
1522 5031 1642 5103 pulchre
1657 5030 1917 5103 conjungstsrsctr-

209 5109 497 5164 erorum.Mrnr1hn.
1085 5099 1186 5155 culum
1202 5117 1269 5156 oum
1285 5101 1412 5174 popinis.
1618 5173 1623 5184 .
1830 5173 1834 5182 Ι
1863 5171 1868 5181 ·

245 5176 388 5246 'Victor.,
405 5177 473 5233 Cum
497 5179 554 5249 ipse
581 5177 764 5247 corruptionis
793 5175 1030 5245 seronssilotque
1119 5173 1140 5227 ⁴.
1157 5172 1428 5228 Provoceoentrom
1444 5190 1516 5229 mss.
1534 5178 1624 5229 nostri
1654 5171 1755 5244 legunt
1769 5177 1914 5242 oncrprcul

1459 5119 1573 5158 ARTIAN.

208 5245 342 5304 inaurire.
1083 5259 1174 5298 ncrern
1188 5242 1231 5297 vel
1246 5259 1326 5310 cern,
1343 5259 1469 5368 Ἅιιοιιιιιι
1484 5245 1539 5300 etsi
1549 5260 1670 5300 sensum
1682 5261 1738 5299 non
1756 5257 1913 5314 essequor,

242 5316 703 5390 οΗιιειιίριιιιιιῦ.ιιιιιιιιοιί.ιιιι
733 5316 869 5372 Sicinium
894 5316 928 5371 de
951 5315 1027 5371 tovi·
1085 5329 1204 5368 moneor
1219 5316 1317 5368 tamen
1366 5311 1910 5393 sprsvntumhuncesseHiersonymi

206 5387 293 5447 niano
309 5390 432 5461 ejusque
447 5385 616 5442 essentium
633 5388 666 5442 Se
681 5385 946 5470 dolentistintiqno
958 5391 1028 5442 tem·
1083 5381 1199 5463 locum:
1226 5383 1296 5454 qnid
1326 5384 1404 5466 onium
1443 5391 1508 5456 post
1539 5387 1601 5442 hinc
1627 5384 1911 5470 prestecotsslsrrsto,

205 5475 275 5544 poro
307 5477 371 5519 essa
404 5463 575 5522 maceratos,
609 5461 639 5511 et
667 5459 813 5538 propriam
848 5459 1028 5515 ulciscuntur
1083 5453 1732 5541 sibrvntnnthaecntpn.Ctpurpurnrncotorrs
1756 5459 1914 5534 epnsputel

204 5531 343 5590 rn'uriam
380 5528 599 5599 uotidinnisque
614 5526 754 5581 convivus
770 5545 884 5600 usuque
895 5529 1027 5600 luxuries,
1082 5541 1167 5596 reqno
1180 5523 1316 5580 ustorum.
1335 5525 1423 5584 Miror
1437 5529 1497 5584 huo
1513 5545 1529 5584 a
1544 5545 1661 5587 nemine
1679 5529 1829 5586 editorum
1846 5541 1912 5582 anr-

204 5601 215 5660 l
255 5621 335 5666 orem
353 5622 370 5665 a
391 5599 537 5664 atinentiae
547 5595 718 5673 propulsare
743 5597 948 5656 desiderant·
971 5603 1026 5658 No·
1082 5596 1246 5660 mudvsrss.
