4056 6170
77 353 157 441 ttae
517 381 767 449 recusaturo
791 345 927 455 uouit.
950 383 1108 451 antean.
1131 387 1170 452 iv
1193 389 1345 454 cauma.
1699 351 1778 462 tta

74 503 157 565 illitis
172 506 378 582 amplexabitur
390 529 443 568 me.
462 513 555 571 llabct
581 521 609 572 et
625 499 654 572 in
680 517 798 575 sinistra
819 522 848 574 et
870 519 899 574 in
915 519 942 586 Α
957 535 1072 591 spansa
1088 519 1217 577 animam
1233 523 1348 578 beatam
1377 529 1464 596 atquc
1478 525 1635 596 perfectam
1655 546 1719 601 quia
1735 513 1776 587 ci'·

73 599 194 654 dextera
203 615 298 655 sermo
313 599 363 656 Dei
379 600 565 674 sapientiam,
580 621 643 676 quea
660 623 725 660 cum
743 624 794 679 pro
815 605 898 662 intel·
955 607 1013 664 tius
1029 609 1132 676 videat,
1147 611 1233 665 citius
1253 613 1398 669 sermonis
1430 614 1641 686 contempletur
1669 617 1776 675 advan-

71 687 169 742 tectus
183 687 368 744 varietatesit
379 689 575 762 multiplex,in
591 693 755 764 subjacenti
771 711 830 750 una
845 697 898 751 esi.
954 699 1027 768 tarn,
1040 698 1170 770 quaesibi
1183 699 1355 772 sapientiam
1367 701 1481 757 venisse
1498 701 1613 774 sentiat,
1639 709 1667 760 et
1681 706 1775 762 chari·

71 777 139 848 lpse
155 775 289 832 Salomon
307 777 342 834 de
356 776 426 834 lava
439 781 467 834 ei
483 780 600 836 dextera
623 782 775 854 sapientias
802 783 900 839 docuit
954 785 1055 850 tatem,
1086 785 1114 841 et
1140 787 1218 844 dicat
1246 806 1303 844 nan
1331 788 1599 848 vitantibus2urca
1626 779 1670 850 bic
1693 798 1774 853 veuit.

70 865 194 921 dicens:
211 864 361 936 tartpttuda
384 870 469 934 enim,
500 877 526 924 et
548 873 617 924 anai
643 870 707 926 ¹uitae
732 873 761 926 iu
787 872 899 927 deutera
954 873 1039 930 (irate
1056 881 1087 929 ut
1106 877 1134 931 et
1152 892 1205 948 ego
1227 877 1334 949 passim
1357 877 1472 936 dicere:
1494 881 1558 935 dete
1582 879 1627 936 tic
1641 886 1723 938 uenit.
1745 874 1775 940 Si

70 956 143 1028 ejici,
161 955 190 1009 ia
215 955 333 1010 sinistra
359 959 450 1012 autem
478 959 564 1028 ipsius
584 958 691 1016 divitiae
722 965 747 1017 el
774 963 863 1033 pluria
877 963 898 1016 ¹.
954 963 1031 1018 enim
1052 949 1172 1036 potuero
1183 965 1233 1020 Dei
1245 966 1385 1023 disserere
1396 983 1546 1024 sermones
1561 969 1777 1041 quodammado

72 1042 166 1116 igitur
179 1041 250 1098 lava
265 1045 329 1114 ejus
344 1045 399 1101 sub
411 1045 503 1115 capita
526 1063 601 1116 mea,
627 1053 659 1102 ut
675 1049 760 1105 iaciat
784 1050 900 1122 requie·
953 1055 983 1107 et
996 1068 1049 1124 ega
1069 1053 1184 1110 dicam:
1204 1057 1269 1111 Eece
1284 1055 1328 1111 trie
1342 1057 1423 1112 uenit.
1438 1056 1522 1121 Otia?
1536 1057 1597 1112 Nan
1613 1059 1712 1133 utiquc
1728 1061 1777 1117 ubi

72 1137 208 1199 scers,ct
224 1133 375 1188 brachium
392 1134 492 1206 sponsi
511 1137 562 1191 liat
584 1137 705 1192 cervical
735 1155 843 1203 meum,
870 1143 899 1194 et
953 1139 1048 1209 vallis,
1070 1158 1127 1197 non
1149 1140 1197 1197 ubi
1219 1141 1343 1198 humilia
1369 1141 1441 1200 loca.
1464 1145 1524 1210 Quo
1544 1147 1651 1202 venit?
1671 1148 1779 1206 Salieus

69 1223 232 1278 reclinetur
246 1223 350 1298 animae
367 1223 528 1296 principale
543 1241 632 1297 super
655 1242 819 1282 sermonem
839 1228 896 1284 Dei.
951 1244 1033 1300 super
1047 1229 1326 1296 mantes,traasitieus
1339 1249 1422 1304 super
1434 1231 1527 1288 ealles.
1540 1233 1568 1290 Si
1582 1233 1671 1291 tueris
1681 1252 1777 1306 mans,

70 1311 222 1382 laumejus
235 1311 284 1366 sab
304 1313 392 1383 capite
406 1327 475 1368 mea.
492 1313 554 1368 Nan
578 1314 694 1386 expedit
717 1315 767 1370 tibi
792 1316 898 1373 habere
952 1316 1020 1372 salit
1034 1316 1064 1372 in
1085 1323 1112 1372 ts
1131 1335 1226 1374 sermo
1247 1320 1306 1374 Dei.
1319 1321 1347 1376 Si
1374 1338 1428 1376 nan
1450 1316 1577 1378 valueris
1597 1340 1660 1380 asse
1680 1342 1777 1395 mans,

71 1399 228 1457 cervicalia
243 1415 307 1472 qua
322 1398 493 1491 lamentatio
519 1408 668 1474 sequatur.
694 1403 726 1459 ln
751 1405 898 1460 Ezechicle
953 1407 1002 1461 sed
1023 1406 1112 1461 lucris
1123 1407 1215 1478 collis,
1227 1409 1374 1464 secundus
1385 1427 1401 1465 a
1412 1415 1520 1481 monte,
1534 1411 1778 1488 transilietsuper

69 1491 299 1561 scriptumest:
316 1489 358 1544 lae
378 1491 413 1545 iis
436 1505 496 1562 aaa
523 1497 658 1547 rarescunt
684 1494 830 1549 cervicalia
849 1491 897 1549 sat
954 1498 991 1549 ta.
1021 1495 1113 1560 Quam
1130 1513 1195 1552 vero
1211 1495 1334 1568 pulchra
1346 1502 1374 1553 ct
1383 1499 1584 1555 convenientia
1595 1501 1682 1558 rebus
1692 1519 1776 1561 vaca·

70 1581 149 1636 amai
170 1579 264 1634 cubita
287 1580 417 1635 maa-ast
450 1579 514 1634 Noli
550 1596 691 1637 consuere
734 1581 896 1650 cervicalia,
953 1581 1041 1637 bula!
1073 1581 1147 1638 Salii
1175 1600 1263 1656 saper
1291 1591 1415 1652 mantes,
1448 1586 1516 1658 quia
1537 1589 1662 1661 majoma
1686 1597 1774 1654 sunt:

73 1665 135 1724 noli
152 1666 232 1738 capiti
248 1665 367 1723 aliunde
383 1668 513 1740 requiem
530 1686 668 1741 quarere,
696 1671 770 1726 habe
796 1671 897 1744 sponsi
952 1669 1081 1727 transilit
1106 1687 1195 1744 super
1223 1671 1321 1745 calles,
1352 1675 1422 1747 qaia
1450 1675 1579 1731 minares
1605 1682 1683 1733 sunt.
1712 1679 1776 1738 Nan

77 1755 349 1828 laevamsubcapite
365 1761 425 1824 tua,
447 1761 475 1812 et
502 1757 566 1813 dia:
584 1761 666 1814 Luca
693 1760 751 1832 ejus
778 1761 827 1815 sub
852 1777 898 1816 ea·
952 1758 1080 1815 transilit
1096 1777 1184 1832 super
1197 1765 1321 1834 mantes,
1340 1779 1396 1818 nan
1413 1763 1481 1819 salit
1496 1780 1583 1836 super
1596 1764 1694 1822 calles.
1712 1768 1777 1824 llaec

69 1847 130 1916 pite
144 1861 220 1912 mea;
239 1861 329 1918 quam
339 1861 405 1900 cum
420 1843 671 1914 habueris,amnla
679 1847 731 1903 tibi
748 1865 813 1921 quae
829 1854 898 1905 sunt
913 1881 937 1948 B
953 1849 998 1904 liic
1021 1850 1095 1905 venit
1126 1850 1230 1905 salicus
1257 1867 1340 1922 super
1374 1857 1486 1916 mantea,
1514 1855 1674 1910 travisilieas
1696 1842 1779 1929 super

67 1935 97 1989 in
119 1932 191 1990 laeva
206 1933 466 1990 tribuunturllicis
477 1935 586 2008 quippe
603 1952 609 1992 :
626 1937 782 1994 lusiaistrc
796 1937 899 2009 ejatstli·

66 2027 147 2080 vitiat
161 2027 187 2080 et
201 2024 302 2094 aleria,
317 2031 342 2079 et
352 2023 464 2080 deutero
474 2026 530 2096 ejus
540 2025 743 2096 amplexabitur
754 2026 893 2084 tab-ut

65 2127 122 2168 rue.
141 2110 250 2168 Totum
266 2117 294 2168 te
309 2112 408 2186 sponsi
434 2111 552 2168 dextera
580 2113 797 2188 complectatur.
823 2115 896 2171 Lan-

64 2196 174 2276 gituda
191 2202 299 2275 quippe
313 2205 341 2256 et
357 2199 425 2257 anni
437 2201 501 2256 vitas
518 2200 548 2257 in
561 2203 677 2259 dextera
688 2204 765 2274 ejus:
778 2206 806 2259 et
816 2204 852 2259 ab
867 2205 894 2260 id

64 2292 248 2364 longaevitas,
260 2296 288 2346 at
302 2289 462 2346 multarum
474 2289 588 2346 dicrum
604 2291 662 2346 eris
677 2307 766 2364 super
791 2297 896 2348 terram

63 2382 177 2436 bonam
191 2393 280 2452 quam
295 2378 437 2435 Dominus
448 2377 524 2434 Deus
540 2383 609 2435 tuus
621 2381 671 2436 dat
683 2380 746 2436 tibi.
759 2380 899 2453 Adjuraai

63 2487 127 2534 aas,
143 2467 401 2542 filiaellieiusalem,
430 2469 460 2522 iu
482 2469 635 2536 uirtutibus,
660 2474 686 2524 et
704 2470 810 2525 atritas
824 2472 896 2541 apri.

62 2557 144 2625 Qvaid
163 2547 279 2628 adjurat
291 2573 400 2629 sponsa
416 2556 491 2611 illias
507 2556 717 2613 Hierusalem?
736 2557 767 2613 st
792 2557 897 2613 leuaue-

61 2649 145 2713 ritis,
160 2648 186 2702 ei
200 2645 395 2700 suscitaveritis
414 2646 584 2701 charitatem.
615 2646 749 2712 Quandiu
770 2646 898 2702 charitas

61 2735 180 2791 dormit
196 2734 226 2789 in
241 2733 335 2800 vobis,
351 2750 367 2788 ο
383 2731 448 2788 lilia
464 2732 680 2802 Hierusalem,o
696 2732 896 2791 adolescentu-

60 2824 107 2890 lae,
128 2839 195 2895 quic
210 2821 240 2878 in
256 2838 303 2877 me
324 2838 381 2877 non
410 2821 528 2888 dormit,
553 2821 622 2894 quia
649 2821 800 2879 vulnerata
830 2841 895 2880 sum

59 2910 237 2968 charitate?
252 2912 283 2966 ln
297 2909 380 2966 vobis
392 2914 488 2965 autam
505 2925 568 2982 qua
580 2909 678 2983 plures
688 2912 771 2982 estis,
788 2915 816 2967 et
830 2914 897 2968 ada-

58 2997 248 3065 lascentuta,
274 3003 303 3054 et
321 2995 387 3053 fitia
410 2997 602 3065 Hierusalem,
632 2999 740 3056 dormit
767 2999 896 3057 charitas

58 3089 178 3163 sponsi.
192 3087 333 3159 Adjuravi
345 3103 484 3160 organas,
502 3086 566 3143 tilia
585 3087 775 3153 Hierusalem,
803 3089 827 3144 si
852 3089 895 3146 le-

951 1937 1040 1994 ealles.

988 2027 1000 2082 l
1008 2027 1033 2082 1.
1049 2026 1132 2082 Vars.
1155 2029 1184 2085 9.
1214 2028 1320 2085 Similis
1343 2033 1382 2086 esi
1402 2031 1547 2102 fratruelis
1569 2049 1646 2089 metu
1660 2049 1775 2107 caprea,

952 2115 1129 2172 autltiaaula
1142 2133 1283 2173 ceniarum
1304 2119 1334 2174 ia
1358 2118 1495 2176 mantibus
1520 2121 1622 2178 lletltel.
1642 2123 1704 2178 llaec
1718 2125 1776 2193 dua

952 2203 1092 2260 animalia
1106 2202 1134 2258 in
1151 2205 1310 2280 Scriptnris
1331 2207 1512 2280 frequentius
1528 2209 1717 2266 nominantur
1728 2230 1735 2279 ;
1747 2216 1777 2268 et

953 2309 1011 2364 qua
1027 2292 1155 2364 amplius
1171 2292 1335 2362 admiraris,
1354 2294 1461 2367 sapius
1472 2295 1577 2364 ‚juncta
1613 2301 1772 2370 ponuntur.

952 2382 985 2436 Et
999 2381 1054 2435 liae
1068 2385 1142 2448 suat,
1159 2381 1209 2450 ait,
1226 2398 1287 2454 quae
1298 2381 1476 2438 manducabis
1488 2385 1517 2454 ¹¹,
1542 2389 1607 2456 past
1621 2371 1774 2459 paululum

952 2467 1080 2524 intereas
1096 2485 1231 2540 capream
1248 2475 1276 2525 et
1299 2487 1427 2526 cervum.
1456 2471 1485 2526 ln
1511 2473 1645 2544 praesenti
1659 2491 1775 2548 quaqua

952 2557 1026 2613 libra
1043 2557 1151 2630 pariter
1165 2557 1334 2614 nominatur¹
1349 2576 1450 2614 cervus
1466 2566 1493 2615 at
1504 2577 1616 2634 caprea.
1632 2561 1775 2628 Quadam·

940 2645 1039 2715 ¹moda
1055 2645 1133 2701 enim
1148 2651 1272 2718 cognata
1287 2645 1342 2703 sibi
1358 2651 1438 2716 sunt,
1453 2653 1482 2703 et
1494 2649 1587 2705 vicina
1600 2649 1774 2709 istaauima·

952 2733 1000 2790 lia.
1017 2736 1137 2808 Caprea,
1155 2734 1181 2788 id
1198 2738 1243 2790 est
1259 2735 1372 2804 dorcas,
1389 2738 1559 2794 acutissima
1570 2735 1657 2795 videt.
1669 2743 1775 2798 Cervus

951 2821 1118 2879 interlector
1133 2828 1302 2896 serpentum
1318 2828 1371 2880 cst.
1387 2825 1457 2890 Quis
1473 2833 1558 2896 putas
1574 2833 1618 2884 est
1637 2818 1775 2900 dignust'a

953 2912 1047 2984 nobis,
1068 2911 1118 2984 qai
1141 2913 1224 2983 juxta
1255 2912 1427 2986 dignitatem
1458 2914 1619 2988 iaciatque
1643 2915 1774 2990 mysterii

952 3000 1067 3073 plenam
1085 2999 1178 3072 possit
1192 3000 1336 3075 explicare
1351 3003 1516 3059 rationem?
1540 3004 1663 3062 Oramus
1676 3005 1774 3063 [lomi-

951 3106 1034 3160 num,
1056 3094 1088 3145 ut
1116 3088 1200 3146 nobis
1229 3088 1371 3164 largiatur
1398 3107 1520 3149 sensum
1540 3093 1576 3148 ad
1600 3078 1774 3166 aperiendas

56 3177 212 3243 voveritis,
223 3181 319 3234 ciaon
334 3176 430 3233 solum
450 3174 623 3248 levaveritis,
640 3178 689 3234 sed
717 3181 746 3233 et
769 3177 892 3234 suscita·
951 3175 1127 3249 Scripturas,
1149 3181 1178 3232 et
1197 3176 1345 3248 possimus
1361 3163 1475 3238 dicere:
1492 3181 1642 3245 Quomodo
1658 3178 1773 3254 aperuit

57 3267 176 3334 veritis,
194 3283 257 3338 quea
272 3264 301 3321 in
316 3265 463 3332 vobiscst,
481 3264 663 3322 charitatem.
680 3269 797 3322 Creator
824 3248 928 3323 uni-G
949 3264 1032 3320 nobis
1061 3265 1148 3321 iesus
1168 3265 1333 3338 Scripturas
1358 3267 1388 3322 ¹¹.
1410 3267 1484 3333 Quid
1509 3267 1622 3340 igitur?
1640 3267 1768 3326 dicimus

55 3353 349 3414 versitatiscumvos
378 3353 525 3423 conderet,
547 3353 672 3409 inseruit
701 3353 729 3410 ln
754 3355 890 3411 cordibus
946 3353 1682 3435 quiadarcaa,hocestcapreasecundumearum
1699 3357 1768 3432 phy·

55 3445 168 3504 vestris
185 3445 299 3500 semina
313 3443 473 3499 charitatis.
490 3442 572 3498 Nunc
588 3447 695 3510 autem,
718 3443 793 3498 sicut
821 3443 890 3499 alibi
945 3431 1097 3514 siolagiam
1109 3442 1158 3514 qul
1171 3442 1206 3498 de
1219 3443 1330 3499 naturis
1344 3445 1475 3500 amnium
1486 3445 1658 3502 animalium
1669 3447 1769 3520 dispu-

57 3535 173 3592 dicitar
186 3549 192 3588 :
205 3533 326 3590 lustitia
340 3530 471 3587 dormivit
485 3531 516 3586 iu
526 3545 558 3586 eo
573 3531 604 3602 ¹¹,
621 3531 662 3586 sic
692 3529 806 3587 dilectio
822 3532 890 3587 dar·
944 3534 1018 3596 tant,
1036 3547 1070 3585 ea
1084 3529 1173 3585 insita
1197 3529 1251 3586 sibi
1269 3530 1295 3586 vi
1308 3547 1412 3588 namen
1423 3533 1577 3606 acceperit.
1593 3533 1635 3588 nb
1646 3549 1679 3590 aa
1690 3535 1768 3591 anim

59 3625 148 3680 mitat
164 3623 194 3678 in
205 3620 289 3677 vobis
301 3619 401 3692 ;juxta
412 3620 489 3692 quod
512 3625 539 3676 et
549 3619 617 3676 alibi
633 3619 758 3676 dicitur:
773 3621 891 3691 Sponsus
946 3618 1022 3691 quod
1040 3618 1155 3674 acutius
1170 3611 1276 3686 videat,
1290 3619 1318 3674 id
1335 3624 1380 3675 ast
1406 3621 1479 3696 napi
1492 3619 1523 3673 τὸ
1554 3619 1637 3690 ὀξέως
1651 3617 1767 3695 dipsas,

59 3713 237 3784 requievitut
259 3709 310 3777 tea,
335 3711 359 3764 el
382 3713 413 3763 ut
442 3710 546 3764 rotatus
567 3709 652 3764 leonis
677 3711 708 3764 ¹¹.
731 3707 834 3764 Adhuc
863 3709 891 3764 in

60 3795 246 3868 inlldelibus,
259 3797 327 3854 etin
343 3797 390 3853 bis
401 3797 449 3868 qui
464 3797 549 3853 corde
564 3802 635 3853 sunt
649 3796 739 3854 dubia
754 3797 893 3854 dormitat

60 3905 166 3946 sermo
184 3887 313 3953 divinus,
328 3885 431 3959 vigilat
444 3885 472 3941 in
490 3886 599 3941 sanctis
616 3903 623 3953 ;
640 3887 816 3942 dermitatin
846 3887 893 3943 bis

62 3981 114 4054 qni
131 3959 362 4049 tempestatibus
373 3973 526 4041 fluctuant,
537 3975 697 4030 suscitatur
709 3991 776 4031 vera
791 3991 892 4030 aarum

60 4069 191 4124 vocibus
202 4063 253 4138 qui
270 4063 393 4136 cupiunt
407 4061 546 4135 vigilante
557 4079 664 4135 spansa
683 4062 798 4119 salvari.
828 4067 892 4119 Sta·

60 4159 118 4215 tim
138 4157 172 4210 lit
194 4171 227 4210 aa
245 4152 381 4226 vigilante
396 4151 605 4224 tranquillitas,
620 4152 719 4208 statim
746 4153 892 4208 undarum

62 4247 160 4303 males
176 4241 400 4316 conquiescunt,
416 4240 567 4314 spiritibus
598 4240 751 4298 contrariis
777 4257 894 4298 cancre·

947 3707 1052 3763 dorcas
1067 3705 1213 3778 appellata
1224 3709 1279 3762 est.
1296 3711 1402 3763 Cervus
1411 3725 1478 3764 vera
1489 3715 1658 3782 serpentum
1670 3709 1770 3766 inimi-

949 3812 1002 3853 cus
1017 3813 1050 3850 aa
1070 3793 1232 3851 debellator
1246 3797 1300 3864 cst,
1313 3795 1354 3851 ita
1369 3795 1513 3870 utspiritu
1535 3797 1649 3853 narium
1661 3814 1711 3854 cas
1725 3813 1771 3854 ex·

947 3885 1044 3940 trahat
1059 3883 1094 3939 de
1110 3883 1251 3950 cavernis,
1272 3888 1300 3939 et
1314 3889 1451 3957 superata
1466 3885 1593 3957 pernicia
1610 3887 1710 3942 tranent
1725 3901 1771 3942 ea-

949 3971 1136 4045 rumpabulo
1170 3971 1338 4030 delectatur.
1360 3973 1491 4030 Forsitan
1525 3974 1656 4031 Salvator
1688 3992 1771 4033 meus

948 4078 1052 4134 capras
1068 4061 1099 4115 lit
1110 4061 1195 4132 juxta
1210 4058 1335 4134 θεωρίαν,
1355 4077 1457 4118 cervus
1468 4064 1552 4134 juxta
1575 4079 1672 4136 opera.
1689 4065 1771 4130 Que-

949 4167 1017 4207 nam
1035 4151 1089 4205 ista
1105 4154 1175 4205 sunt
1185 4147 1292 4223 apers‘l
1307 4149 1446 4207 interficit
1457 4151 1520 4224 ipse
1534 4157 1694 4225 serpentes,
1704 4169 1772 4208 can·

950 4239 1053 4296 tracias
1069 4237 1254 4294 tortitudines
1265 4239 1393 4312 jugulat,
1409 4239 1473 4295 ideo
1489 4239 1584 4296 dicam
1600 4239 1644 4298 ei:
1660 4241 1772 4296 lacau·

61 4339 166 4410 patnr,
180 4333 325 4388 fluctuum
340 4327 435 4386 rabies
446 4328 530 4386 silet:
546 4329 597 4386 illo
612 4329 774 4386 dormiente
785 4334 893 4404 tempe·
948 4329 1050 4385 trivisti
1064 4329 1155 4400 capita
1175 4327 1323 4382 draconum
1343 4343 1425 4401 saper
1453 4345 1547 4403 aerius,
1571 4336 1600 4384 tu
1619 4330 1773 4386 cantavisti

61 4431 139 4490 stas,
158 4425 295 4488 mars,et
333 4419 496 4491 desperatio
512 4419 609 4483 cst.¹¹,
626 4419 726 4490 Adjura
758 4435 826 4492 ergo
849 4435 895 4475 aas
948 4417 1211 4490 capritdraeani.s¹¹.

60 4515 132 4586 filiae
146 4507 329 4580 Hierusalem,
340 4509 370 4562 in
389 4509 537 4564 ciuitatibus
560 4512 584 4563 el
612 4509 642 4563 ia
679 4508 784 4564 uiribus
819 4509 893 4579 apri.
988 4509 1030 4563 12.
1048 4506 1205 4562 similisest
1219 4505 1363 4578 fratruelis
1378 4507 1638 4580 meusaaprete,oet
1657 4507 1772 4566 liiuaula

61 4603 160 4673 Cujus
176 4597 240 4671 agri
255 4595 270 4652 ‘l
284 4595 394 4670 Nempe
408 4595 489 4652 illius
504 4596 662 4670 agripleni,
675 4613 764 4668 quem
779 4589 894 4653 benedi·
910 4611 933 4676 1)
948 4611 1089 4654 cervarum
1110 4611 1192 4667 super
1210 4604 1312 4652 mantes
1334 4595 1429 4653 duatus
1452 4598 1499 4652 liei
1517 4615 1526 4652 :
1542 4595 1639 4654 Batelb
1664 4597 1773 4670 quippe

60 4691 105 4746 xit
123 4688 269 4744 Dominus
281 4687 312 4742 ¹¹.
949 4687 1158 4756 interpretatur
1173 4685 1280 4740 domus
1296 4685 1356 4740 Dei.
1379 4685 1441 4741 Nan
1466 4703 1568 4743 amnes
1592 4689 1707 4742 mantas
1722 4687 1772 4741 da-

99 4781 151 4844 10,
166 4777 251 4832 Vera.
267 4777 335 4844 7,8.
352 4775 382 4830 Si
397 4775 554 4831 levaveritis
568 4781 593 4830 et
620 4776 818 4830 suscitaveritis
831 4775 894 4830 elic·
951 4791 1018 4830 mus
1034 4773 1079 4828 [tei
1098 4777 1178 4839 sunt,
1194 4773 1244 4829 sed
1261 4773 1310 4846 qui
1327 4779 1442 4830 mantes
1455 4773 1587 4830 Ecclesia
1601 4780 1679 4831 sunt.
1692 4775 1774 4830 lave·

61 4872 194 4932 ritatem,
211 4863 299 4936 quoad
319 4879 403 4935 usaue
417 4864 483 4919 velit
501 4879 554 4918 aaa
566 4863 711 4934 fratruelis
738 4866 804 4919 mei.
832 4865 896 4920 Erre
952 4865 1074 4919 niuntnr
1088 4861 1197 4934 quippe
1210 4867 1239 4917 ot
1254 4861 1302 4918 alii
1320 4867 1433 4920 montes
1448 4864 1545 4934 erecti,
1561 4869 1588 4917 at
1599 4879 1774 4936 consurgen-

60 4961 109 5014 tir
126 4959 206 5013 uenit
219 4955 324 5011 satiens
338 4969 420 5026 saper
433 4956 547 5008 montes.
564 4951 628 5007 lico
649 4951 743 5007 adhuc
768 4952 897 5023 loqivitur
950 4957 994 5008 tes
1009 4951 1148 5005 adversus
1165 4948 1318 5006 scientiam
1338 4949 1396 5018 Dei,
1409 4955 1522 5006 uiantes
1534 4951 1731 5026 ,Egyptiarum
1747 4957 1776 5008 et

61 5045 212 5110 Ecclesia,
229 5042 386 5100 exhortans
402 5038 644 5110 adolescentulas,
673 5045 704 5095 ut
732 5041 767 5095 ad
797 5039 896 5112 sponsi
952 5036 1187 5112 Allapbytorum.
1205 5037 1254 5094 Vis
1269 5039 1343 5095 scira
1359 5041 1428 5112 qaia
1443 5039 1549 5095 similis
1564 5045 1608 5095 est
1628 5038 1775 5096 fratruelis

61 5136 273 5208 praeparentur
287 5132 442 5187 adventum
457 5147 463 5198 ;
480 5129 503 5184 si
528 5133 625 5184 tamen
649 5127 746 5184 venire
774 5128 918 5184 valuerit·
952 5143 1035 5184 meus
1050 5143 1170 5198 caprea,
1186 5131 1237 5182 aut
1256 5127 1378 5183 hinnulo
1392 5143 1541 5184 cervarum
1559 5144 1646 5200 super
1661 5133 1776 5185 mantes

62 5231 93 5280 et
111 5219 273 5279 submittis
288 5219 414 5292 prebere
426 5216 615 5290 colloquium.
632 5217 734 5273 Adhuc
749 5217 839 5291 igitur
853 5216 898 5272 lc·
954 5215 1079 5274 Betbel‘l
1094 5219 1160 5272 lisia
1176 5232 1261 5271 mons
1276 5215 1501 5288 ecclesiasticus,
1512 5233 1596 5274 mans
1608 5217 1714 5274 damas
1724 5217 1775 5303 Dei¹

61 5317 235 5386 quenteea,
251 5309 331 5365 venit
344 5323 581 5381 spans11s‚quem
597 5305 688 5379 digito
704 5309 858 5371 monstrat,
870 5309 898 5362 at
952 5309 982 5362 et
995 5304 1091 5362 veniet
1105 5305 1139 5360 ad
1158 5309 1185 5361 te
1205 5321 1331 5377 sponsus
1347 5305 1453 5362 similis
1469 5323 1589 5377 caprea,
1600 5305 1776 5363 velhinnulo

64 5397 599 5468 dicitedreeliietienitsalieassuper
626 5405 737 5453 mantes.
771 5395 899 5468 intellige
955 5406 1106 5450 cervorum
1137 5408 1225 5467 saper
1246 5399 1360 5450 mantes
1386 5393 1496 5451 Betbel.
1520 5395 1616 5452 cernit
1635 5411 1775 5469 sponsum

104 5629 217 5688 ‘Prae
253 5648 295 5700 nr,
329 5631 373 5687 16.
411 5627 537 5686 ¹tizech.
558 5643 620 5697 xvir,
655 5627 700 5684 tii.
740 5629 762 5665 ¹¹
797 5631 888 5698 lsa.r,
921 5628 968 5687 tt.
1007 5625 1272 5698 ¹¹Num.x11v,9.
1312 5629 1334 5665 ¹¹
1353 5625 1456 5703 Mattb.
1476 5645 1539 5689 vm.
1579 5629 1776 5688 ''tlcnmvn

64 5707 92 5746 ¹¹
109 5703 200 5764 Dent.
217 5719 274 5774 nv,
291 5705 317 5760 l.
358 5703 379 5738 ¹¹
395 5703 463 5760 Luc.
479 5718 553 5772 xxiv,
570 5703 614 5760 ³2.
654 5701 676 5739 ts
692 5699 767 5762 Paci.
785 5718 877 5770 cxxiv,
893 5701 938 5768 13,
952 5699 980 5758 t.

235 5829 368 5896 Persas.
389 5829 498 5902 xxtlt,
1578 5827 1617 5898 tii
