4100 6156
145 257 208 341 teri
647 257 1344 341 orsnouoscouralthermiaeos.
1787 250 1854 337 rte

177 409 225 466 m.
254 407 325 468 irco
338 409 393 469 lice
418 415 498 485 typus
522 409 661 470 Scelesta.
691 409 804 467 deauco
837 425 968 466 numeror
982 411 1009 478 Α
1022 411 1168 466 minentur
1181 424 1276 466 onera
1290 407 1336 482 (ea
1350 405 1428 482 virg.
1444 404 1564 481 locoru.
1586 407 1658 479 154).
1670 404 1744 474 Quid
1759 405 1847 466 faciat

145 499 178 556 in
196 491 315 556 Paeimis
329 505 356 557 et
369 501 399 557 in
413 499 576 571 Evangelio.
603 499 708 557 Gradus
724 500 858 556 Scrinia.
886 500 969 556 Nemo
1023 497 1174 571 agricola?
1187 497 1297 554 lirellat
1310 496 1437 553 lolium‘t
1459 497 1516 554 Sed
1543 482 1604 553 tota'
1618 497 1727 570 pariter
1740 498 1848 556 messis

141 593 234 662 potest
246 598 311 647 eote
319 589 424 661 judicii
448 590 520 646 diem
536 589 569 646 de
597 590 756 646 homiuibus
781 589 914 656 indicere.
934 619 969 628 -
1023 588 1170 645 evertitur.
1188 587 1320 654 Quotidie
1341 586 1487 644 industria
1502 586 1652 642 rusticana
1665 601 1732 643 aves
1747 587 1846 644 sonitu

142 679 222 734 Kree
235 677 294 734 Noe
308 678 443 734 Ecclesia
458 681 544 752 typus
567 677 632 745 luit,
661 677 775 734 dicente
802 677 886 734 Petro
899 692 968 749 apo·
1025 675 1125 750 abigit,
1141 676 1321 750 imaginihus
1335 679 1459 733 exterret
1477 693 1483 731 :
1499 675 1569 731 hinc
1584 673 1697 748 llagello
1713 675 1845 750 crepitat,

145 767 225 823 stolo
240 782 248 821 z
263 769 293 823 ln
306 783 373 823 erce
388 769 442 824 Noe
453 769 547 841 praeci,
563 767 647 824 idest
669 775 736 835 oete,
753 768 858 824 animae
883 766 970 822 sotere
1024 764 1092 822 hinc
1101 765 1271 822 formidines
1278 764 1381 821 tendit.
1392 770 1528 821 Attamen
1541 761 1846 837 autvcloces,caprea,

143 855 231 926 lisera
243 859 304 912 mot
315 873 367 929 per
379 871 491 928 equom,
507 857 581 928 osred
594 863 620 911 et
632 871 681 912 nos
707 871 782 912 nunc
795 855 895 911 similis
911 852 967 926 [hl.
1024 857 1075 910 aut
1088 853 1216 911 lascivus
1231 871 1339 927 onager
1350 853 1491 910 incurrit:
1505 853 1572 909 hino
1582 851 1613 926 in
1626 851 1734 910 effossa
1744 851 1848 909 horrca

141 943 285 1017 similiter]
299 946 401 1017 sermm
416 947 552 1013 baptismo
577 946 667 1001 seiros
692 946 763 1015 fecit
790 943 845 1016 [Al.
871 941 969 1015 sociat]
1024 939 1846 1015 muresirumentacomportant,hincterventiagmine⁸

141 1034 170 1106 (Ι
179 1031 255 1090 Petr.
271 1049 314 1100 ιιι,
329 1033 385 1106 till.
403 1031 482 1090 Utin
498 1032 548 1089 illa
570 1033 704 1089 omnium
730 1031 904 1089 animalium
919 1045 968 1104 ge·
1024 1035 1151 1105 segetem
1168 1031 1289 1088 formica
1304 1031 1470 1104 populatur.
1486 1031 1528 1086 lta
1539 1047 1585 1086 res
1601 1047 1632 1086 se
1647 1029 1744 1086 hebet.
1757 1029 1849 1086 Nemo

141 1127 235 1179 dara:
252 1121 333 1178 itaet
362 1122 392 1178 in
421 1121 475 1179 hac
503 1122 708 1179 universorum
736 1123 766 1178 et
793 1121 925 1195 gentium
942 1123 970 1176 et
1024 1136 1145 1178 securus
1160 1135 1263 1192 agrum
1280 1119 1418 1194 possidet.
1434 1119 1601 1176 Dormiente
1626 1117 1847 1192 patrefamilias,

140 1213 263 1266 nicrum
276 1210 413 1267 homines
427 1213 506 1266 sunt.
515 1207 552 1266 Ut
561 1210 602 1266 ibi
618 1209 727 1282 pardus
740 1213 768 1266 et
783 1208 868 1272 hedi,
880 1207 970 1282 lupus
1024 1209 1163 1265 inimicus
1179 1209 1265 1265 homo
1280 1208 1419 1264 zizaniam
1436 1207 1691 1280 superseminavit,
1707 1207 1744 1264 ad
1759 1223 1849 1281 quem

140 1298 338 1372 stagnititu
353 1297 443 1356 ethic
457 1303 486 1356 et
502 1299 577 1372 justi
593 1303 622 1355 et
650 1301 825 1372 peccatores,
855 1297 885 1353 id
914 1299 968 1364 est,
1024 1299 1231 1356 eradicandam
1248 1315 1315 1354 cum
1330 1297 1405 1354 servi
1420 1297 1462 1354 ire
1475 1299 1680 1371 proponerent,
1710 1296 1850 1354 dominus

138 1405 213 1444 vasa
226 1403 318 1445 aurea
330 1391 361 1446 et
382 1391 530 1461 argentea,
560 1403 628 1444 cum
656 1386 762 1460 ligneis
787 1389 816 1443 et
831 1385 970 1442 fictilibus
1025 1387 1184 1462 prohibuit,
1201 1387 1257 1443 sibi
1273 1405 1392 1444 servans
1407 1385 1557 1461 palearum
1580 1389 1609 1442 et
1634 1383 1773 1442 frumenti
1789 1385 1850 1442 dis·

139 1481 375 1534 commorantur.
390 1475 499 1533 Habuit
513 1491 581 1532 arce
595 1475 681 1532 nidos
705 1491 774 1532 suos
787 1491 794 1530 :
807 1474 896 1531 habet
917 1473 969 1530 lle·
1024 1475 1181 1534 cretionem
1197 1476 1300 1549 (dietih.
1316 1477 1378 1548 arr),
1396 1475 1462 1533 llac
1491 1478 1562 1532 sunt
1583 1491 1655 1531 vasa
1678 1474 1727 1530 ira
1742 1479 1771 1530 et
1792 1470 1850 1530 mi·

139 1565 232 1623 etesia
247 1563 393 1638 maumas
407 1564 586 1622 mansiones.
601 1563 672 1621 Octo
687 1565 791 1620 anima
815 1562 969 1620 hominum
1024 1565 1199 1637 scricordiae,
1216 1582 1279 1638 que
1294 1565 1324 1620 in
1340 1565 1426 1621 domo
1442 1563 1491 1621 Dei
1520 1564 1557 1620 ab
1585 1559 1723 1636 Apronio
1740 1562 1850 1636 praedi·

140 1655 260 1711 innrca
272 1647 470 1711 Noaservaiee
498 1659 579 1711 sunt.
604 1654 640 1709 lit
666 1653 755 1709 nobis·
781 1651 970 1708 Ecclesiastea
1024 1658 1128 1722 cantur
1156 1655 1242 1726 (hom.
1273 1671 1302 1710 ιιι
1329 1655 1356 1710 ll
1383 1653 1451 1710 Tim.
1481 1651 1524 1724 ιι).
1555 1649 1660 1708 Veniet
1687 1666 1756 1725 ergo
1783 1649 1846 1710 dies

139 1743 366 1817 (creandjubet
379 1743 450 1800 dere
461 1747 692 1816 pedesseptem,
705 1742 774 1798 dere
785 1744 969 1816 partesocto,
984 1784 1010 1850 B
1025 1743 1154 1816 quaudo,
1170 1742 1307 1799 thesauro
1332 1740 1466 1798 Ecclesiae
1497 1743 1609 1814 aperto,
1638 1740 1764 1813 proferet
1792 1744 1849 1796 Do-

141 1833 171 1890 id
188 1837 244 1890 est.
260 1832 379 1889 credere
394 1832 512 1905 utrique
525 1831 722 1888 Testamenio.
755 1831 820 1887 ldeo
848 1827 975 1903 quidam'
1024 1830 1123 1888 minus
1152 1848 1222 1889 vasa
1249 1831 1309 1898 ire,
1340 1830 1449 1903 quibus
1475 1828 1650 1886 exeuntibus
1684 1827 1778 1887 sancti
1806 1827 1852 1885 di·

140 1921 252 1997 psalmi
262 1932 315 1994 pro
328 1925 424 1978 octauo
437 1921 651 1990 inscribuntur,
664 1925 692 1975 et
705 1936 757 1993 per
771 1924 892 1977 octonos
906 1933 969 1976 ver·
1024 1924 1090 1976 cent
1107 1938 1113 1976 :
1130 1923 1172 1977 Ea
1186 1919 1264 1976 nohis
1279 1923 1417 1987 maroni,
1432 1919 1479 1976 sed
1493 1935 1549 1976 ooo
1563 1921 1643 1975 erunt
1656 1934 1692 1975 ec
1713 1918 1801 1976 nobis.
1818 1920 1853 1976 si

142 2009 665 2084 siss,quisingulislitteriesubjecti
682 2008 794 2076 suntin
810 2008 969 2065 centesimo
1023 2009 1379 2089 enimseiasenteroobb,
1395 2009 1560 2065 mersissent
1590 2009 1684 2081 otique
1710 2008 1852 2064 nobiscum

142 2095 971 2173 decimooctavopsalmojustuseruditur.Beatitudines
1025 2100 1052 2172 (1
1064 2101 1143 2156 loeo.
1161 2115 1191 2167 ιι,
1208 2099 1251 2171 19)
1281 2098 1372 2155 Nemo
1387 2099 1483 2172 potest
1511 2095 1617 2152 Christi
1646 2094 1848 2170 palmamsibi

143 2194 264 2263 qnoque
278 2205 353 2261 quas
366 2184 510 2245 Dominus
524 2187 678 2260 discipulis
690 2187 720 2242 in
732 2191 830 2243 monte
841 2200 969 2259 pronun·
1025 2197 1186 2256 assumere,
1202 2205 1289 2245 nemo
1304 2191 1372 2244 ante
1388 2185 1466 2243 diem
1489 2184 1594 2259 judicii
1621 2186 1656 2241 de
1681 2183 1852 2242 hominibus

140 2279 234 2346 tiana,
250 2275 411 2334 Ecclesiam
426 2275 591 2348 delineavit,
607 2282 671 2332 octo
687 2279 766 2332 sunt.
784 2275 817 2332 nc
841 2273 969 2331 Ezechiel
1020 2277 1164 2350 judicare.
1181 2275 1211 2333 Si
1223 2277 1286 2349 jam
1307 2275 1451 2332 mundata
1473 2278 1518 2332 est
1542 2272 1678 2346 Ecclesia,
1705 2273 1776 2346 quid
1791 2273 1849 2329 Do-

140 2367 171 2423 iri
188 2362 413 2423 aedificationem
427 2364 541 2438 templi,
557 2364 738 2422 octonarium
751 2379 907 2421 numerum
924 2379 970 2418 as·
1025 2367 1105 2423 mino
1121 2364 1329 2423 reservamus?
1343 2366 1444 2420 Estote
1459 2365 1576 2435 rieqaae
1589 2361 1763 2418 videturesse
1777 2361 1851 2434 apoc

140 2453 246 2512 sirmii.
260 2453 414 2527 Multaque
426 2453 483 2510 alie
497 2454 527 2510 in
541 2453 619 2511 hunc
639 2455 761 2510 modum
778 2469 830 2526 per
842 2452 971 2525 Scriptu-
1025 2456 1146 2511 homines
1160 2459 1244 2522 recto,
1259 2453 1410 2509 nouissime
1425 2454 1518 2508 eutem
1532 2453 1591 2523 ejas
1605 2451 1718 2506 veniunt
1740 2451 1770 2505 io
1785 2466 1850 2519 pro·

140 2542 378 2616 cassigniltceta
390 2543 528 2615 reperies.
557 2539 823 2614 limittit'uritaque
842 2541 878 2596 de
904 2555 972 2596 arca
1024 2543 1143 2617 fandum
1159 2541 1369 2614 infernitl‘roo.
1385 2557 1444 2608 xiv,
1463 2539 1517 2610 ll).
1534 2540 1635 2596 lrsaoc
1661 2535 1851 2611 annona'ju·

140 2646 260 2703 cerens,
276 2623 492 2700 etnonredit¹,
508 2636 536 2688 et
564 2635 666 2704 postea
695 2647 795 2704 pacem
824 2633 908 2687 terra
923 2643 970 2684 co·
1025 2631 1104 2700 dicii,
1121 2633 1374 2704 quapotestesee
1389 2628 1650 2686 certasenteutiai

141 2720 248 2778 lambe
262 2718 392 2776 nuntiat.
409 2719 452 2776 lta
465 2719 538 2776 etin
564 2719 741 2793 baptismate
766 2718 909 2788 licclesia,
926 2721 971 2773 te·
1051 2721 1104 2780 2³.
1141 2717 1260 2777 traditio
1301 2717 1508 2776 Ecclesiastico.
1533 2716 1661 2772 liceretici
1698 2715 1852 2789 primitive

142 2807 354 2866 terribioalite
370 2806 501 2880 expulso,
517 2807 607 2864 idest
629 2807 755 2874 diabolo,
772 2813 971 2880 pecemterrm
1026 2810 1163 2867 Ecclesiae.
1192 2807 1319 2864 llaeretici
1353 2805 1521 2865 indecoram.
1548 2805 1679 2862 Haeretici
1704 2805 1735 2860 io
1762 2805 1851 2860 Evoe-

143 2903 252 2954 nostrae
262 2895 401 2954 columba
411 2896 537 2970 Spiritus
548 2895 644 2952 sancti
658 2896 815 2953 nuntiata
830 2896 973 2970 tringinta
1026 2900 1108 2970 ¹aetio.
1124 2929 1158 2938 -
1172 2899 1300 2954 Conatus
1315 2898 1360 2952 est
1387 2895 1492 2950 beatus
1519 2893 1683 2966 Cyprianus
1711 2891 1852 2949 contritos

142 2987 254 3044 enbitis
267 2984 423 3058 incipiens,
439 2989 468 3041 et
484 3000 578 3058 usque
592 2983 628 3040 ad
644 3000 737 3041 unum
750 2983 883 3042 cubitum
900 3002 972 3059 pau·
1027 2987 1107 3044 lacus
1123 2985 1233 3058 iugera,
1246 3000 1296 3040 nec
1311 2983 1411 3040 bibere
1425 2983 1462 3038 de
1477 2981 1662 3055 aquaaliena
1677 2996 1684 3036 ι
1702 2980 1852 3037 etidcirco

142 3075 229 3132 istim
244 3075 428 3141 decrescens,
458 3090 525 3130 arce
553 3074 744 3130 construitur.
773 3073 917 3133 Similiter
944 3079 974 3132 et
1028 3074 1231 3132 hereticorum
1243 3073 1389 3146 baptisma
1405 3071 1575 3144 reprobans,
1605 3071 1641 3126 ad
1669 3068 1853 3142 Stephanum

143 3163 278 3222 necem
293 3161 396 3220 multis
411 3164 552 3238 gradibus
562 3163 739 3235 consistens,
754 3163 790 3220 ed
809 3168 972 3221 extremum
989 3149 1010 3216 C
1028 3167 1099 3221 tuno
1113 3164 1249 3220 liomenae
1265 3161 1348 3217 urbia
1361 3160 1544 3234 episcopum,
1558 3157 1609 3234 qui
1625 3175 1642 3216 a
1669 3159 1754 3216 beato
1769 3157 1852 3215 Petro

143 3253 290 3320 diaconis,
307 3253 498 3326 presbyteris,
526 3252 731 3326 episcopisque
755 3252 866 3311 finitur.
897 3253 974 3310 Peri·
1027 3246 1851 3322 vicesimusseeundus‘iuit,superhacrediricanam

144 3341 247 3398 clitata
258 3337 564 3410 estarcaindiluvio,
594 3340 778 3414 periclitetur
801 3340 972 3399 llcclesiain
1028 3341 1172 3415 synodum
1190 3337 1303 3406 direxit,
1326 3339 1377 3394 sed
1406 3343 1528 3394 conatus
1555 3338 1620 3408 ejus
1649 3337 1757 3394 trustra
1785 3335 1851 3391 tuit.

144 3431 269 3487 mendo.
284 3431 431 3504 Egressus
444 3430 507 3486 Noe·
518 3429 633 3486 vinmm
660 3429 812 3502 plantavit,
825 3435 856 3486 et
870 3430 973 3488 bibens
1030 3430 1158 3502 Denique
1173 3427 1214 3484 illi
1233 3427 1287 3501 ipsi
1304 3426 1444 3500 episcopi,
1461 3427 1510 3500 qui
1525 3425 1749 3499 rebaptizandos
1761 3425 1851 3484 hare·

147 3521 187 3575 ele
200 3527 246 3589 ea,
259 3518 421 3576 inebriatus
435 3523 481 3576 est
496 3537 503 3575 :
520 3522 607 3576 natus
622 3519 779 3593 quoquein
792 3535 880 3576 carne
894 3519 973 3576 Chri·
1028 3520 1101 3576 ticos
1114 3535 1180 3574 cum
1197 3534 1230 3574 eo
1246 3520 1421 3584 statuerant,
1436 3517 1471 3571 ad
1485 3515 1639 3596 antiquam
1665 3513 1853 3574 consuetudi·

149 3609 230 3675 stus,
244 3605 398 3664 Ecclesiam
415 3606 566 3679 plantavit,
582 3610 610 3663 et
625 3625 732 3681 passus
746 3611 799 3664 est.
824 3607 972 3666 Nudatum
1028 3625 1095 3666 nem
1120 3606 1254 3674 revoluti,
1278 3622 1385 3662 novum
1414 3604 1536 3662 emisere
1561 3603 1742 3660 decretumi.
1777 3601 1852 3669 Quid

147 3701 266 3772 patrem
279 3695 369 3753 irrisit
384 3697 480 3769 meJ'or
495 3696 584 3765 filius,
596 3701 626 3752 et
636 3697 734 3752 minor
745 3697 825 3766 texit,
837 3703 866 3752 ct
882 3699 973 3755 Deum
1028 3698 1153 3755 iacimus
1164 3696 1219 3771 [lt.
1251 3694 1405 3766 iaciamus]
1420 3693 1434 3748 i
1447 3694 1488 3748 ita
1502 3696 1531 3748 et
1546 3692 1631 3748 nobis
1657 3692 1783 3763 majores
1800 3707 1852 3747 no-

145 3784 322 3842 crnc‘itianm
336 3785 975 3854 illluseruntiudai,ethonorereruntGan·
1027 3787 1091 3853 stri,
1108 3789 1137 3842 et
1153 3784 1212 3841 illis
1236 3783 1282 3840 sui
1309 3782 1454 3839 tradidere
1482 3782 1619 3854 maj0res.
1642 3780 1698 3837 Sed
1725 3777 1853 3852 quidde

145 3873 224 3931 tiles.
241 3873 310 3931 Dies
320 3887 367 3931 me
382 3875 507 3943 deficiet,
522 3875 548 3931 si
573 3875 673 3931 omnia
687 3891 761 3932 arcae
790 3879 974 3934 sacramenta
1027 3873 1240 3948 posterioribus
1250 3871 1374 3946 loquar?
1387 3869 1535 3944 apostolis
1549 3871 1624 3928 191
1651 3868 1747 3925 adbuc
1772 3867 1851 3942 apud

144 3979 214 4020 cnm
230 3961 361 4020 Ecclesia
374 3979 562 4037 componens,
588 3962 758 4020 edisseram.
784 3963 838 4030 Qui
853 3964 913 4021 sint
928 3964 972 4020 in·
1026 3965 1042 4022 J
1047 3965 1158 4020 udaeem
1173 3960 1280 4018 Christi
1295 3959 1438 4034 sanguine
1450 3959 1570 4030 recenti,
1586 3959 1764 4032 phantasma
1791 3957 1851 4016 Do-

143 4057 190 4109 ter
204 4055 259 4109 hos
274 4049 392 4124 aquila,
408 4051 459 4125 qui
474 4051 616 4111 columba
632 4052 681 4125 qui
695 4051 803 4122 leones,
828 4053 972 4126 sesqui
1027 4053 1098 4110 mini
1115 4068 1222 4125 corpus
1239 4050 1441 4119 asserebatur;
1472 4046 1591 4106 Galatas
1609 4048 1645 4104 ud
1675 4045 1852 4104 observatio·

142 4141 260 4210 coevi¹,
275 4141 328 4214 qai
342 4140 506 4212 vermiculi,
523 4140 574 4214 qui
586 4152 746 4214 serpentes,
761 4142 838 4214 quod
852 4143 889 4199 ad
902 4159 972 4216 pra·
1027 4140 1357 4215 nemlegistraductos,
1386 4135 1544 4210 Apostolus
1573 4137 1680 4193 iterum
1700 4134 1850 4209 parturit;

143 4229 972 4304 sensnegotiumpertinet,breviterexpediam.Nonso·
1027 4230 1195 4288 Corinthios
1211 4226 1455 4286 resurrectionem
1470 4224 1568 4281 cernis
1598 4239 1656 4280 non
1686 4221 1852 4294 eredentes,

141 4319 206 4376 lum
218 4321 248 4375 in
260 4317 392 4376 Ecclesia
407 4323 557 4375 morantur
569 4335 647 4388 oves,
661 4336 714 4376 nec
726 4320 843 4376 munda
856 4324 971 4377 tentum
1027 4320 1161 4394 pluribus
1181 4315 1363 4394 argumentis
1378 4315 1414 4372 ad
1428 4331 1529 4370 verum
1553 4313 1609 4369 iter
1631 4311 1746 4368 trahere
1761 4327 1852 4367 cona·

140 4423 214 4465 aree
226 4405 370 4476 volitant;
386 4405 437 4464 sed
452 4407 633 4466 frumentum
650 4407 680 4464 in
695 4425 753 4481 quo
765 4407 882 4478 seritur,
899 4411 973 4467 inter
1026 4415 1083 4468 tur.
1096 4411 1179 4466 Tunc
1194 4409 1294 4466 Simon
1310 4406 1424 4478 Magus,
1447 4407 1477 4460 et
1503 4401 1661 4460 Menander
1688 4397 1852 4473 discipulus

140 4513 199 4569 pass
208 4497 336 4554 rdtmtia
348 4498 423 4552 cutte
447 4497 589 4569 lappaeque
601 4501 629 4554 et
643 4497 749 4566 tributi,
766 4505 792 4553 et
806 4498 911 4554 surim
924 4498 972 4554 do·
987 4499 1100 4586 pejus.
1119 4497 1170 4554 liei
1186 4513 1217 4555 se
1241 4507 1394 4554 asseruere
1421 4493 1561 4550 virtutes:
1587 4495 1658 4548 tnnc
1686 4488 1828 4547 Basilides
1841 4490 1853 4526 ⁸

179 4691 248 4760 ¹3¹
271 4692 466 4766 Septuaginta
494 4692 687 4766 interpretum
716 4709 816 4765 sensu,
844 4705 891 4752 aba
917 4703 974 4752 avt·
1029 4685 1852 4766 moeliensRomanianotisseriptumolimiuitxarr,

140 4768 264 4830 ΜΨ·
1028 4767 1106 4839 quod
1121 4763 1267 4822 scribendi
1296 4769 1348 4821 aut
1370 4760 1486 4836 legendi
1507 4758 1694 4816 testinatione
1713 4755 1853 4836 librarius

179 4837 288 4895 ’Erat
305 4835 390 4904 Forte
402 4835 620 4908 typothetarum
635 4836 753 4904 mendo,
769 4839 852 4894 servi.
1028 4837 1140 4909 accepit
1154 4853 1206 4908 pro
1221 4852 1316 4891 xxxvi.
1332 4837 1396 4890 uox
1406 4849 1457 4904 pro
1473 4832 1579 4887 direxit
1602 4831 1726 4885 tortasse
1753 4841 1851 4883 venus

176 4903 347 4976 3[ιιιιειιιιί
362 4901 490 4964 editione
504 4909 698 4979 estfreqeenti
710 4909 829 4979 nomine.
1028 4907 1252 4972 editio,iodiecit.
1708 4968 1713 4979 Ι
1739 4967 1746 4978 ,
1811 4965 1818 4978 ,
1902 4961 1906 4971 ,

176 4983 191 5016 ⁸
226 4979 376 5036 Vicesimus
402 4977 546 5036 amorim.
576 4979 607 5034 ln
638 4978 791 5052 posteriori
822 4977 974 5034 chronice-
1063 4977 1293 5036 ilstudabuno
1311 4970 1657 5047 llieronymodiseimus3
1677 4968 1747 5024 alrbr
1773 4981 1852 5022 emm

136 5067 213 5110 rum
230 5049 306 5107 libau
322 5047 449 5132 legimus
466 5067 473 5106 :
490 5049 628 5108 Romane
657 5049 792 5106 Ecclesia
821 5049 975 5122 episcope·
1028 5051 1094 5106 novi
1110 5049 1235 5120 hujusce
1247 5047 1358 5104 Decreti
1374 5045 1553 5124 mentionem
1566 5042 1628 5097 tieri
1649 5039 1760 5123 nullam
1774 5037 1852 5094 iave-

135 5124 311 5188 tumtenet
337 5121 497 5177 vicesimus
526 5121 639 5194 primus
666 5121 774 5178 lucius
806 5136 922 5176 menses
944 5123 973 5187 8,
1029 5121 1194 5192 nias;quin
1211 5119 1317 5190 etipsa
1338 5115 1606 5196 disputatiournter
1628 5111 1854 5196 Dtonatretasnet

176 5255 179 5260 .
236 5187 498 5265 quemvicesimns
525 5192 673 5250 secundus
688 5192 854 5263 Stephanus
881 5207 973 5248 annos
1027 5193 1057 5248 S.
1074 5191 1245 5265 Dionysium
1266 5189 1324 5245 tale
1347 5186 1422 5242 nihil
1449 5186 1567 5258 penitus
1591 5187 1681 5240 novit.
1705 5181 1853 5264 Pemelms

155 5263 544 5335 t;·extentedutrnmque
567 5262 701 5336 Cypriani
732 5261 972 5335 epistolaviee-
1028 5265 1058 5322 S.
1072 5263 1243 5336 Dionysium
1258 5258 1486 5316 Alexandrinum
1501 5259 1606 5311 testem
1631 5255 1721 5328 hujus
1744 5269 1785 5310 rer
1801 5252 1852 5308 ad·

134 5339 259 5396 atmum
272 5333 396 5404 tertium
410 5333 460 5392 alii
476 5335 598 5406 iaciunt.
625 5335 769 5391 Mansuri.
784 5365 820 5376 -
833 5335 973 5406 Comper-
1027 5335 1128 5400 ducit;
1143 5338 1173 5390 at
1186 5348 1252 5388 cum
1265 5329 1390 5386 Beronio
1402 5327 1613 5384 hallucinatur.

135 5415 210 5466 tm
226 5403 348 5464 omnino
363 5409 408 5462 est
423 5401 624 5464 initaratione
651 5405 835 5478 Stephanum
863 5405 973 5478 vigesi—
1062 5405 1221 5460 ⁶,loannes
1243 5400 1469 5459 Damascenusl
1492 5396 1629 5456 Parallel.
1652 5399 1708 5453 ti:
1737 5417 1752 5446 a
1777 5395 1852 5452 Cum

135 5495 230 5538 mam
257 5477 423 5546 secundum
449 5475 547 5536 locum
574 5476 706 5534 obtinere
735 5481 802 5550 post
829 5477 971 5544 Petrum;
1027 5476 1148 5548 impius,
1164 5475 1269 5548 ireqoit,
1298 5471 1442 5529 Basilides
1469 5468 1679 5544 evangelistam
1706 5467 1853 5525 Joennem

134 5549 305 5626 numqui
329 5547 473 5608 bwtehus
496 5539 635 5616 obtinuit,
651 5564 790 5616 errorem,
819 5565 877 5678 spuo
892 5549 972 5621 vige·
1027 5546 1185 5678 elipusndo
1200 5544 1368 5612 salutasset,
1383 5559 1416 5600 ac
1437 5541 1582 5600 dixisset:
1601 5537 1745 5614 agnoscis
1771 5553 1850 5605 nos;

135 5625 244 5683 riusa
261 5623 366 5679 sextus
389 5619 551 5692 dicebatur,
567 5619 726 5679 smemare
750 5636 809 5679 non
847 5619 972 5679 ubitavi·
1026 5636 1067 5678 nu
1091 5635 1108 5678 a
1128 5617 1301 5694 interposita
1328 5630 1434 5674 mors:
1463 5615 1600 5690 &nasce
1621 5615 1662 5681 te,
1683 5605 1782 5684 inquit
1806 5607 1851 5664 vir
