4108 6174
267 345 346 414 leot
1010 343 1221 414 aeenuoix.
1854 353 1907 422 ltu

255 482 365 558 optime
378 482 496 541 verterit
509 481 714 560 Hieronymus.
732 505 746 538 s
778 489 858 544 Hono
882 483 959 544 enini
981 485 1078 556 conis·
1095 498 1119 556 Α
1135 482 1294 542 cultatlbus
1310 481 1449 558 superati,
1474 483 1603 558 imperes
1615 499 1646 543 se
1669 483 1788 560 prebent
1805 493 1906 560 suompte

254 559 366 612 eturam
381 555 497 628 longius
508 573 524 614 e
534 573 600 614 vero
615 558 822 641 abessepalnm
834 557 972 616 evincunt
984 558 1076 630 ipsius
1134 556 1296 613 defensioni
1322 556 1416 613 suncti
1438 556 1617 630 Hieronymi.
1640 555 1710 614 Nem
1725 558 1789 629 quid
1802 563 1869 615 unte
1879 568 1907 617 est

254 627 422 699 Hieronymi
434 629 846 687 contrarieeobservationesin
858 631 1076 702 caputtertium
1131 627 1315 684 difficultatis
1351 629 1379 682 in
1419 627 1546 684 recitatis
1585 629 1861 700 interpretationibus,
1888 637 1908 686 nt

251 698 342 755 leolis
358 699 513 771 prophete,
543 701 592 756 ubi
613 702 790 758 deterrente
810 702 961 774 spinarum
978 702 1020 756 sie
1034 701 1075 756 in·

253 769 348 827 stituit
375 763 621 842 disputationem:
652 795 665 822 «i
694 774 747 828 Pro
775 778 894 830 torrente
920 775 1075 844 spinarum,

173 903 180 918 Ι
253 841 445 914 Septuaginta
460 842 682 910 transtulerunt,
711 848 858 900 torrentem
876 846 1074 916 rulitante-em,

255 913 285 968 id
301 918 345 970 est
359 911 473 988 χοινων.
496 913 577 977 Quod
604 921 655 970 aut
681 916 827 972 funiculos
848 915 1005 988 signifieat,
1026 919 1077 970 aut

248 985 334 1056 juxta
348 984 493 1056 AEgyplios
508 1001 676 1042 mensuram
693 988 762 1044 certi
781 988 903 1054 itineris,
919 986 1075 1042 psalmisto

252 1056 383 1112 dicente:
410 1055 550 1112 semitam
575 1073 681 1124 meam,
703 1065 731 1114 et
750 1060 909 1128 [ianiculum
925 1074 1022 1113 miiuin
1043 1062 1075 1112 ιιι

1131 699 1240 771 lingere
1255 715 1329 824 opus
1349 699 1387 754 sit
1401 698 1444 754 vel
1460 700 1584 756 crimina
1598 701 1627 754 iii
1644 701 1843 772 scripsisset
1854 702 1908 772 igno·

1130 774 1175 825 tes
1191 771 1267 898 sigpi
1280 771 1421 826 icetiones
1437 787 1540 826 vocum
1565 772 1770 827 Hebrearnml
1787 770 1909 828 Solaleetio

1131 841 1196 896 libri
1247 859 1366 898 enesees
1393 857 1456 913 cap.
1481 859 1550 912 xvii,
1576 857 1651 898 vers.
1673 845 1699 914 5,
1715 843 1909 912 obiectionenle

1130 914 1309 996 etymologia
1333 915 1461 968 nominis
1476 924 1580 975 nnana
1595 913 1730 970 Abrabam
1745 913 1842 968 l'utilem
1855 931 1910 984 pror·

1130 1001 1183 1039 sus
1200 999 1232 1039 ne
1263 985 1429 1052 imperitum
1454 985 1645 1039 domonstrat.
1672 985 1728 1040 Nec
1743 984 1846 1040 feliciori
1857 993 1911 1040 sone

1131 1060 1240 1110 cetere
1257 1056 1436 1126 gaudebunt,
1453 1057 1476 1110 si
1494 1072 1540 1110 res
1560 1055 1720 1122 enucleate,
1736 1055 1870 1126 ordineque
1880 1057 1912 1110 le

252 1125 442 1252 investigasti.
471 1129 500 1182 lu
526 1127 589 1184 Nilo
614 1129 691 1184 enim
717 1131 857 1194 lluinine;
883 1131 941 1183 sive
962 1131 990 1183 in
1008 1127 1075 1184 rivis
1131 1127 1190 1182 bilo
1206 1128 1415 1198 expendantur.
1442 1125 1577 1198 Objectes
1600 1127 1689 1200 igitur
1704 1127 1911 1198 interpretationes

251 1198 317 1268 ejus
330 1215 362 1254 so
375 1205 425 1254 ent
440 1215 528 1254 naves
545 1201 665 1255 lenibus
688 1201 811 1264 trabere,
837 1209 915 1256 certa
934 1201 1075 1255 habentes
1130 1199 1172 1253 sic
1188 1198 1324 1252 delendo.

251 1270 357 1341 spotia,
373 1285 437 1340 quie
453 1270 601 1342 appellant
619 1273 770 1341 funiculos:
788 1277 821 1328 ut
843 1271 934 1328 lebori
950 1271 1075 1326 delesse·
1167 1269 1351 1324 Hdisserebet
1375 1273 1495 1324 sanctus
1528 1267 1721 1341 Hieronymus
1741 1267 1812 1322 buno
1824 1267 1912 1322 oense

252 1356 328 1410 rum,
359 1342 486 1396 recentia
510 1342 689 1399 trabentium
724 1344 798 1398 colla
825 1343 993 1399 succedant.
1019 1342 1075 1397 lieo
1128 1341 1304 1396 versiculum
1327 1341 1411 1410 juxte
1434 1339 1912 1464 Septuagintazliecueeebilurettro

251 1411 361 1466 mirum
386 1411 410 1468 si
436 1429 618 1485 unaquaeque
648 1431 729 1486 gens,
754 1421 833 1469 corta
851 1415 964 1469 viarum
980 1414 1075 1484 spatia
1128 1427 1227 1467 nomen
1256 1415 1334 1466 leiim
1360 1411 1478 1466 Abram:
1508 1426 1537 1465 sc
1581 1414 1635 1466 erit
1662 1411 1913 1465 nomentaemlbrr·

252 1483 1074 1555 suiseppelletnominibus:cumetLutinimillepassus
1128 1483 1202 1544 bem,
1232 1484 1298 1553 quio
1323 1490 1430 1553 petrem
1466 1482 1620 1536 inultorum
1656 1485 1777 1552 peritiam
1805 1483 1870 1551 porei
1889 1489 1912 1542 ιι,

250 1559 364 1621 vocent,
380 1559 409 1610 et
431 1555 505 1611 Gelli
528 1555 635 1621 leucos,
660 1561 688 1612 et
712 1557 804 1613 Perse
827 1573 1031 1639 parassengos
1047 1561 1075 1636 st
1127 1563 1219 1636 'pttm
1243 1562 1398 1622 mittitete
1419 1561 1726 1638 :etiamnullum
1750 1561 1820 1616 nint,
1842 1551 1912 1616 idest

251 1626 964 1709 rastasuniverseGermuniagatqnainsingulis
984 1642 1074 1706 norni-
1129 1642 1230 1696 gymy
1259 1657 1359 1696 nomm
1388 1648 1465 1695 mum
1494 1640 1640 1706 peragam,
1661 1639 1914 1710 ‘Infamemque

251 1696 339 1752 'Ubus
364 1697 636 1778 d¹V⁰¹⁰⁸⁸.m³¹¹³¹¹¹'fl
655 1705 708 1781 ,sib
729 1703 794 1754 ΗΜ
818 1707 987 1780 ΡιΡΡῑθιθᾶι,
1003 1713 1075 1768 ΨΜ
1130 1712 1234 1767 terlio-is
1248 1711 1503 1782 pertimescitis:
1515 1717 1604 1781 utque
1615 1710 1719 1765 mutati
1730 1709 1914 1764 nominisratio·

249 1767 371 1822 verbum
386 1769 561 1824 fleblfflffllffl
585 1769 697 1838 Saltim,
717 1775 908 1852 ἓθιιῑῑιθιιιιιῖι
928 1767 1073 1851 fllfflffllQS
1127 1799 1194 1839 nem
1219 1783 1404 1838 manifestam
1429 1781 1534 1837 laceret
1550 1780 1775 1853 lecteri‚lingiie
1790 1780 1912 1851 peregrine

249 1836 474 1892 transtulerunt.
499 1840 641 1894 Ceterum
667 1838 739 1894 nulli
762 1841 886 1896 dubium
905 1845 1074 1902 est.omnia
1089 1854 1231 1926 Bquaeryy
1259 1855 1300 1909 550
1318 1853 1445 1909 auxilia:
1466 1875 1480 1902 α
1497 1852 1716 1908 Dicunyfflyeffi
1731 1851 1913 1920 301„aequ

251 1907 357 2033 quein
375 1909 572 1964 Tabernaeulo
587 1910 636 1965 Dei
653 1910 789 1982 legimus,
812 1913 846 1966 de
872 1910 957 1982 lignis
972 1910 1073 1966 settim
1129 1942 1163 1981 gx
1184 1926 1300 1981 nomine
1320 1941 1373 1980 500
1399 1925 1485 1990 Deus,
1500 1923 1578 1996 quod
1600 1923 1676 1996 apud
1693 1921 1757 1977 ipos
1771 1922 1914 2002 Tempsam.

263 1979 342 2034 uisse
357 1981 501 2062 perlecta:
519 1997 582 2052 que
598 1981 789 2054 Septuaginta
807 1983 990 2054 interpretati
1005 1985 1075 2036 sunt

249 2050 329 2118 liqna
356 2052 551 2120 imputribilia.
582 2052 631 2106 Est
659 2061 756 2108 autem
786 2069 879 2126 genus
908 2052 1019 2108 arboris
1045 2052 1074 2106 iii

250 2136 357 2185 eremo,
388 2120 478 2202 spirim
503 2121 574 2176 albe
595 2121 701 2190 similo,
728 2123 822 2180 colore
854 2132 883 2180 et
907 2123 993 2188 loliis,
1016 2139 1074 2178 non

249 2206 297 2246 ma
321 2191 463 2247 niludine.
488 2192 623 2264 Aliequin
643 2199 703 2250 tum
720 2195 846 2268 grandes
860 2195 978 2250 arbores
994 2199 1074 2258 sunt,

250 2268 283 2318 ιιι
297 2208 442 2344 λλιιεειιιιι
456 2279 490 2318 ex
506 2263 564 2320 illis
576 2266 706 2322 tabulata
720 2267 887 2322 cedantur:
904 2266 1075 2338 lignumque

249 2334 444 2390 fortissimum
468 2339 521 2403 est,
543 2341 571 2390 et
599 2336 778 2392 incredibilis
803 2338 927 2394 levitatis
951 2353 985 2392 ao
1010 2335 1074 2407 pul·

248 2404 433 2485 chritudinis,
459 2405 499 2460 ita
514 2413 547 2462 ut
569 2425 603 2462 cii
619 2409 665 2462 liis
680 2410 768 2464 etiarn
784 2427 853 2464 vase
869 2407 1072 2472 torcularium,

247 2493 310 2548 que
339 2474 451 2549 &persor
476 2483 505 2531 et
527 2474 631 2546 ιηλύις
656 2486 768 2546 vocant,
800 2479 938 2535 ditissimi
964 2478 1072 2550 quique

249 2546 372 2602 studiosi
398 2547 515 2614 iaciant,
540 2565 604 2620 quae
629 2549 709 2620 ligna
731 2552 760 2606 in
789 2551 861 2607 loeis
882 2549 980 2616 cultis,
995 2555 1024 2605 et
1043 2550 1071 2604 ln

249 2618 466 2684 Romanorulm
481 2620 592 2692 ubsque
613 2622 724 2676 Arabiae
745 2621 903 2678 solitudine
918 2639 975 2676 non
993 2621 1071 2676 inve·

249 2689 381 2746 niuntur.
403 2695 465 2745 .l³ro
487 2695 606 2746 torrente
624 2694 823 2764 funiculorum,
844 2693 1071 2764 rememorarem,

248 2760 442 2834 Symmachus
470 2760 678 2834 interpretatus
714 2771 758 2820 est
794 2766 894 2820 vellem
920 2766 1071 2834 spinarum.

248 2832 300 2888 list
320 2837 416 2887 eutem
437 2832 519 2889 locus
530 2837 615 2905 juxte
638 2835 885 2908 Libyadomtrans
908 2851 987 2890 mare
1002 2834 1074 2890 Mor·

247 2907 347 2968 tunm,
360 2907 440 2960 serito
456 2906 492 2959 oli
508 2921 541 2960 eo
561 2905 675 2961 distans
691 2907 838 2973 milliario,
859 2907 908 2962 ubi
924 2906 1073 2978 quondam

248 2991 318 3031 oum
334 2975 498 3031 Modianitis
523 2977 684 3032 fornicatus
708 2985 752 3034 est
778 2978 875 3033 lsrael.
902 2979 995 3048 llujus
1017 2975 1071 3032 loci

249 3061 286 3101 eii
300 3062 425 3118 persono
438 3047 487 3102 Dei
499 3047 633 3103 Micheas
645 3049 784 3120 prophete
795 3048 938 3116 meminit,
953 3049 1053 3103 diceris
1066 3063 1072 3100 ε

248 3116 360 3243 {opole
376 3133 469 3184 mons,
493 3125 650 3188 memento,
675 3137 784 3190 queso,
809 3121 879 3203 quid
904 3119 1074 3191 cogitaverit

272 3205 289 3244 a

248 3259 330 3326 Beer,
356 3260 391 3314 de
416 3259 518 3314 settim
542 3277 637 3332 usque
661 3260 697 3316 ad
722 3262 882 3332 (bulgeium,
903 3277 954 3332 pro
969 3276 1027 3331 qun
1043 3265 1071 3316 et

247 3328 286 3384 ibi
302 3329 490 3400 Septuaginta
505 3330 728 3402 transtulerunt,
750 3331 801 3384 ἀπὸ
815 3336 868 3385 τῶν
885 3330 999 3406 pelves,
1016 3331 1071 3387 hoo

247 3406 301 3462 est,
331 3416 348 3453 a
377 3399 515 3456 funiculis
543 3418 637 3474 nsque
666 3403 701 3458 ad
729 3403 880 3476 Galgolam
905 3407 958 3458 etc.
977 3425 990 3451 o
1008 3403 1069 3458 Non

247 3473 361 3542 poterat
385 3472 569 3528 manifestius
589 3490 673 3528 suani
689 3474 724 3530 de
741 3475 857 3530 nomine
873 3485 962 3534 nimis
978 3473 1073 3529 Sillim

246 3541 290 3598 vel
315 3543 414 3598 Snttim
437 3542 604 3614 opinionem
629 3561 789 3617 proponere
809 3551 928 3602 sanctus
943 3547 1069 3612 Doctor;

247 3629 300 3669 nec
315 3611 440 3670 validius
456 3614 559 3671 tialsem
586 3616 621 3670 de
648 3631 744 3672 errore
759 3617 909 3690 scriptoris
924 3617 1071 3686 conjectu-

248 3700 310 3742 rem
337 3685 366 3740 in
395 3684 518 3742 lectione
545 3689 609 3743 Atel
636 3687 749 3756 Λιιιιιη,
788 3705 838 3759 pro
867 3689 932 3744 Abel
962 3689 1069 3748 aserim.

247 3756 410 3828 explodere.
435 3756 578 3814 Constans
599 3759 718 3830 proinde
742 3760 829 3816 debet
848 3775 912 3815 esse
927 3759 1072 3815 sententia

247 3828 324 3900 apud
339 3843 442 3885 ornnes
457 3829 604 3885 studiosos
616 3833 644 3886 st
653 3831 783 3886 eruditos
793 3831 937 3886 sermonis
949 3829 1070 3895 Hebraei,

247 3899 420 3956 vocabulum
446 3911 535 3960 minei
559 3901 650 3956 sittim
670 3903 706 3957 ab
722 3901 850 3973 antiquis
865 3900 1072 3974 interpretibus

247 3970 355 4026 Graecis
381 3977 468 4042 utque
494 3972 604 4028 Latinis
625 3973 845 4044 interpretatum
864 3973 954 4028 luisse
968 3974 1070 4043 spiens.

247 4042 283 4097 Et
306 4047 518 4112 consequenter
542 4042 695 4099 lectionem
718 4044 781 4100 Abel
796 4045 903 4109 Asilba,
921 4044 1072 4098 iriensions

246 4129 304 4194 ¹¹:¹¹
330 4112 460 4184 epistole
489 4114 526 4169 od
564 4114 723 4184 Fabiolam,
758 4117 916 4186 genuinam
946 4131 1010 4170 esse
1039 4131 1072 4168 ac

247 4184 502 4266 Hieronypiianam
515 4203 522 4252 ;
536 4201 592 4242 non
603 4202 730 4242 errorem
742 4185 868 4259 imperiti
879 4187 976 4242 nescio
987 4187 1072 4253 qu'us

248 4259 411 4326 scriptoris.

284 4325 1073 4399 CeteriscritieorumobjectisiiiolentisHebraicorum

248 4397 407 4453 Nominum
424 4398 711 4468 interpretationibus
727 4398 839 4456 nullam
854 4397 994 4454 edbibent
1010 4413 1074 4452 eru-

248 4468 367 4526 ditionis
404 4469 634 4541 Hieronymianae
681 4471 809 4526 vindices
843 4469 1072 4540 responsionem,

1129 2001 1228 2052 melun
1244 2002 1298 2064 ost,
1315 2013 1351 2050 ni:
1367 1995 1493 2051 litteram
1518 1995 1638 2050 libralis
1660 2000 1690 2049 et
1705 1994 1780 2050 Serae
1793 1992 1914 2047 addiderit

1129 2068 1287 2124 Dicebatur
1314 2065 1392 2121 enirn
1415 2067 1543 2136 primurn
1560 2065 1671 2132 Abram,
1688 2065 1766 2136 quod
1779 2063 1915 2134 interpreti·

1130 2142 1178 2193 tur
1191 2147 1270 2210 poter
1292 2139 1412 2193 excelsus
1422 2155 1433 2199 ,·
1446 2143 1474 2192 et
1498 2141 1598 2208 posteo
1614 2141 1735 2192 vocatus
1748 2141 1790 2190 est
1803 2134 1915 2202 Abrabam,

1129 2211 1205 2282 quod
1230 2211 1405 2266 transfertur
1422 2212 1504 2281 peter
1527 2209 1701 2268 multaciam·
1724 2222 1789 2262 nam
1811 2205 1916 2277 quodsu-

1129 2282 1239 2352 quitur‚
1269 2280 1411 2353 gentium,
1444 2296 1501 2334 nen
1530 2278 1655 2334 habetur
1683 2278 1715 2332 in
1743 2276 1856 2344 nomine,
1880 2273 1916 2328 sed

1129 2351 1314 2409 subauditur.
1331 2351 1388 2407 Nec
1405 2351 1571 2405 mirandum
1588 2365 1689 2422 quare,
1707 2365 1773 2404 eum
1784 2347 1850 2416 apud
1863 2345 1918 2400 Gis·

1129 2440 1178 2478 cos
1194 2430 1222 2479 et
1238 2440 1291 2479 nos
1306 2423 1325 2477 Α
1342 2421 1437 2477 littera
1448 2421 1580 2476 videatur
1594 2419 1704 2490 addita,
1719 2435 1770 2476 nos
1780 2417 1917 2498 uelitisne

1129 2495 1279 2550 Hebrieum
1295 2493 1424 2548 additam
1449 2491 1619 2558 dixerimus,
1636 2491 1739 2547 ldiona
1753 2491 1824 2546 enirn
1838 2488 1917 2558 lingue

1129 2565 1209 2621 illius
1219 2571 1263 2621 est
1280 2581 1332 2636 per
1346 2581 1382 2619 iis
1396 2563 1513 2635 quidem
1529 2563 1666 2630 scribere,
1682 2560 1734 2618 sed
1746 2561 1820 2634 peri
1834 2559 1918 2631 legere:

1128 2637 1234 2693 sicute
1258 2635 1402 2691 contrario
1426 2636 1445 2689 ,ι
1473 2634 1599 2691 litteram
1620 2651 1698 2705 sepe
1713 2648 1763 2714 per
1775 2649 1808 2687 iis
1821 2645 1919 2708 pronun·

1130 2709 1212 2764 liant.
1230 2730 1242 2758 u
1269 2705 1354 2778 Apud
1378 2707 1492 2762 Grecos
1518 2711 1546 2761 et
1566 2705 1684 2760 Latinos
1705 2704 1797 2759 littera
1816 2701 1920 2757 laddita

1127 2784 1190 2834 erat
1206 2780 1234 2834 in
1250 2778 1368 2833 nomine
1392 2776 1551 2846 Abrabam,
1573 2775 1641 2848 quia
1657 2775 1785 2847 primum
1799 2774 1919 2828 dictusest

1128 2845 1249 2926 ’‘Alipep,
1267 2849 1378 2913 Abram,
1400 2853 1428 2903 et
1454 2854 1555 2919 postea
1579 2847 1678 2902 oddita
1707 2837 1918 2926 litterajaipzig

1130 2921 1281 2978 Abrabam.
1300 2919 1382 2991 Apud
1400 2919 1534 2974 Hebraeos
1548 2935 1605 2974 non
1617 2917 1736 2989 ltepbee
1752 2916 1868 2971 additum
1881 2917 1919 2969 est.

1128 2995 1176 3048 sed
1205 3004 1225 3051 .“ι
1256 2996 1318 3051 He:
1340 2991 1415 3046 unde
1444 2990 1526 3062 prius
1556 3000 1638 3051 nante
1667 2990 1777 3056 Abram,
1803 2983 1920 3041 etdeinde

1129 3075 1233 3125 nabau
1261 3063 1409 3128 Abrabam,
1434 3061 1504 3133 quia
1527 3071 1547 3118 n
1567 3061 1603 3117 lle
1619 3077 1670 3131 per
1685 3061 1706 3115 A
1724 3057 1919 3130 legebantteste

1127 3136 1313 3207 Hieronymo.
1335 3133 1475 3188 Elementi
1489 3137 1588 3188 eutem
1604 3133 1641 3188 ile
1661 3131 1879 3186 additamentum
1891 3125 1920 3179 le·

302 3207 336 3244 ae
350 3205 399 3244 rex
415 3183 509 3252 Moab,
526 3199 554 3246 et
569 3189 638 3260 quid
660 3191 843 3262 responderit
858 3189 976 3246 Balaam
993 3190 1109 3286 liliiisc
1128 3207 1178 3272 cit,
1195 3211 1226 3260 „y
1255 3204 1305 3278 qui
1336 3205 1463 3276 primum
1490 3207 1569 3276 pater
1592 3203 1717 3258 accersas
1743 3198 1920 3273 appellabatur.

1126 3281 1228 3404 postea
1259 3275 1376 3331 nomine
1406 3292 1459 3330 suo
1487 3273 1633 3330 diceretur
1655 3281 1738 3345 puter
1756 3268 1921 3348 multitudinis.

1152 3365 1198 3404 om
1224 3346 1363 3403 Hebraico
1393 3353 1466 3432 timet
1483 3347 1578 3415 Amori,
1593 3345 1671 3401 idern
1689 3348 1746 3415 est,
1762 3343 1833 3415 qnod
1848 3342 1924 3396 taline

1125 3437 1274 3492 mullitudo
1299 3439 1328 3492 et
1347 3437 1447 3491 turba:
1473 3433 1503 3491 in
1525 3435 1644 3490 nomine
1664 3451 1735 3490 vero
1750 3442 1846 3492 ῦιιιιιι
1859 3429 1923 3482 diffl-

1125 3509 1199 3578 bem,
1230 3507 1335 3563 ultima
1366 3505 1479 3578 syllaba
1508 3506 1587 3578 prior
1609 3509 1654 3562 est
1675 3501 1923 3569 inuocabulotlbn

1126 3598 1230 3667 stomin
1246 3613 1293 3652 em
1306 3607 1349 3656 nn
1371 3593 1512 3663 videlicet,
1540 3610 1555 3649 e
1587 3610 1646 3666 qua
1671 3607 1780 3672 nomen
1806 3587 1923 3644 Abrabam

1126 3668 1218 3724 hebet
1246 3665 1492 3740 significationem
1521 3665 1726 3730 multitudinis,
1757 3665 1828 3716 sicut
1851 3667 1924 3737 erae

1125 3742 1170 3810 ab,
1199 3739 1287 3794 habet
1310 3737 1553 3810 significationem
1579 3737 1678 3808 petria
1705 3734 1801 3789 litters
1822 3729 1925 3785 inedie*

1127 3815 1177 3866 lies
1200 3810 1295 3866 otiosa
1319 3811 1507 3880 permanente
1531 3823 1565 3862 ex
1586 3805 1676 3878 priori
1706 3801 1841 3860 vocabulo
1860 3809 1924 3880 prpe

1125 3883 1236 3952 Abram,
1267 3881 1344 3952 quod
1372 3883 1450 3951 poter
1478 3879 1599 3934 excelsus
1626 3876 1811 3949 exprimitur.
1839 3873 1925 3924 Helle

1127 3953 1288 4008 obseruatis
1305 3950 1543 4006 manifestissime
1558 3949 1769 4020 comprobatur
1783 3943 1924 4022 interpreta-

1126 4023 1236 4078 tionem
1260 4039 1309 4078 sou
1336 4023 1432 4094 potius
1457 4021 1667 4092 expositionem
1692 4017 1924 4088 Hieronymianem

1128 4095 1265 4150 eximium
1291 4110 1324 4148 ao
1351 4092 1609 4164 diligentissimam
1634 4090 1737 4146 luisse.
1762 4087 1854 4158 Neque
1867 4095 1929 4154 pror·

1128 4183 1179 4222 ens
1203 4166 1356 4235 ignorasse
1380 4163 1465 4220 licuit
1486 4162 1596 4218 criticis
1611 4160 1722 4217 nostrie
1738 4159 1837 4215 Hieron
1856 4165 1928 4213 mum,

1128 4253 1195 4292 cum
1210 4236 1347 4291 Abrabam
1376 4235 1453 4289 inter
1475 4232 1685 4290 reteridiceret
1700 4239 1820 4304 peterm
1848 4229 1928 4280 toran.

1127 4309 1274 4365 intentum
1303 4307 1393 4362 luisse
1409 4252 1596 4361 Hebreorum
1612 4303 1767 4376 scripture
1783 4305 1862 4384 atque
1873 4295 1931 4370 Grp-

1128 4395 1255 4435 eorum:
1285 4373 1366 4430 ''ull'
1398 4372 1473 4430 ’ἔσται
1502 4375 1533 4429 τὸ
1554 4367 1641 4446 ὄνομά
1670 4393 1720 4426 sou
1751 4365 1877 4444 '36an
1900 4378 1930 4412 ιιι

1128 4448 1231 4525 arripe
1257 4446 1369 4502 πολλῶν
1407 4447 1489 4500 ibiibi
1529 4444 1635 4500 rtdeiar'i
1665 4464 1704 4514 ce,
1743 4443 1796 4499 hee
1820 4444 1867 4503 cst,
1895 4429 1932 4488 tid

249 4545 352 4612 prester
368 4555 432 4596 cani
458 4557 547 4612 quam
577 4540 840 4597 Gallioe'dioimns
868 4541 902 4595 Le
925 4545 991 4611 perit
1017 4557 1074 4594 eux
1128 4523 1180 4578 mi
1200 4537 1306 4604 ,mmm
1336 4523 1413 4602 'llum
1433 4519 1581 4588 Abraham,
1598 4519 1787 4598 ‘li‘f‘lilflmm
1805 4511 1932 4566 ”mmmm

247 4611 328 4667 Aries.
359 4611 544 4677 insolubiles,
570 4611 718 4684 inquiunt,
744 4613 829 4668 nobis
858 4612 993 4667 videntur
1015 4588 1343 4666 jylffiqunlrumposui
1368 4595 1402 4646 ¹⁰·
1430 4589 1512 4654 0¹¹⁰d
1537 4604 1605 4661 “8⁰
1621 4592 1761 4658 sequitur
1776 4587 1837 4655 Ρθθῑ
1848 4585 1932 4652 Pam

247 4679 455 4738 difficultates:
483 4683 534 4737 sed
560 4683 692 4739 excusari
717 4687 851 4754 possunt,
875 4683 1072 4754 eonl'ugiendii

247 4754 283 4810 ad
299 4753 414 4826 ignotas
430 4753 668 4828 significationes.
685 4759 736 4810 aut
751 4753 930 4836 negligentes
946 4754 1072 4824 scripto·

248 4841 295 4882 res
310 4825 339 4880 iii
365 4824 452 4906 culpa
477 4826 619 4892 ponendo.
646 4825 688 4882 lta
706 4825 868 4896 excipimus
883 4825 1073 4896 etymologias

228 4897 231 4904 '
247 4895 440 4966 hujusmodi:
465 4897 612 4963 Abrabam,
632 4899 892 4966 polemianorum:
910 4896 1071 4966 vilieu-pel,

246 4969 356 5040 sortiter
383 4969 521 5024 intellecto
548 4969 681 5028 tentorio.-
706 4968 790 5032 itlelio,
818 4968 977 5025 coriolasio:
994 4969 1072 5037 tiroli,

247 5055 352 5103 coruus.
370 5041 410 5092 iic!
422 5041 532 5095 siccitas
543 5055 553 5098 ,·
569 5040 644 5102 Aser,
661 5038 777 5104 illeille,
795 5041 836 5094 ecl
852 5041 944 5092 licetne
956 5056 966 5099 ,·
978 5039 1072 5102 (belles,

248 5115 342 5165 sensile
370 5111 410 5165 eet
444 5115 569 5170 rnulntu:
603 5111 758 5180 illeplilliiili',
792 5111 924 5168 esurierat
952 5127 1004 5172 me.
1033 5110 1074 5163 rel

249 5184 417 5251 coimperavit
440 5198 491 5238 me.
523 5186 595 5252 ltrgo
624 5183 778 5253 imperitus
804 5180 911 5252 linguae
928 5181 1074 5236 Hebraicis

251 5257 383 5306 remanat
406 5254 609 5326 Hieronymus.
638 5251 694 5308 nisi
717 5252 824 5325 ignotis
853 5253 1075 5324 acquiescamus

250 5320 513 5392 significationibus
540 5323 748 5380 Hebraicorum
775 5323 943 5388 Nominum,
964 5327 1075 5379 antve-

250 5395 326 5446 tercs
350 5407 452 5450 omnes
476 5396 668 5467 exscriptores
696 5395 823 5466 Operum
853 5396 882 5451 S.
908 5392 1076 5468 Hieronymi

250 5462 458 5519 insimulemus
478 5465 692 5536 depravationis
708 5471 861 5538 perpetuis.

287 5533 348 5588 Non
364 5533 404 5589 ita
418 5537 482 5598 erit,
501 5545 532 5591 iit
548 5538 589 5594 vel
615 5537 767 5608 iiiiporitire
785 5537 913 5608 suspicio
931 5535 1078 5592 adliminat

251 5605 437 5678 Hieronymc,
463 5612 512 5661 aiil
531 5609 750 5680 depravationis
766 5608 852 5680 culpa
868 5609 907 5663 rei
925 5613 1078 5664 teneantur

251 5682 397 5750 quotquot
430 5681 701 5750 usquemgentiuni
735 5680 954 5752 descripserunt
984 5679 1079 5750 Opera

253 5747 487 5822 llieronymianii.
514 5749 612 5821 iiiique
633 5767 686 5822 par
700 5753 825 5806 niliitror
841 5769 932 5807 unuin
950 5750 991 5804 val
1009 5750 1079 5804 alle-

252 5839 318 5876 rum
344 5821 510 5877 allirinarc:
535 5823 585 5876 sed
611 5821 817 5878 verissiinilius
842 5824 963 5879 dixerim
983 5823 1080 5877 leviter

253 5891 360 5958 tinctos
375 5909 439 5950 esse
453 5891 576 5950 scientia
590 5892 702 5948 Hebrei
719 5893 874 5962 sermonis,
886 5895 936 5964 qui
948 5893 995 5950 liis
1005 5893 1080 5948 dilii-

1126 4665 1277 4720 mettarum
1297 4679 1355 4718 non
1370 4662 1496 4717 hebetur
1510 4659 1540 4715 iii
1555 4659 1675 4716 nomine
1689 4657 1836 4722 Abrabam,
1850 4659 1933 4716 nempe

1126 4736 1250 4807 peritiam
1263 4750 1268 4790 :
1283 4733 1334 4789 sed
1346 4731 1533 4799 subauditur,
1550 4736 1582 4786 ut
1595 4731 1707 4802 optime
1723 4727 1931 4806 observatrice-

1127 4811 1175 4862 tns
1195 4807 1399 4876 Hieronymus,
1426 4807 1535 4858 temere
1560 4801 1734 4858 scindente
1758 4790 1931 4877 asciolis'in·

1149 4882 1286 4950 ugnatus.
1309 4876 1371 4930 Non
1387 4875 1489 4930 omitte
1505 4873 1717 4945 Hieronymum
1732 4885 1823 4942 supro
1837 4881 1864 4918 in
1878 4860 1933 4936 libio

1128 4895 1286 5006 bominum
1310 4945 1495 5016 interpretari
1524 4961 1629 5000 nomen
1653 4942 1804 5008 Abrabam,
1825 4943 1933 5020 paterer

1128 5021 1194 5075 ecoe
1219 5021 1359 5088 perreium,
1390 5017 1431 5072 vel
1461 5025 1539 5087 peter
1566 5016 1659 5070 vitlem
1684 5009 1932 5070 multitudineinsin

1129 5109 1188 5164 que
1203 5089 1440 5160 interpretatione
1455 5087 1630 5158 exprimitur
1644 5099 1659 5145 'i
1676 5087 1726 5140 lies
1741 5083 1847 5144 littere,
1862 5083 1930 5145 quem

1130 5165 1256 5218 otiosum
1291 5161 1350 5216 ilixi
1384 5161 1419 5214 sd
1453 5157 1672 5230 etymologiam,
1693 5159 1779 5227 poter
1799 5149 1930 5232 mulin-retp-

1129 5233 1221 5290 Nemo
1236 5237 1335 5288 autern
1352 5231 1444 5287 nescit
1458 5230 1581 5286 verbum
1592 5240 1652 5290 niti
1666 5245 1728 5294 ree,
1741 5223 1820 5308 quod
1831 5233 1882 5276 inci
1899 5217 1935 5267 illl

1131 5307 1190 5373 Res,
1224 5303 1391 5376 significare
1418 5301 1487 5357 uidit
1516 5305 1567 5356 eut
1590 5299 1705 5356 uideas:
1733 5293 1866 5352 hinclbr
1909 5297 1933 5336 tt

1133 5380 1213 5450 peter
1227 5376 1322 5432 videas
1338 5372 1555 5430 multitudinem.
1734 5438 1739 5448 ι
1764 5437 1769 5449 Ι

1167 5447 1223 5502 Sed
1242 5445 1369 5502 breviter
1381 5445 1417 5500 ab
1442 5443 1489 5498 liis
1513 5442 1680 5498 criticorum
1701 5436 1933 5516 tricisutnoe01'

1154 5519 1298 5578 edinnius.
1320 5516 1384 5571 dico
1411 5513 1567 5582 Dibon-ped
1581 5512 1750 5585 significare
1763 5509 1867 5586 sortiter
1877 5491 1936 5574 ”134¹

1133 5535 1234 5644 beclem
1249 5588 1449 5648 contritionem·
1475 5587 1542 5656 qnia
1564 5583 1701 5640 llebruioe
1721 5592 1753 5640 ιτ
1767 5577 1816 5634 dni
1829 5565 1936 5635 intelligi·

1135 5665 1184 5716 tur
1202 5661 1374 5732 sufficienter
1389 5657 1430 5714 vel
1445 5657 1555 5728 sortiter
1566 5673 1577 5718 ,·
1592 5665 1637 5744 qi:
1656 5655 1717 5720 boii,
1750 5647 1909 5708 inretisses:
1919 5633 1937 5686 et

1136 5759 1169 5809 “tt
1183 5749 1247 5821 yoil.
1278 5749 1401 5804 tentorio,
1432 5748 1510 5811 Quas
1529 5743 1656 5828 syllabas
1677 5741 1786 5798 retinet
1798 5723 1889 5826 risibili
1901 5717 1938 5842 iiis

1134 5816 1755 5964 bilibit·.til‘ll¹.l.¹¹ltsibbl
1771 5807 1927 5872 mim
