4066 6162
164 341 244 411 liiii
785 339 818 411 S.
840 335 998 410 obsonii
1018 330 1251 406 distortius
1804 325 1861 409 tlt!

168 479 385 556 perfectamque
413 479 559 554 justitiam
587 483 615 538 et
643 478 790 549 timorem,
813 479 863 552 qui
879 473 1206 548 catini-Amplieatio
1234 491 1304 534 mee
1331 474 1404 551 parii
1432 475 1557 552 proficit.
1581 473 1682 552 Neque
1708 477 1786 536 enirn
1810 492 1864 552 ego

167 571 244 630 tium
273 571 453 647 sapientise
483 569 932 642 beivirtutibuseoaptandam;
949 580 992 622 se
1045 563 1194 622 hominem
1211 564 1268 622 Deo
1283 581 1429 640 comparo,
1447 568 1497 625 sed
1512 567 1578 626 aliis
1595 567 1776 636 hominibus,
1791 583 1865 639 quo-

170 659 685 734 eundamautem,quaenonsolum
706 656 993 725 bominibue,sedet
1045 651 1290 722 conciliatione,
1315 655 1365 728 qui
1394 657 1526 714 studium
1555 656 1677 723 dederit,
1693 660 1866 728 potestesse

169 752 249 810 omni
265 755 403 807 creatura
419 748 567 821 competit,
584 751 611 803 et
628 745 775 819 fragilitati
792 745 993 816 nostraep'uxta
1046 743 1202 816 perfectus.
1222 746 1262 800 Ae
1277 760 1329 817 per
1340 745 1395 801 hoe
1410 745 1527 817 quando
1538 745 1655 814 dicitur,
1667 745 1755 802 bomo
1770 748 1869 818 potest

170 840 243 898 illud
270 841 349 912 quod
383 840 411 894 in
437 837 561 895 Psalmis
585 837 698 893 dictur:
715 835 773 892 Non
792 836 993 908 iustificabitur
1045 831 1606 906 essesinepeccatosivoluerit,ju1tu
1626 849 1796 891 mensuram
1812 833 1867 890 bo·

170 933 199 986 r'n
215 937 357 1000 conspecto
371 933 417 984 luo
445 929 533 984 omnis
548 929 641 982 vivens
660 926 745 998 (Psel.
761 942 845 992 exau,
860 925 889 996 2)
906 939 991 980 :earn
1047 920 1146 992 minis,
1169 937 1226 978 uon
1246 921 1332 993 juxta
1355 921 1405 978 Dei
1425 921 1534 978 dieitur
1558 922 1754 994 majestatem.
1781 922 1867 994 cujus

166 1018 346 1090 justitiam¹,
363 1033 426 1087 quae
442 1033 497 1070 non
515 1014 743 1086 comparatione,
766 1013 816 1070 sed
832 1012 881 1069 Dei
897 1011 992 1069 scien·
1046 1009 1262 1082 comparatione
1278 1009 1358 1068 nulla
1376 1014 1509 1068 ereatura
1530 1015 1627 1083 potest
1648 1026 1713 1068 esse
1728 1011 1866 1084 perlecta.

170 1105 220 1173 tia,
237 1105 344 1160 dicitur
358 1119 423 1160 esse
439 1103 574 1176 perfecta.
593 1102 649 1158 Job
665 1117 781 1175 qnoque
796 1105 824 1157 et
838 1101 992 1157 Zacharias
1046 1102 1078 1154 Α.
1095 1098 1117 1154 0
1141 1097 1298 1167 Critobulo,
1324 1099 1385 1155 bec
1407 1115 1575 1157 memorans
1598 1115 1715 1156 mecum
1735 1099 1816 1156 lacis.
1833 1099 1868 1155 lit

170 1197 199 1250 et
212 1192 359 1249 Elisabeth
369 1191 444 1262 justi
459 1190 528 1246 dieti
543 1195 622 1251 sunt.
642 1189 803 1245 seeundum
827 1205 890 1245 eam
904 1189 991 1260 justi·
1046 1202 1099 1260 ego
1114 1186 1193 1243 enim
1208 1186 1263 1243 hoe
1278 1187 1382 1252 seatio,
1399 1187 1510 1244 nullam
1525 1191 1688 1244 ereaturam
1705 1189 1865 1245 seeundum

170 1277 993 1353 tiam³,quapossitininjustitiamaliquandomutari,et
1046 1292 1143 1332 veram
1172 1281 1466 1350 consummatamque
1488 1277 1647 1349 justitiam,
1681 1292 1768 1350 posse
1803 1293 1875 1335 esse

172 1387 232 1427 non
247 1368 409 1426 secundum
425 1366 518 1434 illam,
530 1383 593 1438 que
607 1383 758 1439 nunquam
769 1365 876 1421 mutari
886 1369 992 1438 potest,
1047 1365 1216 1438 perfectam.
1231 1365 1374 1422 Ceterum
1389 1363 1481 1422 aliurn
1496 1365 1614 1422 differre
1629 1365 1665 1422 ab
1687 1365 1755 1434 alio,
1777 1369 1808 1422 et
1826 1366 1870 1422 di-

172 1459 208 1516 de
223 1474 284 1530 qua
297 1457 443 1512 diciturt:
460 1477 473 1505 ε
490 1455 550 1528 Ego
565 1453 653 1522 Deus,
673 1457 701 1509 et
725 1470 781 1510 non
806 1459 905 1510 mutor
919 1455 993 1526 (Μα-
1047 1470 1145 1511 versas
1159 1469 1224 1511 esse
1250 1453 1280 1509 in
1305 1453 1475 1511 hominibus
1486 1453 1629 1527 justitias,
1645 1452 1719 1510 nulli
1745 1454 1870 1511 dubium

173 1547 246 1604 laeli.
268 1563 309 1614 ur,
324 1545 362 1616 d).
381 1567 394 1594 a
410 1545 446 1600 Et
460 1541 515 1599 boc
528 1547 572 1598 est
586 1543 664 1614 quod
687 1541 844 1615 Apostolus
859 1541 916 1598 alio
931 1541 993 1599 locu
1048 1543 1110 1598 est:
1127 1545 1155 1598 et
1168 1539 1212 1597 vel
1235 1541 1377 1612 malorem
1398 1559 1464 1600 εεεε
1489 1541 1581 1598 aliurn
1606 1541 1650 1599 vel
1671 1541 1825 1616 minorem,
1840 1546 1872 1600 et

172 1633 292 1692 scribit:
314 1655 328 1684 e
348 1630 459 1690 etenim
476 1647 533 1688 non
547 1635 591 1687 est
603 1630 808 1704 glorificatum,
820 1630 898 1704 quod
909 1629 994 1702 glori·
1049 1635 1147 1688 tamen
1162 1629 1324 1686 secondum
1340 1633 1451 1688 statum
1466 1635 1496 1688 et
1510 1646 1678 1691 mansuram
1689 1647 1773 1688 suam
1784 1647 1873 1705 pesse

171 1724 291 1780 licatum
306 1725 351 1776 est
378 1723 496 1792 propter
521 1718 708 1776 excellentem
734 1718 858 1792 gloriam
879 1720 919 1792 pl
932 1718 992 1774 Cor.
1044 1721 1142 1792 justos
1157 1719 1313 1786 nominari,
1334 1720 1384 1792 qui
1407 1719 1533 1776 aliorum
1559 1720 1776 1792 comparatione
1794 1720 1871 1793 justi

172 1827 217 1881 111,
233 1809 290 1878 ld),
303 1831 316 1858 u
331 1808 409 1881 quod
424 1805 559 1864 videlieet
573 1805 646 1880 legis
657 1807 773 1878 justitia
791 1807 827 1863 ad
843 1823 993 1880 compara·
1009 1837 1033 1903 B
1049 1826 1107 1866 non
1120 1809 1220 1865 eunt⁸.
1244 1809 1332 1866 Verbi
1362 1808 1466 1884 gratia,
1496 1808 1606 1867 Paulus
1633 1809 1792 1882 apostolus,
1817 1827 1873 1866 vas

171 1900 282 1958 tionem
304 1895 476 1970 evangelice
500 1896 600 1968 gretie
626 1913 683 1952 non
705 1896 839 1953 videatur
861 1913 926 1954 esse
945 1897 994 1967 ju·
1048 1897 1208 1966 electionis,
1225 1899 1276 1970 qui
1300 1898 1368 1972 plus
1391 1898 1529 1956 omnibus
1554 1897 1695 1971 apostolis
1717 1898 1870 1968 laboravit,

173 1987 263 2046 stitia.
280 1986 340 2042 «Si
366 1985 455 2053 enim,
478 1985 529 2053 ait,
554 1985 632 2057 quod
653 1984 814 2043 destruitur
834 1984 994 2059 gloriosum
1049 1987 1150 2060 utique
1180 1987 1281 2059 justus
1313 1992 1376 2044 erat
1416 1986 1549 2044 scribone
1585 1989 1622 2044 ad
1663 1987 1868 2046 Timotheum:

171 2080 226 2142 est,
256 2073 348 2132 multo
378 2073 473 2146 magis
502 2073 578 2144 quod
609 2074 684 2129 Πθ
711 2079 872 2146 permanet,
893 2074 949 2129 erit
965 2073 995 2129 in
1053 2076 1359 2133 «Certamenbonum
1388 2075 1506 2144 certae,
1522 2077 1874 2144 oursumcensummaui,

173 2164 268 2238 gloria
282 2164 351 2220 ibid.
369 2162 426 2232 ll).
444 2183 458 2209 a
475 2161 510 2216 Et
533 2160 659 2216 iterum:
684 2161 725 2216 Es
746 2165 826 2233 perte
843 2164 955 2230 ecimus,
971 2170 997 2218 et
1051 2165 1284 2233 lidsmservari3
1301 2165 1453 2221 decaetero
1468 2165 1596 2236 reposito
1610 2167 1654 2222 est
1678 2163 1876 2222 mibicorona
1992 2221 1998 2234 ,

172 2258 301 2325 eor-perte
311 2246 513 2323 prophetemus.
529 2251 599 2306 Cum
612 2253 702 2305 eutem
722 2253 827 2307 venerit
841 2251 911 2324 quod
933 2267 996 2323 per·
1047 2253 1179 2327 justitie,
1196 2269 1284 2326 quem
1298 2252 1401 2309 reddet
1419 2251 1491 2310 mihi
1512 2252 1655 2310 Dominus
1679 2255 1752 2309 m
1775 2252 1806 2310 in
1820 2251 1875 2310 illa

171 2344 272 2415 sedum
286 2343 336 2407 est,
353 2339 527 2394 destruentur
540 2339 592 2392 illu
606 2355 668 2410 quie
682 2355 717 2393 ee
733 2345 813 2412 perte
827 2349 890 2396 sunt
902 2340 926 2412 (l
936 2339 995 2395 Cor.
1052 2342 1098 2399 die
1109 2342 1210 2414 justus
1226 2342 1336 2414 judex:
1359 2359 1418 2399 non
1438 2340 1534 2399 solum
1559 2345 1656 2398 autem
1676 2341 1759 2412 mihi,
1779 2343 1831 2399 sed
1845 2345 1876 2398 et

171 2431 279 2503 x1u,9‚
296 2429 408 2498 ititllt,
425 2451 439 2477 e
456 2427 598 2484 Videmus
625 2444 702 2484 nune
725 2444 775 2500 per
797 2429 949 2501 speculum
971 2433 999 2484 et
1052 2431 1190 2488 omnibus
1210 2429 1260 2504 qui
1276 2429 1403 2504 diligunt
1418 2430 1577 2487 adrentum
1603 2431 1669 2502 ejus
1692 2430 1728 2503 (ll
1751 2431 1874 2498 llm.1v‚

173 2519 203 2576 in
217 2517 382 2589 enigmate,
412 2520 483 2572 tunc
512 2521 609 2572 aulem
634 2517 707 2572 iarie
731 2518 765 2574 ad
787 2517 999 2575 laciem.Nuno
1052 2523 1079 2589 7,
1093 2523 1131 2588 8).
1148 2541 1162 2572 r
1177 2520 1281 2576 Justus
1295 2525 1358 2576 arat
1372 2523 1401 2575 et
1414 2517 1759 2591 Timotheusdieeipulus
1770 2521 1834 2590 ejus
1845 2523 1877 2576 et

174 2623 318 2680 cognosco
333 2621 367 2662 ex
384 2609 477 2678 parte,
494 2609 564 2660 tunc
578 2621 751 2678 cognoscam
768 2607 845 2664 sicut
858 2613 887 2664 et
900 2606 999 2680 cogni·
1053 2608 1191 2676 imitator,
1208 2624 1296 2679 quem
1312 2606 1483 2679 deestquid
1498 2622 1584 2680 agere
1601 2607 1716 2675 debeat,
1740 2611 1770 2664 et
1784 2623 1875 2680 quem

174 2699 224 2752 tus
245 2693 409 2766 eum(lbid.
440 2694 494 2764 li).
513 2715 526 2745 u
551 2693 585 2748 Et
605 2693 635 2749 in
660 2693 802 2752 Psalmis:
827 2695 1000 2753 «Mirabilis
1054 2697 1175 2754 modum
1203 2701 1300 2753 tenere
1332 2695 1494 2753 virtutum:
1524 2700 1701 2768 putamusne
1726 2711 1817 2752 unam
1845 2698 1878 2752 et

174 2784 250 2840 laeta
268 2786 313 2840 eet
329 2781 451 2838 scientia
466 2786 516 2838 tun
532 2799 566 2837 ex
582 2797 644 2851 me;
661 2785 821 2840 cortonula
832 2789 885 2852 est,
898 2789 927 2842 et
942 2802 1000 2842 non
1053 2786 1187 2843 eamdem
1203 2785 1233 2842 in
1255 2789 1378 2858 utroque
1402 2784 1493 2844 luisse
1510 2784 1668 2856 J'uetitiam,
1691 2788 1721 2841 et
1734 2800 1792 2842 nen
1807 2783 1876 2856 plus

173 2872 403 2946 poteroadeam
434 2872 519 2944 (Psoi.
549 2888 686 2942 cxxxviii,
712 2871 750 2944 6).
770 2895 783 2921 a
809 2873 844 2928 Et
873 2873 997 2930 iterum:
1053 2872 1588 2946 haberemeritorumeum,quiplus
1606 2872 1876 2930 omnibuelabora-

177 2985 192 3014 «
209 2960 420 3018 Existimabam
437 2977 611 3034 cognoscere
631 2962 705 3030 hoc;
730 2961 813 3018 labor
826 2967 870 3018 est
884 2962 915 3017 in
930 2979 1000 3019 con·
1052 2963 1118 3020 virt
1133 2987 1146 3014 ε
1165 2962 1262 3019 Mults
1277 2963 1446 3020 mansiones
1465 2966 1534 3019 sunt
1553 2962 1630 3035 apud
1652 2961 1766 3018 Patrem
1782 2962 1875 3034 (loen.

175 3054 279 3124 spectu
296 3065 371 3116 meo,
388 3049 480 3106 denec
495 3049 637 3105 introeam
663 3051 692 3107 in
721 3050 921 3107 sanctuarium
938 3050 999 3119 Dei,
1053 3053 1189 3125 x1v‚2)‚»
1206 3051 1276 3124 puio
1290 3057 1318 3108 et
1333 3051 1437 3109 merita
1463 3052 1595 3108 diversa:
1626 3049 1878 3107 «Stellasstella

175 3142 204 3196 et
222 3137 382 3210 intelligam
413 3140 442 3194 in
470 3141 639 3196 novissimis
662 3156 762 3196 eorum
787 3141 996 3211 (Protinus,
1054 3140 1152 3196 differt
1166 3140 1195 3195 in
1210 3139 1340 3196 claritate
1355 3139 1379 3212 (l
1391 3141 1453 3197 der.
1469 3155 1515 3206 xv,
1531 3139 1587 3210 leil.
1603 3159 1618 3189 u
1637 3140 1666 3193 et
1686 3136 1717 3192 in
1738 3152 1797 3192 uno
1820 3137 1878 3194 Ec·

177 3227 221 3295 16,
252 3226 306 3298 17).
336 3249 350 3277 u
374 3228 408 3282 ut
433 3227 462 3282 in
491 3228 592 3284 eodem
623 3227 709 3284 loco:
735 3251 745 3276 ι
777 3228 997 3300 Utjumentum
1014 3201 1035 3268 C
1054 3227 1282 3301 elesiasoorpore
1308 3229 1442 3284 membra
1470 3226 1584 3285 diverse
1611 3229 1691 3282 suut.
1720 3225 1812 3282 Habet
1830 3224 1878 3283 sol

176 3314 272 3371 laetus
292 3331 358 3370 sum
382 3315 460 3386 apud
484 3319 521 3382 te,
550 3319 578 3368 et
604 3330 656 3386 ego
675 3331 790 3387 semper
805 3320 901 3374 tecum
918 3316 995 3386 (leid.
1052 3315 1195 3390 litigarem
1210 3332 1309 3380 suum,
1325 3314 1396 3372 luna
1411 3331 1527 3389 quoque
1538 3313 1632 3372 noetis
1646 3313 1784 3370 tenebras
1801 3320 1878 3371 lem-

176 3403 232 3475 23).
251 3427 261 3456 ι
280 3405 315 3460 llt
328 3403 488 3459 Jeremias:
506 3425 519 3452 «
537 3402 649 3459 Stultus
664 3403 758 3461 lactus
773 3409 818 3462 est
834 3406 930 3462 omnis
945 3405 997 3463 bo·
1051 3411 1152 3480 perat:
1168 3410 1197 3462 et
1218 3405 1350 3478 quinque
1371 3404 1468 3462 sidera
1490 3403 1560 3474 alia,
1582 3419 1646 3476 que
1667 3405 1808 3459 vocantur
1824 3418 1875 3458 er·

176 3491 395 3550 moaseientia
423 3493 530 3564 (ierem.
560 3509 589 3559 x,
621 3492 675 3564 lt).
693 3515 707 3541 »
733 3493 768 3548 ut
795 3495 997 3551 idemPaulus
1052 3494 1156 3562 rantia,
1183 3492 1305 3550 diversis
1329 3498 1358 3550 et
1381 3493 1517 3550 cursibus
1538 3496 1567 3549 et
1584 3490 1748 3549 luminibus
1768 3489 1878 3548 caelum

176 3579 344 3653 apostolus:
361 3604 375 3630 «ι
400 3581 536 3646 Fatuum‚
560 3580 667 3652 inquit,
695 3581 741 3636 llei
765 3583 928 3655 sapientius
953 3589 998 3640 est
1052 3586 1217 3655 peragrant.
1243 3579 1472 3638 Innumerabiles
1497 3584 1567 3638 sunt
1593 3581 1656 3637 alien
1681 3579 1783 3648 stelle,
1800 3594 1879 3652 quas

175 3667 345 3725 bominibus
355 3670 380 3738 (l
390 3668 449 3725 Cor.
461 3685 481 3736 1,
494 3669 551 3740 25).
565 3691 579 3718 u
592 3669 627 3724 lit
639 3667 731 3724 multa
742 3668 808 3740 alia,
821 3687 884 3744 quae
900 3671 998 3728 studio
1052 3669 1159 3727 mirare
1169 3670 1199 3725 in
1212 3669 1397 3726 firmamento
1411 3670 1569 3726 cernimus.
1582 3670 1614 3726 ln
1624 3667 1749 3742 singulis
1760 3669 1881 3726 diversa

174 3756 326 3814 brevitatis
341 3759 454 3814 omitto.
1051 3763 1122 3815 sunt
1135 3756 1257 3828 lumina,
1274 3775 1302 3827 ee
1318 3761 1415 3816 tamen
1429 3757 1460 3813 in
1476 3775 1531 3815 suo
1545 3773 1727 3831 unaquaque
1747 3757 1881 3830 perlecta

214 3847 256 3900 id.
273 3849 366 3901 Iertes
381 3847 525 3901 lominum
550 3847 762 3916 comparatione,
790 3862 845 3902 nee
864 3849 912 3904 Dei
925 3848 998 3904 dici-
1051 3851 1107 3916 eet,
1126 3846 1168 3903 ita
1182 3847 1323 3902 duntaxat
1345 3850 1378 3901 ut
1401 3846 1618 3919 comparatione
1639 3846 1759 3918 majoris
1776 3844 1880 3917 perfe-

177 3934 234 3988 ler.
250 3963 284 3974 -
300 3933 328 3988 d.
344 3936 452 4006 Arguta
467 3935 598 4006 quidem,
610 3936 648 3990 mi
661 3936 762 4005 Attice,
773 3937 1000 4009 memoriterque
1052 3936 1147 3992 ctione
1160 3939 1266 3992 eareat.
1284 3937 1314 3992 ln
1331 3951 1450 4007 corpore
1476 3951 1602 4008 quoque,
1630 3935 1716 4008 eujus
1740 3931 1880 3989 membra

174 4019 284 4076 dixisti.
300 4020 357 4077 Sed
371 4021 455 4077 labor
469 4027 538 4079 tuus
554 4029 582 4080 et
596 4023 748 4096 multiplex
763 4023 999 4081 testimoniorum
1053 4024 1168 4081 diuersa
1200 4028 1280 4092 sunt,
1303 4022 1383 4080 aliud
1402 4022 1516 4092 oculus,
1545 4023 1627 4081 aliud
1655 4039 1771 4090 manus,
1790 4019 1882 4078 aliud

212 4144 221 4178 ¹
240 4145 268 4200 ln
284 4145 401 4218 Reginae
415 4163 471 4202 ms.
489 4147 600 4212 isthac,
625 4149 657 4203 Ει
680 4150 806 4203 timorem
827 4151 876 4220 qai
888 4159 928 4204 est
942 4153 999 4205 ini·
1053 4154 1102 4206 tur
1115 4148 1260 4205 contrarie
1283 4163 1384 4213 seusu.
1403 4163 1466 4204 eam
1481 4149 1631 4220 justitiam,
1653 4163 1715 4221 puae
1736 4163 1887 4220 compera-

176 4217 248 4272 lr'um
260 4233 292 4272 se
312 4219 413 4286 lentie,
429 4224 458 4274 et
472 4227 684 4292 consequenter
699 4235 753 4275 non
776 4219 866 4275 saleim
880 4223 999 4278 leomini-
1054 4225 1139 4285 liora.
1155 4219 1264 4275 sednon
1281 4219 1330 4275 Dei
1343 4221 1459 4276 retemta
1477 4219 1643 4278 dicitur-erse
1654 4221 1787 4292 perfeeto.

178 4289 238 4355 bes,
252 4233 310 4344 sed>
314 4292 389 4345 omni
402 4295 548 4356 menturae,
567 4291 683 4363 punctis
695 4291 901 4358 subnotantur,
915 4291 1001 4362 quasi
1090 4293 1182 4347 ⁸uam
1205 4291 1355 4364 justitium,
1386 4294 1441 4347 etc.
1464 4291 1557 4348 Locus
1587 4291 1713 4348 multum
1735 4291 1887 4362 deprava·

176 4362 369 4434 expungenda
383 4377 415 4417 ac
435 4362 683 4434 repudiande;in
699 4361 818 4418 Victorii
835 4365 932 4417 autern
944 4364 1002 4418 edi·
1055 4368 1115 4432 tus,
1159 4361 1208 4417 uia
1235 4361 1362 4417 multum
1390 4362 1567 4419 tenebrosus
1587 4367 1616 4420 et
1639 4362 1738 4419 varius
1761 4360 1884 4419 inmas.

176 4431 265 4498 tione,
293 4433 541 4503 quemadmodum
566 4439 593 4489 et
618 4431 647 4487 in
664 4434 752 4488 veteri
774 4433 824 4488 illa
839 4437 906 4489 ante
921 4434 1003 4490 Erae·
1056 4435 1147 4492 eodioi
1173 4431 1884 4506 us.Du0italeguntpostb'oripturnversiculum:

177 4517 271 4568 mum,
296 4519 354 4572 qun
373 4505 480 4575 sepios
507 4504 627 4568 utimur,
653 4505 771 4575 penitus
786 4505 999 4562 desiderantur.
1057 4507 1097 4563 ed
1111 4506 1321 4577 errmjeslrtr'um
1335 4519 1397 4586 quse
1409 4508 1496 4577 possit
1507 4509 1537 4561 ira
1553 4507 1720 4578 injustitiam
1735 4504 1892 4576 aliquande

176 4573 362 4629 Martiunssus
378 4591 392 4628 r
407 4575 514 4644 posuit,
530 4579 561 4631 et
574 4573 675 4629 vitiose
691 4578 829 4646 proteres
845 4576 922 4648 legit,
940 4579 999 4632 ini·
1015 4568 1038 4633 b
1053 4578 1167 4646 mretori,
1179 4579 1281 4644 ete.,et
1291 4581 1441 4644 omittunt,
1457 4591 1520 4648 quse
1533 4593 1590 4632 non
1604 4577 1819 4648 comparatione.
1837 4575 1893 4632 sed

176 4644 245 4699 lium
278 4646 424 4714 sapientiae
452 4647 510 4712 liei,
540 4647 686 4702 virtutibus
711 4646 900 4718 eorrptendem,
931 4665 998 4706 euin
1054 4646 1411 4705 Detscicutiodieiteresse
1424 4645 1892 4720 perfeetedotqooqueelleebu-

177 4713 342 4788 perepicum
372 4717 421 4783 sit,
451 4719 504 4772 Dei
533 4733 637 4772 nonren
669 4717 704 4770 ud
734 4734 830 4773 vocem
851 4721 1000 4776 virtutibus
1053 4722 1146 4776 rioset
1159 4717 1295 4774 Elisabeth
1305 4718 1446 4788 joatidicti
1455 4719 1754 4776 santaecundomeom.
1766 4717 1884 4776 Senam

179 4787 363 4844 referendum
380 4803 454 4854 esse,
473 4804 529 4843 nou
545 4789 579 4842 ad
605 4789 760 4860 sapientiae.
781 4790 853 4846 Nam
870 4795 898 4846 et
914 4792 999 4864 paulo
1053 4790 1185 4872 liquidus
1199 4804 1264 4844 esse
1275 4792 1369 4860 potest
1384 4807 1418 4845 cx
1431 4789 1689 4863 consequentibus,
1703 4789 1887 4860 ubijustitia

178 4860 440 4932 superiusguoquc
456 4860 565 4914 dicturo
582 4864 638 4924 est,
656 4861 742 4914 erilem
766 4865 960 4932 perfectionem
975 4867 1001 4920 et
1055 4861 1155 4935 aliqua
1180 4860 1289 4916 dieitur
1313 4861 1440 4932 perlecta
1465 4861 1681 4934 comparatione
1705 4861 1784 4917 saeta
1806 4859 1890 4918 iuter

177 4944 269 4984 ueram
287 4933 436 5004 justitium,
453 4933 623 4988 licitantem
646 4932 793 4988 virtutibus
807 4935 998 5006 coaptandum,
1054 4934 1208 5000 bornines3
1232 4948 1295 5004 quae
1315 4933 1395 4988 nulla
1419 4951 1483 4990 esee
1507 4937 1601 5006 potest
1615 4933 1702 5016 juxta
1721 4931 1773 4988 Dei
1789 4933 1887 5004 maje-

179 5016 236 5054 non
248 5002 389 5071 justitium
419 5005 466 5059 liri
495 5013 603 5059 rentum
632 5004 790 5067 uirtutibus,
811 5009 862 5060 eto.
882 5005 999 5061 Adhaec
1055 5011 1158 5062 statere
1175 5007 1203 5059 et
1224 5002 1387 5060 scientiam.
1405 5002 1743 5077 Primeigiturpustitia‚
1764 5002 1801 5058 de
1823 5017 1890 5076 qna

172 5071 237 5149 ‚uoci
255 5071 410 5152 licmiur'lrns
426 5076 539 5130 addidit
552 5077 663 5143 sanclis,
680 5075 758 5146 quod
779 5075 807 5130 in
824 5075 912 5130 nullis
926 5093 999 5133 mss.
1054 5077 1102 5132 hio
1118 5077 1321 5148 Hieronymus.
1337 5083 1382 5131 est
1405 5092 1450 5141 ee,
1466 5092 1529 5158 ques
1543 5075 1709 5132 Virtutibus
1723 5075 1886 5146 stringens

179 5155 355 5198 invenimus.
372 5145 436 5200 llaeo
454 5165 505 5202 uos
520 5147 670 5220 paulisper
685 5147 877 5202 errrendanrus
892 5163 907 5202 e
921 5147 1000 5203 Vati·
1053 5147 1148 5205 beatis
1157 5147 1319 5219 coaptanda
1331 5152 1376 5203 est
1390 5165 1396 5214 ;
1408 5147 1469 5204 sive
1479 5145 1719 5220 incomparabilis
1728 5146 1886 5218 perlectis,

177 5223 259 5271 cono,
276 5215 389 5281 ecujus
410 5217 551 5274 ‹luntaxut
580 5219 635 5274 side
663 5217 692 5272 in
709 5222 787 5273 textu
803 5217 978 5274 retinuimus
992 5237 999 5288 ;
1054 5227 1082 5276 et
1092 5218 1208 5292 justitie
1224 5218 1293 5275 Dei:
1311 5219 1441 5275 secunda
1460 5224 1569 5285 autem,
1592 5235 1655 5291 quie
1669 5215 1814 5289 competit
1826 5219 1887 5275 'no-

178 5281 315 5336 ceterum
332 5282 503 5342 laciniosum
520 5305 683 5345 sermonem
699 5305 773 5355 esse,
789 5289 1000 5360 turbatumque
1054 5295 1122 5348 stne
1138 5287 1296 5362 fragilitati,
1310 5306 1345 5346 ea
1358 5293 1402 5346 est
1417 5307 1481 5362 qna
1496 5293 1593 5363 polest
1606 5287 1713 5345 mutari
1724 5288 1890 5359 ininJ'usli-

180 5364 311 5418 sensum,
335 5355 473 5411 omnibus
488 5365 576 5428 patet,
593 5377 627 5415 ex
643 5359 688 5414 bis
711 5358 837 5416 maximo
853 5377 915 5432 quae
930 5363 999 5419 sub·
1054 5363 1137 5418 tiam.
1155 5362 1301 5417 Misereri.

178 5427 353 5505 sequuntur.
372 5424 464 5482 Facile
487 5429 575 5484 verbe
597 5429 709 5501 aliquot
733 5432 915 5500 exciderunt,
936 5451 1000 5506 quae
1090 5433 1223 5488 ‘lterum
1238 5430 1354 5503 Reginca
1371 5447 1439 5499 ma,
1453 5436 1480 5489 et
1495 5449 1550 5516 qua
1563 5433 1678 5490 diet'tw.

179 5509 250 5552 mss.
269 5493 407 5550 iudicant.
1090 5505 1100 5538 ⁸
1115 5503 1246 5558 Fortasse
1261 5501 1388 5576 legend,
1402 5520 1478 5576 posse
1487 5507 1577 5578 postes
1597 5504 1737 5563 nominari
1758 5503 1889 5564 atior-rma

212 5563 224 5599 ¹
239 5565 317 5623 idem
334 5565 447 5651 Reginae
459 5585 539 5650 ms,
562 5569 596 5650 ed
618 5585 677 5624 cion
689 5573 840 5640 justitiam,
857 5577 1001 5648 quemad·
1076 5575 1266 5650 ,operatione
1282 5577 1331 5648 pei
1340 5576 1411 5650 jeser·
1424 5591 1480 5634 aere
1493 5584 1566 5634 rant.

181 5637 301 5698 modum
316 5643 345 5698 et
359 5637 504 5696 Victorius
518 5637 598 5710 legit.
615 5639 783 5710 [regendum
800 5659 886 5714 porro
905 5647 1002 5705 videa·
1423 5665 1426 5672 ⁴
