4054 6168
136 265 215 343 liiii

664 256 779 324 tisun
799 254 916 322 HSBR·
938 253 1091 330 OUAES'l'.
1114 255 1156 319 IN
1178 255 1316 320 subus.

136 399 260 465 dixerat,
276 392 365 464 unius
384 391 491 452 coloris
504 391 559 450 crit
574 409 685 450 merces
697 398 768 449 tua:
784 391 959 448 nascebatur
974 391 1000 458 Α
1017 388 1118 461 lingua
1130 391 1201 462 Syra
1215 407 1329 446 aceruus
1354 404 1422 446 rena
1444 389 1625 464 appellatur:
1650 390 1840 451 tetimonium

134 503 224 546 omne
239 501 329 560 pecus
344 483 433 542 unius
449 481 564 540 coloris.
582 504 596 532 u
621 486 677 538 Pro
701 498 734 538 co
751 482 829 554 quod
842 497 895 536 nos
911 497 960 552 po-

132 577 263 643 suimus,
292 573 406 630 Mutavit
435 570 586 628 mercedem
617 586 706 628 nuum
728 570 818 626 decem
846 568 961 636 vicibus,

132 662 328 738 Septuaginta
349 661 526 733 interpretes
556 662 728 732 posuerunt,
757 657 848 716 decem
871 658 961 729 epeia,

132 751 234 813 neseio
242 768 302 824 qua
312 749 449 823 opinione
461 748 552 820 ducti,
562 764 629 805 cum
640 747 763 804 verbum
774 744 960 820 Hebraeum,

57 877 66 890 ·
133 859 208 904 usur
229 842 237 876 ¹
262 837 338 910 (rm)
353 854 502 895 numerum
517 835 612 910 magis
639 853 728 909 quam
760 851 847 906 aenea
867 838 960 890 sonet.

132 931 264 1004 Denique
274 933 303 986 et
311 945 346 985 ex
356 925 604 1000 consequentibus
615 924 663 981 bic
671 924 767 998 magis
779 940 884 982 sensus
895 940 962 996 pro·

132 1020 232 1088 batur,
248 1015 327 1092 quod
343 1033 395 1090 per
409 1014 543 1088 singulos
559 1015 635 1070 istus
650 1030 767 1087 semper
781 1013 879 1070 laban
895 1029 962 1068 eon·

133 1107 277 1164 ditionem
293 1103 460 1162 mutaverit.
473 1104 503 1160 Si
514 1101 632 1159 videbat
642 1102 752 1158 verium
765 1100 847 1158 nasei
858 1117 959 1174 pecus,

1017 495 1145 534 seburim
1156 479 1413 552 (ambibullacob
1424 477 1655 552 igituraccuvum
1665 480 1838 552 testimonii,

1017 566 1071 622 hoc
1087 573 1130 622 est
1143 584 1264 636 cxnxxu,
1280 567 1382 641 lingua
1405 567 1563 642 appellavit
1583 568 1721 626 Hebraa:
1738 570 1838 630 beben

1017 672 1083 710 vcro
1110 656 1249 728 idipsum,
1285 657 1313 712 id
1340 661 1386 714 est
1414 672 1550 714 acervum
1575 656 1746 727 testimonii,
1771 674 1839 718 iuuit

1018 760 1157 815 snnuuux,
1173 744 1271 802 nentis
1294 761 1355 802 suae
1380 761 1514 803 sermone
1535 745 1654 802 vocavit.
1679 747 1748 804 blrat
1761 746 1841 807 euim

1016 831 1118 904 Syrna,
1136 835 1165 889 ct
1180 833 1332 906 antiquam
1343 833 1475 908 linguam
1491 839 1658 907 parentum,
1674 833 1840 908 provincio,

1017 921 1047 976 in
1063 937 1122 994 qua
1136 920 1296 990 habitabat,
1318 939 1453 980 sermone
1469 926 1642 980 mutaverat.

1053 1009 1133 1082 (Cap.
1150 1010 1257 1066 XXXII.
1273 1041 1308 1052 —
1322 1012 1405 1067 Vers.
1425 1018 1434 1067 l
1453 1011 1530 1082 ete.)
1543 1033 1557 1062 «
1568 1011 1842 1070 Xtoccurreruntei

1016 1097 1113 1172 angeli
1130 1099 1190 1168 Dei,
1202 1103 1231 1154 et
1245 1098 1318 1155 dixit
1331 1099 1423 1156 Jacob
1437 1103 1470 1156 ut
1481 1099 1554 1155 vidit
1579 1115 1648 1156 eos:
1674 1099 1775 1158 Castra
1789 1099 1841 1160 Dei

133 1196 308 1270 posticium
325 1193 450 1261 dicebat,
465 1191 530 1274 volo
545 1195 578 1247 ul
591 1191 622 1247 in
644 1191 776 1247 futurum
792 1179 865 1246 milri
880 1189 962 1246 varia
1016 1186 1077 1243 hac
1097 1190 1176 1258 sunt,
1192 1194 1221 1243 et
1234 1188 1347 1245 vocavit
1361 1205 1468 1245 nomen
1481 1187 1538 1244 loci
1553 1189 1740 1260 ejusGastra.
1759 1209 1774 1242 x
1786 1189 1842 1246 Ubi

133 1278 959 1342 nuscuntur.Rursumoumvidissetuniuscolorisnasci
1016 1275 1169 1333 biccuctrc
1184 1277 1279 1348 positu
1303 1280 1382 1346 sunt,
1411 1279 1441 1333 iu
1468 1277 1587 1335 Hebraeo
1613 1277 1703 1334 babet
1729 1293 1843 1340 muers

133 1390 240 1447 pecora
259 1372 361 1448 (Jacob
374 1372 495 1446 quippe,
510 1371 565 1426 hoc
581 1370 691 1434 audito,
715 1366 812 1442 virgae
827 1369 857 1423 in
873 1384 962 1424 cana·
1016 1364 1163 1436 (0³:120),
1179 1369 1211 1420 ut
1225 1366 1366 1434 sciamus,
1381 1366 1406 1423 si
1417 1367 1535 1438 quando
1546 1383 1604 1422 non
1614 1366 1842 1439 interpretatum

133 1461 216 1520 libus
230 1479 286 1520 nou
302 1460 450 1533 ponebat),
466 1459 591 1527 dicebat,
609 1463 642 1514 ut
652 1458 766 1514 iuturus
781 1457 856 1513 ictus
871 1457 961 1513 unius
1016 1453 1046 1508 in
1062 1453 1119 1510 alio
1135 1453 1197 1510 lucc
1214 1454 1341 1526 ponitur,
1359 1471 1445 1528 quem
1458 1456 1554 1512 lucum
1565 1453 1719 1528 signilloet.
1732 1457 1766 1512 nt
1779 1452 1843 1527 pul·

136 1549 245 1608 coloris
265 1547 319 1606 sibi
344 1564 450 1621 pecora
475 1551 670 1620 procrearent.
696 1547 730 1604 ut
754 1546 827 1618 quid
852 1545 962 1618 plura?
1017 1540 1096 1608 chre,
1113 1543 1150 1598 ad
1176 1543 1296 1599 tratrem
1316 1543 1412 1600 iturus
1435 1542 1599 1614 inimicum,
1623 1542 1794 1616 angelorum
1809 1559 1843 1605 ee

137 1637 278 1710 usquead
288 1637 367 1694 vices
378 1638 479 1694 decem
495 1653 642 1709 sempera
657 1635 757 1692 Laban
772 1635 887 1708 pecoris
902 1633 960 1702 sui,
1017 1630 1254 1688 commitantium
1275 1632 1418 1704 excipitur
1433 1631 1539 1688 choris.

134 1727 198 1784 sive
217 1726 317 1796 Jacob,
339 1729 453 1783 mutata
473 1725 601 1782 conditio
625 1729 680 1780 est.
706 1724 742 1780 St
766 1725 963 1796 quodeunque
1053 1720 1146 1792 (Vere.
1162 1724 1177 1776 7
1193 1725 1223 1776 ct
1236 1719 1293 1790 io.)
1314 1722 1373 1776 «ut
1384 1722 1458 1777 dixit
1468 1722 1558 1778 Jacob
1571 1737 1578 1778 :
1591 1721 1667 1778 Deus
1679 1721 1773 1795 patris
1785 1721 1843 1780 mel

133 1813 192 1872 sihi
207 1818 402 1890 proposuerat
416 1819 449 1870 ut
463 1816 644 1880 nasceretur,
660 1813 690 1868 in
706 1812 834 1872 colorem
851 1816 965 1869 contra·
1021 1811 1112 1878 Isaac,
1128 1809 1260 1878 Domine,
1277 1809 1327 1881 qui
1343 1810 1444 1866 dixisti
1460 1811 1496 1866 ad
1507 1827 1554 1868 me
1566 1826 1573 1868 :
1585 1810 1777 1868 Revertercin
1788 1814 1845 1868 ter·

131 1903 213 1960 dum
229 1903 405 1960 vertebatur.
425 1903 464 1959 Ne
479 1901 527 1959 cui
542 1906 639 1958 autem
656 1903 686 1957 in
701 1918 751 1958 sex
765 1901 852 1958 annis
863 1901 964 1958 decem
1020 1915 1082 1955 rem
1109 1902 1203 1966 turam,
1218 1903 1247 1954 et
1267 1897 1435 1956 benedicam
1461 1899 1532 1956 tibi:
1559 1899 1656 1958 minor
1678 1916 1746 1957 sum
1760 1899 1843 1958 omui

131 1989 722 2067 pariendivicesincredibilesvideautur,
735 1989 798 2062 lege
808 1989 963 2064 Virgilium
1019 1986 1221 2044 misericordia
1235 1989 1296 2056 tua,
1313 1991 1342 2044 et
1364 1988 1445 2044 omni
1468 1988 1590 2046 ueritate
1615 1993 1676 2055 tua,
1698 2005 1788 2061 quam
1803 1988 1845 2046 ie·

132 2081 247 2156 (Geurp.
262 2083 306 2152 ιι),
323 2080 427 2153 inquo
447 2077 572 2135 dicitur:
1019 2075 1084 2132 cisti
1099 2091 1152 2149 pro
1167 2091 1250 2132 servo
1264 2079 1325 2133 tuo.
1339 2098 1354 2127 x
1374 2077 1428 2132 Pro
1453 2093 1486 2134 eo
1511 2078 1589 2149 quod
1614 2092 1667 2134 uos
1690 2077 1847 2151 posuimus

262 2169 303 2220 uis
317 2168 432 2235 gravidis
447 2167 575 2234 pecudes.
1018 2164 1111 2220 minor
1122 2179 1192 2230 aum,
1210 2162 1289 2220 aliud
1306 2161 1403 2220 nescio
1418 2163 1489 2235 quid
1503 2163 1524 2232 ³,
1550 2164 1629 2235 quod
1645 2179 1768 2220 sensum
1782 2167 1847 2220 tur·

130 2251 248 2308 Natura
262 2249 361 2306 autem
376 2247 545 2306 Italicarum
570 2246 669 2304 evium
694 2249 722 2302 et
746 2244 963 2317 Mesopotamia
1019 2251 1078 2311 bet.
1090 2251 1120 2307 in
1137 2249 1244 2308 Grecis
1260 2254 1289 2306 et
1303 2250 1413 2307 Latinis
1428 2251 1579 2307 codicibus
1594 2251 1772 2310 continetur.

133 2357 198 2397 uua
213 2355 279 2396 esse
298 2337 435 2394 traditur.
1054 2339 1146 2410 (Vers.
1160 2343 1193 2393 ‘ti
1210 2344 1238 2395 et
1249 2339 1311 2408 ²28.)
1329 2360 1344 2390 (ι
1358 2340 1393 2396 Et
1408 2339 1482 2395 dixit
1495 2339 1540 2396 ei:
1555 2339 1636 2404 Quod
1649 2354 1757 2396 nomen
1767 2338 1845 2396 tibi?

169 2427 265 2500 (Vera.
284 2426 340 2498 19.)
359 2425 423 2482 «Et
446 2425 541 2481 iurata
569 2429 615 2481 est
641 2423 749 2480 Rachel
773 2422 851 2480 idola
872 2421 964 2496 patris
1018 2428 1072 2495 Qui
1087 2429 1138 2500 ait,
1155 2429 1256 2496 Jacob,
1270 2427 1348 2484 Dixit
1359 2433 1459 2485 autem
1476 2428 1504 2485 ei
1517 2446 1524 2485 :
1538 2428 1606 2484 lam
1621 2443 1680 2484 non
1694 2427 1847 2486 vocabitur

131 2515 194 2572 sui.
211 2537 225 2565 c
243 2514 299 2573 Ubi
312 2529 390 2570 nunc
418 2512 654 2590 idolo-legimus,
669 2512 699 2568 in
726 2512 964 2568 llobrnornenx·
1017 2517 1107 2573 Jacob
1122 2532 1228 2574 nomen
1252 2521 1349 2588 tuum,
1375 2518 1427 2574 sed
1452 2517 1604 2574 vocabitur
1629 2532 1735 2574 numen
1759 2519 1845 2574 tuum

131 2601 528 2677 ss1x¹lnuexn)scriptum
554 2606 608 2668 est,
634 2618 697 2674 quffl
720 2599 828 2673 Aquila
852 2599 963 2677 μορφώ-
1019 2605 1126 2663 lsrael:
1143 2605 1212 2678 quia
1228 2605 1378 2662 invaluisti
1395 2623 1462 2662 cum
1474 2603 1848 2675 Deo,etcumhominibus

136 2711 224 2766 ματα,
250 2691 280 2748 id
306 2695 352 2748 cst
374 2689 482 2763 figurae
503 2689 547 2747 val
570 2691 716 2760 insomnes,
742 2689 963 2762 interpretatur.
1018 2693 1136 2751 valebis.
1155 2716 1169 2746 »
1189 2694 1338 2767 ‚Iosephus
1360 2694 1390 2750 in
1415 2695 1510 2767 primo
1532 2694 1736 2767 Antiquitatum
1760 2691 1846 2765 libro,

132 2781 200 2838 Hoc
214 2783 312 2836 autem
328 2779 404 2846 idea,
430 2784 464 2835 ut
487 2777 617 2836 sciamus
640 2778 710 2851 quid
735 2777 874 2834 iudicum
889 2777 964 2834 libro
1018 2783 1108 2841 lsrael
1123 2784 1187 2841 ideo
1203 2782 1382 2857 appellatum
1399 2787 1491 2856 putat,
1520 2784 1598 2856 quod
1620 2784 1777 2840 adversum
1793 2799 1845 2840 uu·

132 2886 209 2938 xvrr,
225 2869 255 2941 5)
269 2885 437 2926 annueram
448 2871 542 2924 sonet.
1018 2873 1115 2946 gelum
1132 2873 1264 2930 steterit:
1281 2873 1359 2944 quod
1381 2888 1434 2945 ego
1459 2871 1615 2944 diligenter
1639 2871 1800 2941 excutiens,
1816 2869 1847 2926 in

172 2956 269 3030 (Vera.
289 2957 381 3030 2l.)«
403 2957 436 3013 Et
465 2957 600 3014 transivit
628 2947 762 3028 fluvium,
785 2959 815 3014 et
840 2956 964 3013 venitin
1019 2963 1138 3019 Hebraeo
1167 2961 1284 3034 penitus
1311 2961 1440 3018 invenire
1468 2979 1526 3018 non
1560 2960 1676 3034 potuit.
1706 2960 1742 3015 ut
1769 2959 1845 3017 857

130 3049 269 3104 montem
285 3043 404 3102 Galaad.
418 3067 433 3096 »
453 3046 517 3102 Non
543 3045 621 3119 quod
646 3062 679 3102 eo
702 3050 833 3117 tempore
857 3044 964 3101 Galaad
1021 3050 1091 3125 quid
1104 3067 1149 3107 me
1161 3066 1280 3108 neccsse
1290 3055 1336 3106 eat
1346 3049 1498 3122 opiniones
1508 3065 1637 3122 quaerere
1648 3047 1847 3122 singulorum,

131 3151 224 3194 mons
244 3133 407 3192 diceretur:
434 3133 484 3190 sed
514 3151 564 3207 per
587 3133 839 3206 anticipationem,
858 3139 891 3190 ut
906 3133 961 3190 ire·
977 3126 1000 3194 C
1019 3157 1086 3196 cum
1097 3139 1302 3212 etymologiam
1314 3139 1442 3195 nominis
1453 3143 1578 3212 exponat
1589 3136 1651 3212 ipse
1662 3136 1712 3210 qui
1723 3135 1845 3210 posuit?

130 3227 263 3297 quanter
287 3221 427 3292 diximus,
452 3221 532 3280 aaa
555 3222 605 3278 illo
628 3227 747 3279 vocatur
771 3223 963 3295 nomineque
1017 3231 1076 3286 Non
1101 3229 1251 3296 exorabitur,
1293 3227 1401 3300 inquit,
1438 3244 1536 3285 nioman
1573 3236 1652 3284 enam
1679 3227 1770 3295 Jacob,
1799 3223 1845 3282 sed

131 3317 240 3387 postea
250 3317 439 3384 nuncupatus
453 3315 508 3367 esi·
1017 3319 1103 3376 laruei
1113 3321 1166 3375 erit
1175 3334 1273 3374 numen
1285 3322 1373 3373 tuum.
1381 3317 1475 3382 Ouarc
1484 3317 1498 3372 ‘i
1507 3317 1720 3389 interpretatur
1729 3314 1845 3388 Aquila,

172 3400 269 3472 (Vere.
286 3399 343 3471 ll.)
357 3422 371 3450 a
389 3399 423 3455 ut
438 3399 559 3456 mutasti
575 3400 740 3456 mercedem
756 3415 851 3456 meam
863 3400 963 3456 decem
1019 3403 1060 3462 ’ότι
1084 3407 1167 3482 lipia<
1198 3405 1266 3480 μετὰ
1291 3408 1358 3458 Θεοῦ
1380 3406 1582 3479 Symmachus,
1605 3399 1648 3457 ’ότι
1672 3402 1748 3479 ἤρξω
1775 3401 1846 3478 πρὸς

133 3487 236 3562 agnis.
252 3510 266 3540 x
292 3488 369 3544 ldem
395 3504 486 3556 error,
510 3489 560 3560 qui
583 3504 693 3560 supra:
720 3504 862 3545 numurus
886 3489 964 3545 enim
1019 3495 1095 3551 Oedi.
1113 3493 1305 3568 Septuaginta
1320 3497 1348 3549 et
1366 3493 1536 3560 Theodotio,
1552 3486 1594 3545 ’ότι
1617 3491 1761 3566 tutelone<
1778 3488 1847 3564 μετὰ

134 3594 195 3650 nro
211 3577 293 3648 uanis
306 3576 449 3650 legendus
465 3581 519 3633 est·
1020 3587 1087 3639 esee
1102 3584 1206 3639 sinin
1222 3582 1349 3653 (naseu
1373 3581 1463 3652 enim,
1489 3581 1568 3653 quoa
1593 3580 1629 3636 au
1653 3579 1741 3636 lsrael
1761 3593 1846 3634 voea-

178 3667 275 3734 (Vers.
289 3665 343 3736 lb.)
361 3687 376 3716 a
392 3665 426 3722 Et
444 3663 516 3720 dixit
538 3665 628 3722 iacob
656 3665 795 3722 iratribus
811 3666 885 3734 suis,
901 3664 965 3723 Col·
1023 3672 1093 3730 bulo
1108 3671 1266 3740 derivatur,
1283 3671 1436 3742 principem
1449 3673 1542 3725 sonat.
1566 3669 1677 3724 Sensus
1691 3666 1790 3738 itaque
1803 3667 1848 3722 est

138 3753 273 3827 ligamus
287 3750 410 3828 lapides.
422 3755 458 3810 llt
472 3753 654 3828 congregatis
669 3753 819 3827 lapidibus
834 3755 967 3811 facerunt
1021 3763 1084 3820 Non
1099 3759 1251 3816 vocabitur
1264 3774 1370 3814 nomen
1385 3761 1471 3814 tuum
1495 3757 1696 3828 supplantetur,
1712 3754 1767 3811 hoc
1782 3757 1828 3810 est
1838 3765 1860 3810 :⁴

134 3859 279 3901 acervum
293 3850 322 3900 et
337 3843 529 3901 comederunt
544 3860 632 3917 super
652 3861 730 3901 eum.
756 3844 791 3900 ue
805 3845 917 3900 vocavit
932 3845 967 3899 il·
1021 3851 1111 3918 Jacob,
1128 3849 1179 3906 sed
1194 3847 1347 3904 vocabitur
1358 3861 1464 3902 nomen
1475 3849 1560 3902 tuum
1570 3846 1697 3918 peinceps
1707 3859 1770 3900 cum
1782 3847 1847 3912 uec,

135 3935 203 3990 lum
221 3932 321 3990 laban
336 3936 479 3988 Acervum
505 3931 675 4002 testimonii,
701 3937 730 3988 et
751 3933 841 3989 iacob
855 3932 969 3989 vocavit
1021 3940 1077 3996 hoo
1091 3941 1136 3995 est
1151 3937 1244 3994 lsrael.
1262 3935 1412 4002 Quomodo
1436 3934 1515 3989 enim
1532 3934 1666 4006 princeps
1690 3949 1743 4008 ego
1759 3947 1848 3990 sum:

136 4021 228 4078 illum
243 4023 384 4080 Acervum
396 4021 491 4079 testis.
508 4043 523 4072 e
539 4023 657 4078 Aeneae
669 4021 788 4078 llebroea
802 4020 903 4094 lingua
914 4006 968 4094 (5))
1023 4028 1065 4085 sic
1080 4031 1109 4084 et
1123 4030 1167 4095 tu,
1182 4023 1233 4096 qui
1249 4039 1365 4079 mecum
1382 4021 1487 4078 luctari
1501 4021 1637 4096 potuisti,
1652 4021 1789 4096 princeps
1803 4037 1851 4078 vo-

134 4109 339 4170 subdicitur:
366 4127 420 4166 xxo
445 4111 505 4183 (aa)
526 4126 594 4167 vcro
620 4112 813 4168 testimonium.
840 4111 968 4168 Rursum
1024 4115 1147 4174 caberis.
1169 4114 1198 4169 Si
1215 4115 1312 4168 autern
1328 4127 1445 4168 mecum
1462 4111 1513 4184 qui
1527 4112 1607 4168 Deus
1626 4128 1704 4178 sum,
1721 4110 1781 4167 aive
1796 4125 1850 4166 an-

176 4269 317 4328 ¹Vertnm
333 4271 497 4328 Hebraicum
510 4271 594 4328 Meni.
612 4271 686 4328 uuiti
712 4275 797 4330 antea
810 4271 878 4328 libri
895 4272 971 4345 lege·
1023 4279 1072 4348 τήν
1116 4269 1249 4349 Ἐὕραῐων
1296 4269 1421 4346 γλῶτταν
1468 4272 1513 4326 τὸν
1552 4270 1709 4327 decretione
1737 4265 1850 4344 ἀγγέλῳ

138 4345 215 4400 hant
231 4342 261 4398 iu
276 4342 383 4414 plurali
399 4352 476 4404 nim
491 4345 616 4399 munim:
639 4343 690 4399 sed
713 4361 766 4400 nos
789 4343 970 4416 singularam
1024 4347 1355 4422 betelanitangclus,
1385 4348 1414 4400 nt
1441 4344 1757 4401 aelarcelumuocoret:
1777 4340 1849 4413 quud

137 4427 301 4496 nmirum
310 4415 388 4470 mm
397 4413 686 4486 restituimus,juxta
695 4415 782 4472 fldem
792 4432 864 4471 mss·
877 4431 972 4472 exem·
1026 4421 1160 4478 llebraico
1174 4419 1275 4490 iiiique
1289 4418 1429 4544 expressunt
1442 4415 1542 4487 nnpclo
1559 4416 1748 4497 reluctantem.
1760 4416 1848 4469 Acce·

138 4485 283 4560 plurium·
299 4485 443 4542 Multitud-
989 4495 1011 4560 D
1026 4493 1069 4548 dit
1085 4492 1153 4547 huic
1168 4487 1341 4561 expositioni
1375 4489 1492 4543 ustinus
1504 4487 1605 4560 Dialcg
1615 4503 1682 4544 cum
1693 4483 1840 4557 Triphoue

179 4555 309 4613 -Vide
323 4557 352 4613 S.
374 4557 531 4630 augustin.
547 4561 651 4630 quaest.
667 4557 701 4613 93
716 4556 746 4612 in
762 4557 910 4613 Genddox
925 4574 970 4614 ve·
1029 4563 1075 4620 eui
1111 4561 1198 4618 lsrael
1238 4560 1356 4629 dicitur,
1391 4554 1532 4634 ἄνθρωπος
1564 4561 1645 4613 νικῶν
1679 4553 1787 4646 iisepo
1820 4525 1851 4609 cl

139 4633 223 4684 tores
249 4627 378 4712 editores
407 4645 514 4696 trombi,
552 4633 584 4684 ut
612 4629 642 4684 in
672 4630 736 4702 ipso
760 4633 804 4685 est
833 4629 973 4685 Hebraico
1028 4634 1091 4762 help*
1117 4637 1191 4715 lupe,
1208 4629 1445 4714 Sullpmaoeuixupu
1477 4629 1532 4684 ἐστι
1551 4628 1583 4714 ad
1612 4625 1708 4700 δὲέλι,
1726 4623 1850 4698 tulupa,
1887 4643 1894 4653 .

139 4698 474 4842 ffisslssglonilisgllaeiofi,
488 4775 665 4828 constanter.
681 4770 752 4827 Vide
768 4769 857 4842 Epist.
876 4771 905 4824 in
925 4786 973 4826 no·
1028 4698 1852 4846 vpssgngeneclemtppnceggiggfialgemam&tem,iffi

142 4845 212 4898 stra
239 4842 407 4900 mensione
441 4842 476 4897 29
504 4841 540 4898 ud
573 4843 741 4911 discredam,
772 4858 854 4896 nurn.
882 4843 917 4895 3⁰
947 4845 975 4896 et
1029 4849 1229 4910 rurcmsonut,
1246 4844 1851 4918 clxix-equodestdcminariautoincera

1030 4935 1157 5006 denique
1170 4917 1209 4992 Sti
1222 4936 1338 5004 potestas
1353 4933 1413 4988 sive
1428 4933 1552 5000 inpetus.

142 4929 320 5056 “gl‘ssjempe
334 4981 484 5036 raasson„
502 5003 559 5056 uu,
580 4983 656 5057 suoi
683 4981 975 5051 carisiacensis,
1065 5005 1183 5062 ⁵saraia
1197 5005 1347 5071 caenae
1365 5003 1455 5059 sarria
1470 5002 1596 5075 regemus
1616 5013 1684 5062 nie
1699 4999 1855 5067 sanitae.

140 5055 348 5182 ³afflictitigillis,
364 5054 733 5183 ffltgllulficlfflislesz'in'sacri
766 5129 862 5181 textus
890 5126 978 5182 verba

143 5185 238 5260 wt‘ttt
255 5207 300 5261 nd
314 5207 346 5256 l'l'
361 5207 435 5258 nutu
450 5215 508 5252 non
524 5199 559 5254 de
576 5199 638 5264 Dec,
650 5203 683 5252 ut
698 5197 901 5322 Hierongmus,
914 5196 976 5266 sed,

1032 5095 1107 5152 pers.
1125 5077 1201 5148 sing,
1218 5091 1308 5130 masc.
1325 5074 1460 5146 praeteriti
1477 5074 1595 5130 averbu
1607 5073 1763 5140 enudare,
1775 5070 1854 5143 quod

1031 5151 1184 5222 principem
1197 5163 1225 5202 ae
1239 5161 1335 5215 perere
1349 5145 1505 5217 significat.
1524 5150 1663 5201 tlxarmu.

522 5270 528 5280 .
606 5270 611 5280 .
1069 5223 1191 5276 -Sunt
1206 5217 1255 5288 qui
1272 5215 1328 5286 legi
1344 5217 1531 5289 suppleriquc
1547 5217 1637 5273 velint
1651 5214 1687 5271 ad
1704 5215 1855 5269 buucmo-

146 5267 353 5342 utJ⁰⁸⁰ph¹¹⁸’
366 5269 402 5324 ἀΰ
413 5269 677 5342 αηθθὶθῐῃῐθῃᾞῧῧ,
690 5284 797 5339 quemn
820 5269 980 5332 ‘nmium-⁰²
1033 5295 1102 5348 dum
1119 5309 1125 5347 :
1141 5289 1236 5346 Sardi
1253 5291 1337 5355 enim,
1352 5288 1394 5343 vei
1418 5289 1479 5355 Ser,
1508 5305 1525 5343 α
1548 5304 1600 5360 prro
1626 5285 1756 5344 uocabulo
1770 5284 1857 5341 lsrael

145 5341 236 5398 ⁰⁹5²&
257 5338 402 5412 propheta
417 5340 528 5413 “⁰⁰⁶9st
543 5341 978 5426 cap.x11,v.7:·pa727anutl
1033 5365 1182 5427 clericatur,
1205 5359 1359 5430 principem
1378 5367 1465 5414 sonet.
1491 5359 1574 5414 Certe
1598 5359 1677 5414 bisce
1700 5354 1857 5430 postremis
1946 5354 1963 5376 ”

143 5445 244 5502 pugno
258 5426 398 5484 contendit
415 5443 478 5483 cum
501 5429 607 5502 capelo.
633 5429 681 5484 Sic
704 5432 802 5483 autem
828 5427 916 5483 babet
929 5429 979 5485 Jo·
1034 5429 1200 5506 Hieronymi
1215 5429 1311 5485 verbis
1336 5430 1572 5487 subaudiendum
1587 5435 1632 5484 est
1654 5446 1681 5484 ee
1701 5440 1857 5500 perurens

148 5499 233 5630 sephi
248 5499 331 5555 locus
347 5498 398 5584 lib.
416 5516 436 5596 i,
455 5515 518 5572 cap.
534 5501 585 5558 20:
617 5495 758 5590 'liaileoee
774 5495 978 5606 (semipane
1035 5505 1192 5562 secundam
1209 5515 1364 5584 personam
1379 5502 1458 5559 verbi
1474 5513 1540 5587 ojus
1555 5501 1623 5574 quis
1634 5501 1780 5583 existimet
1794 5501 1857 5554 tau·

149 5587 187 5628 xe
209 5568 293 5628 (ισθαι
322 5568 401 5628 eicos
437 5566 570 5652 ισραηλον
600 5589 726 5648 experte
756 5569 784 5625 ei
817 5589 892 5628 ,ατο
912 5591 980 5632 aare
1036 5573 1749 5652 quamsubetantrvumuomeudlumaoceprsse.
