4066 6162
138 297 197 374 ddd
569 303 765 374 blancana
787 301 943 372 codrot
965 299 1225 369 balaamitae.
1242 335 1280 351 -
1292 297 1368 368 ma.
1391 293 1415 367 l.
1779 293 1843 370 814

135 457 199 522 pes,
215 443 322 520 muni.
338 441 421 502 Unde
435 447 465 501 et
495 442 654 518 Apostolus
685 444 774 504 dicit:
789 467 804 498 a
834 444 897 504 Non
913 439 1006 519 pois
1055 440 1100 499 l7.
1121 439 1248 500 idolium
1277 457 1308 501 ut
1340 444 1487 506 ottones
1515 447 1689 518 peecatorum
1718 437 1842 515 scottus

135 537 194 594 test
207 533 317 592 oculus
332 532 428 590 dicere
442 532 554 603 manui,
571 551 629 591 non
643 550 675 591 es
691 534 763 592 mihi
779 534 962 605 necessaris;
1019 561 1052 574 -
1081 529 1156 596 Quid
1185 532 1293 590 mirum
1326 533 1356 591 io
1372 535 1528 594 collatione
1560 540 1740 608 sanatorum,
1765 537 1840 597 alios

136 623 312 684 astiturum
329 627 418 696 caput
449 623 584 696 pedibus,
600 640 658 680 oon
682 624 815 682 desidero
845 640 963 697 operum
1018 635 1083 677 osse
1097 619 1243 691 meliores,
1268 627 1297 680 at
1312 623 1385 683 elios
1417 625 1580 693 interiores,
1596 641 1663 683 oum
1692 631 1839 686 econtra·

134 729 276 772 mtrem.
289 712 430 785 Nunquid
451 728 554 768 omnes
577 711 726 785 apostoli?
744 713 878 788 nunquid
899 730 963 770 om·
1018 708 1061 766 rio
1077 708 1106 764 in
1122 708 1278 769 collatione
1293 717 1478 786 peccatorum
1494 715 1549 772 hoo
1582 713 1706 790 intelligi
1715 716 1841 788 'possiti

138 800 632 877 nespropbetse‘innnquldomnes
653 801 961 877 magistrilnunquid
1018 798 1061 856 eid
1093 798 1256 856 Jerusalem
1290 802 1408 873 dicitur,
1443 822 1507 878 qna
1536 803 1837 879 multispeooatorum

142 909 246 952 omnes
258 895 379 948 cunctas
393 890 502 946 babent
530 889 677 946 virtutes?
701 891 834 965 nunquid
859 908 963 949 omnes
1018 891 1081 944 orat
1094 888 1229 946 confossa
1257 891 1446 951 vulneribus:
1465 915 1480 946 a
1507 893 1672 953 iustificata
1686 900 1732 954 est
1750 895 1842 954 Sodo-

146 981 312 1042 donstionss
327 978 439 1035 babent
451 977 635 1034 sonitatum?
649 979 783 1052 nunquid
798 979 965 1036 omneslin-
1019 991 1117 1036 mccx
1131 980 1159 1032 te
1175 979 1182 1048 (
1201 980 1299 1035 Teren.
1316 997 1354 1046 nv,
1370 983 1415 1054 6);
1434 1005 1448 1033 ιι
1463 1000 1520 1040 non
1554 985 1633 1058 quod
1648 984 1777 1042 sodoma
1791 999 1844 1058 per

142 1071 204 1146 gnis
218 1066 406 1140 loquuntur?
421 1066 555 1138 nunquid
570 1083 674 1124 omnes
687 1067 964 1142 interpretantur¹l
1019 1080 1051 1125 sc
1061 1065 1144 1136 justa
1159 1066 1206 1131 sit.
1225 1085 1288 1140 qun
1309 1069 1338 1125 in
1354 1074 1477 1128 eternus
1492 1071 1621 1145 collapsa
1633 1073 1745 1130 cineres
1761 1071 1840 1144 (oen.

136 1155 326 1217 AEmulamini
341 1156 418 1211 dona
433 1155 555 1226 majora.
571 1155 678 1213 Omnia
693 1161 791 1214 sutem
818 1157 963 1231 hsecope·
1019 1153 1247 1225 ¹1x‚24)‚t11dil
1269 1173 1321 1230 per
1354 1159 1578 1217 Ezechielem«
1613 1161 1740 1218 Sodoma
1755 1162 1838 1220 resti·

135 1251 216 1305 retur
226 1263 310 1303 unns
325 1247 435 1318 utaque
450 1244 529 1302 idem
544 1245 681 1317 Spiritus,
709 1245 844 1303 dividens
859 1246 963 1321 singu·
1018 1245 1119 1298 tuetur
1132 1241 1161 1297 in
1178 1243 1332 1319 antiquum
1348 1247 1459 1318 (Esset.
1474 1265 1534 1314 nvn,
1566 1250 1612 1317 55)
1629 1265 1662 1304 s:
1690 1250 1741 1307 sed
1761 1250 1840 1323 qnod

133 1337 169 1394 lis
184 1335 354 1408 unicnique
368 1331 466 1407 proult
480 1332 560 1389 vult¹
581 1334 605 1406 (l
618 1334 679 1390 Cor.
695 1353 746 1403 nn,
762 1337 795 1390 21
813 1353 896 1408 seqq.
913 1337 931 1408 ).
949 1356 963 1386 ιι
1019 1332 1236 1404 comparatione
1268 1333 1462 1394 sceleratioris
1493 1337 1656 1396 Jerusalem
1684 1339 1840 1411 hoojusta

134 1425 165 1482 ln
185 1421 423 1495 qnodiligentar
451 1421 579 1490 attende,
594 1422 671 1494 quod
702 1439 759 1479 non
775 1423 890 1491 dixerit,
916 1439 964 1480 se·
1018 1418 1160 1476 videatur.
1178 1420 1230 1478 llla
1262 1425 1340 1481 enim
1373 1425 1424 1482 Del
1458 1426 1564 1485 Filium
1596 1427 1763 1497 trucidavit,
1780 1426 1842 1484 baso

133 1512 267 1570 candum
283 1509 366 1582 quod
381 1511 613 1583 unumquodque
627 1512 793 1568 membrum
807 1512 896 1586 cupit,
913 1512 963 1569 sed
1019 1511 1137 1581 propter
1151 1509 1383 1570 abunduntiam⁸
1398 1515 1495 1587 panis,
1511 1519 1539 1573 et
1553 1532 1604 1588 per
1631 1515 1752 1574 luxuria
1777 1531 1840 1574 ma·

110 1669 230 1746 'dicore
246 1689 351 1760 potest
362 1702 414 1744 vas
428 1685 518 1760 dgnlo
533 1702 604 1743 suo:
638 1687 963 1752 Quareitavelitame
1018 1687 1048 1742 in
1063 1687 1221 1760 Evangelio
1235 1691 1311 1758 (Luc.
1328 1709 1408 1749 xvrn.
1425 1693 1480 1766 13),
1514 1693 1565 1766 qui
1598 1693 1780 1767 percutiebat
1792 1709 1842 1766 pe·

132 1775 256 1836 iecisti?
271 1777 317 1832 llo
331 1789 390 1830 non
403 1772 492 1830 habel
505 1773 614 1848 figulus
629 1779 802 1847 potestatem
819 1776 962 1832 desudem
1019 1780 1095 1845 otus,
1110 1777 1196 1848 quasi
1212 1777 1386 1837 thesaurum
1401 1781 1612 1854 cogitationum
1635 1781 1844 1856 pessimarum,

133 1865 208 1934 luto,
224 1863 311 1922 alind
326 1880 379 1919 vas
395 1861 534 1919 iaceroin
549 1864 702 1932 honorem,
728 1863 807 1921 aliud
822 1863 852 1920 in
868 1869 967 1921 contu·
1023 1866 1052 1920 et
1083 1865 1262 1924 conscientia
1294 1867 1479 1938 delictorum,
1514 1870 1614 1930 oculos
1646 1887 1705 1929 non
1720 1870 1846 1928 audebat

134 1954 259 2014 maliem
268 1953 360 2026 (Rom.
377 1951 521 2024 nr,21)‘l»
532 1951 614 2008 Unde
624 1957 838 2026 consequenter
848 1953 965 2026 adjecit,
1022 1949 1163 2023 attollere,
1179 1957 1378 2028 superbientis
1398 1959 1544 2016 Pharisai
1575 1959 1729 2018 collatione
1750 1959 1844 2030 utju·

142 2040 460 2098 aAEmnlaminidona
492 2041 622 2112 mqjora;
639 2044 672 2096 ut
704 2041 734 2097 in
769 2041 967 2098 lldeetindu-
1023 2041 1105 2098 stior.
1121 2041 1156 2098 lit
1169 2043 1299 2102 Theman
1319 2047 1375 2103 sub
1390 2048 1487 2120 specis
1520 2047 1681 2106 meretricis
1696 2047 1771 2106 fallit
1793 2046 1846 2105 Ju-

141 2131 216 2188 stria
229 2129 298 2203 plus
308 2128 421 2186 ceteris
432 2128 642 2186 chrismatibus
658 2129 764 2186 habere
785 2147 962 2199 mereamur,
1023 2128 1102 2197 dam,
1119 2134 1148 2186 et
1159 2130 1253 2203 ipsius
1268 2135 1415 2191 sententie
1429 2134 1479 2208 qui
1495 2138 1634 2208 deceptus
1649 2140 1704 2206 ast,
1718 2139 1848 2193 meretur

140 2221 339 2293 melioresque
355 2219 451 2276 simus
464 2218 523 2288 his,
537 2218 586 2291 qui
599 2220 817 2293 comparatione
833 2219 925 2276 nostri
939 2218 969 2274 in
1023 2217 1126 2274 audire
1138 2234 1145 2274 τ
1159 2241 1174 2270 «
1189 2220 1356 2279 Justiflcata
1368 2227 1413 2278 est
1427 2223 1557 2280 Thamar
1570 2224 1666 2298 magle
1688 2240 1777 2297 quom
1792 2238 1847 2296 ego

136 2307 435 2369 secundoveltertio
463 2308 556 2381 gredo
584 2307 671 2380 positi
700 2313 779 2365 sunt.
810 2308 841 2364 ln
865 2323 971 2381 magna
1024 2304 1091 2377 (Gen
1102 2323 1220 2373 muns,
1236 2311 1291 2382 26).Ι
1308 2331 1323 2360 »
1354 2313 1429 2369 m
1444 2312 1485 2368 nx
1508 2312 1772 2383 quibusomnibus
1792 2327 1845 2384 ap-

137 2401 229 2457 domo
257 2414 334 2454 vass
348 2397 464 2454 diversa
478 2401 556 2464 sunt,
573 2395 630 2453 alia
644 2413 743 2464 aurea,
756 2397 970 2470 aliamgentee,
1025 2394 1177 2466 probetur,
1194 2396 1290 2454 solum
1306 2415 1364 2456 non
1380 2400 1780 2474 adcomparationemdisine
1787 2417 1848 2458 ma-

138 2503 231 2558 anes,
248 2485 359 2552 serres,
376 2485 540 2558 ligneaque.
558 2487 702 2544 attamen
722 2487 885 2544 secundum
909 2501 972 2542 mo·
1022 2481 1140 2553 jesous
1155 2483 1289 2544 homines
1302 2504 1489 2561 nequaquem
1500 2505 1565 2547 esse
1580 2491 1734 2563 perlectos,
1748 2490 1800 2547 sed
1810 2505 1847 2546 ne

138 2577 246 2634 dolum
283 2589 385 2642 soum,
419 2591 486 2630 cum
515 2591 629 2632 eneum
662 2592 714 2632 vus
728 2576 888 2648 perlectum
922 2573 971 2643 sit,
1026 2568 1197 2641 angelornm
1220 2573 1392 2645 quidemst
1415 2579 1586 2632 ceterorum
1614 2575 1846 2649 bominum,qui

137 2663 365 2738 comparatione
392 2664 521 2738 argentei
554 2664 630 2720 m
663 2665 740 2722 vasis
765 2664 972 2737 imperfectum
1025 2657 1178 2728 virtutum,
1195 2660 1593 2734 culmiosoonscenderunt3
1609 2681 1676 2724 oum
1691 2669 1722 2722 et
1743 2668 1775 2722 tn
1796 2664 1847 2738 qui

140 2755 260 2823 dicitur,
278 2769 462 2826 rursumque
473 2758 642 2828 argenteum
658 2753 737 2811 aurei
753 2751 907 2810 collatione
922 2753 971 2809 de·
1027 2745 1181 2805 meliores
1210 2749 1330 2809 alterius
1360 2752 1524 2822 collatione,
1540 2753 1847 2828 quemimperleotum

140 2844 232 2902 terina
267 2845 327 2900 est.
341 2843 437 2915 Atque
469 2842 636 2910 boomodo‚
671 2843 742 2898 dom
775 2842 831 2898 sibi
847 2842 972 2898 invicem
1026 2841 1327 2911 essomonstraveris,
1361 2859 1481 2899 rursum
1513 2843 1550 2899 ab
1565 2843 1622 2900 elio
1653 2847 1683 2901 te
1701 2845 1849 2916 praeeunte

142 2935 371 3006 comparantur,
386 2931 601 3004 imperleotset
632 2933 843 3005 perlaetasunt
863 2930 971 2987 omnin.
1026 2924 1172 2983 macaris:
1189 2945 1222 2984 ao
1237 2930 1355 3001 perhoc
1371 2947 1428 2987 non
1443 2931 1553 2988 habeas
1574 2947 1674 2990 varam
1695 2928 1847 3004 perieotlo·
1965 3005 1971 3012 ῃ

143 3021 173 3080 lo
186 3037 261 3097 egro
276 3027 369 3079 terrae
383 3021 475 3089 bons,
492 3026 521 3078 at
534 3038 567 3077 en
582 3025 782 3078 unasemente
800 3019 974 3078 tricenarius
1028 3029 1106 3082 nom,
1123 3031 1186 3088 quas
1201 3017 1225 3072 si
1240 3018 1368 3089 perlecta
1383 3019 1431 3089 sit,
1447 3019 1531 3076 nulla
1542 3019 1704 3093 reindigst.

144 3110 395 3186 etseugenarius
410 3107 975 3181 cicentenariusiructusexoritur:ipsis
1066 3103 1107 3158 18.
1143 3105 1278 3174 comodo
1307 3109 1423 3179 persecu
1445 3103 1599 3181 'jubeamur
1629 3123 1694 3166 erec.
1709 3139 1745 3150 —-
1769 3107 1799 3164 C.
1815 3108 1850 3164 bt

145 3201 281 3258 numeris
298 3198 558 3271 indicatur-impar
571 3214 635 3256 esse
649 3199 726 3270 quod
743 3197 884 3265 nascitur,
895 3201 924 3254 et
934 3181 1011 3253 css-G
1030 3193 1187 3263 quomodo,
1203 3195 1306 3263 Attice,
1320 3197 1356 3252 ad
1385 3197 1591 3269 perlectionem
1619 3196 1737 3254 divinus
1752 3212 1849 3255 serum

149 3289 263 3344 monio
279 3304 337 3344 suo
353 3285 975 3359 genereperlectasuntsingula.l}lisabeth
1030 3281 1104 3337 noo⁴
1135 3285 1292 3354 provocat?
1307 3285 1338 3340 d.
1372 3285 1433 3343 Hac
1453 3286 1565 3342 ratione
1594 3301 1653 3358 qus
1671 3284 1742 3355 dixi,
1757 3289 1852 3343 utse·

154 3381 184 3432 et
196 3375 366 3444 Zacharias,
382 3391 441 3448 quo
459 3373 628 3431 testimonio
661 3373 746 3447 qussi
760 3373 975 3448 impenetrabili
1030 3373 1160 3429 cundum
1174 3371 1251 3429 vires
1278 3378 1394 3430 nostras
1420 3373 1634 3448 unusquisque,
1647 3377 1790 3446 quantum
1805 3389 1852 3430 va·

152 3465 245 3522 uteris
259 3464 373 3538 clypeo,
389 3481 443 3522 nos
458 3463 977 3536 docerepossunt,quantoinseriores
1031 3459 1130 3528 luerit,
1146 3461 1329 3530 extendatur,
1345 3461 1371 3518 si
1386 3479 1445 3534 quo
1461 3462 1548 3518 modo
1577 3462 1670 3535 possit
1690 3461 1852 3534 pervenire,

161 3553 336 3609 snntbaste
350 3552 451 3610 Marias
464 3551 568 3609 matris
588 3551 703 3608 Domini
733 3551 977 3620 sanctitateque
1032 3548 1323 3623 etcomprebendere
1354 3550 1487 3608 bravium
1518 3564 1652 3621 superne
1681 3549 1854 3607 vocationis.

162 3639 378 3698 conscientiam
394 3657 426 3699 se
440 3640 664 3698 habitantisoei
691 3639 782 3698 libere
796 3639 976 3712 proclamat:
1034 3637 1164 3709 Denique
1185 3637 1370 3710 omnipotens
1392 3638 1481 3705 Deus,
1510 3637 1557 3694 cui
1587 3637 1672 3694 docet
1698 3635 1857 3710 Apostolus

161 3727 445 3786 «Qenimexboc
458 3729 575 3784 beatam
588 3744 634 3784 me
644 3727 742 3784 dicent
751 3742 980 3801 omnasgeners·
1029 3726 1115 3797 juxta
1128 3725 1378 3797 dispensationem
1393 3725 1490 3782 earnis
1523 3729 1681 3798 assumpte
1697 3723 1857 3797 subjicien-

156 3815 259 3888 tiones,
275 3816 430 3890 qniataoit
462 3815 534 3874 mibi
551 3832 658 3890 magns
692 3817 741 3889 qui
757 3819 861 3889 potans
880 3820 935 3880 est,
951 3819 981 3872 et
1034 3812 1234 3880 dumFilium,
1247 3817 1306 3870 «nt
1320 3813 1359 3870 sit
1372 3814 1450 3872 Deus
1464 3811 1857 3886 omnieinomnibusudor.
1962 3820 1968 3837 ¹

150 3909 289 3966 nostum
307 3902 981 3977 nomenejus.Etmisericordiaejuseprogenie
1034 3919 1081 3970 xv,
1115 3903 1172 3974 28),
1188 3923 1202 3953 n
1237 3903 1390 3975 perspicue
1423 3903 1615 3971 demonstrat,
1644 3902 1861 3976 nequequam*

150 3995 346 4070 inprogsnies
358 3993 616 4050 timentibuseum.
625 3991 906 4065 Fecitpotentiamin
917 3993 981 4048 bra·
1036 3991 1092 4049 sibi
1107 3994 1213 4047 cuncta
1226 4006 1291 4047 esse
1305 3991 1447 4063 subjecta.
1464 3991 1546 4050 Unde
1560 3997 1589 4050 st
1602 3991 1747 4064 Propheta
1760 3991 1860 4063 subje-

156 4083 219 4140 chio
236 4099 294 4141 sno
311 4083 390 4157 (Luc.
408 4099 427 4138 1.
444 4083 478 4137 te
491 4090 518 4138 et
529 4081 626 4153 seqq).
644 4101 658 4131 u
670 4080 980 4152 lnquoanimadverte,
1037 4083 1163 4136 ctionem
1178 4079 1225 4136 sui
1241 4079 1270 4134 in
1299 4079 1388 4136 linem
1416 4081 1568 4152 presumit
1582 4079 1702 4137 dicens:
1719 4102 1734 4131 ιι
1754 4079 1862 4136 Nonne

40 4235 41 4251 2
152 4173 226 4244 quod
241 4173 368 4230 beatam
384 4185 416 4226 se
432 4168 658 4226 easedioatnon
674 4166 791 4240 proprio
815 4166 917 4222 merito
936 4170 981 4222 at·
1037 4170 1096 4226 Deo
1111 4167 1165 4224 sali
1181 4167 1312 4239 subjecta
1327 4166 1381 4224 erit
1396 4167 1496 4225 anima
1509 4168 1664 4225 mea⁸iab
1692 4167 1757 4240 ipso
1780 4167 1859 4224 enim

41 4269 42 4286 ¹
155 4261 350 4332 monneto,
379 4255 497 4314 sadDei
530 4255 607 4312 inse
639 4253 802 4311 habitantis
816 4253 982 4311 clementia.
1038 4261 1083 4315 est
1098 4257 1225 4314 salutare
1240 4272 1338 4312 meum
1352 4257 1438 4328 (Psoi.
1451 4274 1507 4327 oxi,
1524 4257 1644 4330 1).th
1658 4255 1729 4327 quio
1746 4254 1777 4312 in
1792 4269 1862 4311 oor-

157 4346 509 4423 ipsequoqueioannes,
525 4343 764 4416 quomajornon
780 4342 983 4400 initiaterna-
1040 4363 1109 4420 pore
1141 4345 1274 4402 aeclesis
1309 4349 1397 4418 caput
1429 4344 1562 4403 Christus
1594 4347 1651 4412 est,
1684 4343 1864 4416 quibusdam

154 4440 196 4494 los
224 4435 411 4503 mulierum,
428 4433 599 4506 parentibus
632 4430 810 4488 suismelior
841 4437 896 4489 ost.
919 4431 982 4488 Non
1040 4435 1136 4492 adhuc
1170 4432 1402 4507 repugnantibus
1435 4432 1587 4503 membris,
1615 4431 1731 4490 videtur
1756 4446 1865 4505 corpus

151 4526 226 4583 anim
239 4525 349 4584 solum
364 4521 546 4589 bominibus,
563 4521 614 4578 sed
632 4525 662 4576 at
686 4519 798 4594 angelis
815 4521 1158 4612 testimonionquoque
1205 4522 1293 4596 capiti
1332 4538 1390 4579 noo
1422 4537 1489 4579 essa
1520 4523 1698 4595 subjectum.
1727 4520 1867 4594 Namque

152 4614 266 4674 [lomim
284 4615 490 4686 eomparatur.
507 4609 541 4666 lit
553 4613 651 4666 tamen
668 4607 718 4681 qui
730 4607 845 4665 cunctis
859 4608 985 4665 homini·
1039 4612 1064 4668 si
1081 4612 1191 4682 patitur
1207 4627 1298 4668 unum
1315 4611 1491 4678 membrum,
1515 4609 1740 4684 compatiuntur
1751 4608 1863 4676 omnis,

152 4703 207 4760 bns
223 4709 293 4762 erat
310 4700 409 4772 major
424 4699 454 4755 in
469 4703 557 4768 terra,
584 4697 707 4754 minimo
730 4697 761 4754 in
790 4713 879 4772 regno
898 4697 985 4756 colo·
1039 4705 1069 4765 et
1086 4704 1180 4756 totum
1213 4716 1320 4773 corpus
1367 4698 1466 4756 dolore
1517 4698 1606 4757 unius
1638 4698 1763 4758 mambri
1796 4711 1865 4753 oru-

159 4806 218 4848 rom
232 4788 448 4850 minoriuisso
462 4787 641 4861 perhibetur.
1040 4789 1144 4846 cietur.
1161 4790 1244 4856 Quod
1275 4787 1340 4846 dico
1365 4789 1406 4846 ita
1426 4787 1611 4846 manifestius
1643 4787 1703 4845 flet.
1729 4781 1865 4851 Quendiu

188 4917 277 4976 ¹lino
294 4931 377 4998 russos.⁸
387 4912 481 4969 Vatia.
497 4916 526 4969 st
539 4911 654 4985 Regin,
670 4911 796 4983 nunquid
824 4927 916 4968 omncs
930 4929 985 4969 osr-
1041 4932 1097 4972 ms.
1126 4931 1180 4971 vox
1192 4913 1244 4970 illa
1258 4915 1411 4980 habeatnr,
1427 4914 1522 4971 satius
1537 4909 1677 4968 duximus
1690 4923 1863 4984 expungen-

154 4993 241 5096 Μῑω
255 4983 557 5116 ”magnesiam
573 5057 693 5126 ρνορήα
715 5007 876 5127 Ιιιιιὶσιιίιμιι
906 5058 987 5126 prout
1042 4988 1234 5128 daimdispendi
1258 5053 1431 5128 particulam
1446 5067 1629 5126 nequaquam,
1643 5055 1743 5137 utpote
1764 5050 1866 5110 sensui

153 5132 218 5188 rull.
263 5129 342 5190 atio.
358 5126 616 5210 diuidensciaqutis
630 5125 796 5208 proutuult.
851 5197 856 5207 Ι
981 5198 986 5208 Ι
1042 5127 1431 5195 necessariam,sulleoimus
1445 5139 1564 5182 enmss.
1582 5121 1728 5182 victonns
1748 5139 1867 5208 quoqne

187 5205 199 5238 ι
213 5203 375 5286 mquam
390 5197 514 5282 implore
529 5198 643 5282 ardetur
656 5197 816 5280 Vntsqanus
838 5195 921 5298 libor,
937 5215 987 5270 qui
1042 5198 1212 5284 interseruit
1228 5198 1326 5327 (quem
1341 5196 1499 5270 aliquando
1515 5194 1668 5252 consulere
1678 5195 1867 5254 bartimeus

155 5273 214 5332 lose
228 5273 342 5355 addat.¹
351 5271 410 5355 Quo
425 5275 568 5342 smptetotc
581 5269 663 5336 astet,
672 5284 773 5352 *moyses
787 5271 841 5332 eet,
860 5268 917 5325 baec
936 5287 987 5326 oo·
1044 5274 1194 5330 debuisset
1209 5274 1237 5328 et

155 5341 858 5496 m?inoffiffgtnmxwll:tbildgggmlgp'dsgisonius.
882 5411 945 5468 Mox
958 5411 989 5466 in
1044 5345 1210 5480 sodalitio?
1223 5413 1317 5470 Nonne
1345 5411 1397 5467 lico
1425 5411 1546 5484 subjecto
1572 5412 1647 5468 crit?
1672 5413 1726 5468 eto.
1754 5409 1870 5482 absque

157 5485 991 5556 hammusedatiseratcampumqueuostrorumqoootum
1043 5487 1106 5554 sibi,
1123 5501 1212 5558 quam
1229 5498 1328 5540 vocem
1345 5481 1564 5552 testusnullus,
1581 5483 1658 5558 quod
1689 5481 1781 5540 sciam
1805 5481 1868 5536 aut.

158 5567 209 5616 su.
245 5559 319 5618 Non
367 5553 569 5630 displicuisset
600 5555 736 5618 nostrum,
771 5554 815 5610 vel
846 5555 990 5627 justorum
1043 5557 1137 5616 versio
1154 5555 1216 5614 ulla
1231 5553 1344 5628 recipit.

162 5633 209 5690 sed
239 5645 319 5692 oum
351 5643 447 5702 nsque
475 5625 507 5688 in
535 5625 682 5692 Vaticano,
711 5641 806 5699 neque
828 5625 858 5684 in
873 5625 990 5701 Rapo·
1032 5661 1037 5670 .

1254 5270 1349 5328 sedum
1362 5269 1473 5325 Erasmi
1488 5282 1616 5324 errorem
1628 5268 1785 5326 emendare
1799 5283 1868 5342 pro-
