4108 6174
949 307 952 316 .
999 245 1210 329 armauit
1846 261 1899 336 litt

253 379 1900 440 Q

859 521 911 585 EX
933 521 1022 587 lPSO
1043 523 1350 594 cunnensium.

560 809 602 867 Ad
615 809 682 884 cop.
697 812 718 869 l.
737 812 764 868 i.
1091 817 1198 889 Astus
1213 817 1309 888 elatio,
1326 821 1395 894 quia
1409 839 1568 896 percussus
1582 824 1620 882 ab
1642 823 1738 884 aliena
1755 825 1905 902 baiompre

282 897 408 956 Necesse
416 901 463 956 est
487 901 520 956 ut
547 897 766 974 simplicitatem
790 897 934 958 columbas
966 903 1076 960 astutia
1127 905 1255 966 hibetur.
1269 909 1376 967 bladam
1390 912 1485 985 typice
1500 913 1537 970 de
1559 911 1714 971 hereticis.
1740 915 1788 972 Leo
1806 917 1905 977 diabolus

246 987 392 1062 serpentis
406 987 553 1060 instituat,
569 991 598 1044 st
612 989 752 1048 astutiam
768 988 944 1064 simplicitas
960 997 1074 1066 tempe·
1128 1009 1181 1068 pro
1195 995 1315 1055 sevitia.
1333 999 1435 1057 uana
1449 999 1550 1059 ciritae
1565 1001 1679 1059 mnndi.
1695 1001 1905 1077 Babylonisslsoni

245 1081 301 1135 ret.
318 1076 400 1136 Unde
413 1075 547 1134 Christus
561 1077 592 1133 in
615 1077 752 1136 columba
766 1083 795 1137 et
818 1079 888 1154 igne
912 1081 1073 1154 apparuitr
1129 1083 1249 1154 sociata,
1264 1087 1363 1144 catuli.
1390 1089 1444 1154 Oui
1459 1091 1538 1162 quod
1558 1091 1673 1165 reprobi
1689 1092 1724 1149 ab
1739 1091 1790 1151 illia
1801 1093 1904 1167 generati¹

247 1165 318 1240 quia
333 1164 410 1238 plani
431 1164 481 1222 illo
496 1165 538 1222 sio
563 1167 783 1226 mansuetudini
808 1166 1009 1242 simplicitatis
1024 1171 1074 1228 ds-
1128 1175 1164 1231 ab
1179 1173 1226 1231 bis
1241 1181 1343 1233 cavent
1357 1177 1412 1234 sibi
1427 1179 1532 1236 sancti.
1548 1184 1586 1236 st
1599 1179 1728 1237 baeretici
1744 1181 1826 1238 securi
1837 1185 1907 1240 onnia

244 1252 387 1324 serviunt,
401 1255 433 1308 ut
448 1259 552 1310 contra
569 1253 648 1312 mala
671 1253 732 1312 uolo
760 1255 943 1314 rectitudinis
968 1274 1074 1316 accen·
1128 1277 1329 1337 essuperasso
1348 1269 1462 1339 putant,
1485 1267 1570 1341 qussi
1595 1269 1711 1326 dicant:
1738 1269 1797 1328 ldao
1817 1273 1907 1329 norla-

243 1340 362 1398 dantur.
381 1341 489 1398 Timere
504 1343 620 1400 licum¹.
636 1341 793 1402 Salomon:
812 1345 868 1414 Qut
882 1347 961 1404 timet
975 1347 1073 1415 Deam,
1128 1350 1282 1426 gellamur‚
1294 1355 1364 1426 quia
1377 1356 1514 1412 virtutem
1529 1357 1636 1414 diaboli
1652 1357 1909 1428 vincimuaetuooen

242 1429 736 1502 aibituepiipit.1teeedeascmoto.
754 1432 826 1490 ltem
842 1432 999 1492 Salomon:
1017 1437 1073 1506 Qui
1127 1439 1157 1496 id
1172 1445 1218 1497 sat
1238 1441 1362 1515 gloriam
1392 1443 1502 1511 saculi,
1527 1447 1555 1501 et
1578 1443 1691 1515 dentes,
1716 1446 1745 1502 id
1768 1451 1807 1503 est
1825 1461 1910 1519 persas·

243 1519 275 1576 ia
288 1535 343 1576 uro
357 1519 484 1592 offendit.
509 1521 602 1577 mutto
623 1521 692 1580 borsa
713 1521 815 1594 perdit.
839 1522 924 1580 Prius
948 1541 1074 1597 persona
1128 1527 1241 1586 sionem
1261 1532 1465 1604 reproborum.
1490 1532 1588 1607 'liguis
1610 1533 1720 1590 iterum
1742 1531 1858 1592 diabolus
1874 1551 1910 1608 pro

243 1611 311 1682 apte
324 1607 514 1682 describitur,
529 1625 620 1683 quam
636 1627 736 1684 pugna
749 1612 957 1684 eiusdicatur,
976 1618 1010 1670 ut
1027 1617 1072 1670 ta·
1127 1617 1301 1675 multiformi
1325 1621 1445 1690 astutia,
1469 1620 1512 1678 vel
1535 1621 1754 1696 myrmicoleon,
1774 1623 1818 1696 qui
1837 1630 1910 1680 mona

241 1694 278 1754 lis
294 1713 382 1770 posse
392 1696 486 1754 vicem
501 1698 622 1756 roddens
636 1698 779 1758 videatur.
1127 1705 1297 1764 insistentes
1321 1708 1437 1779 dabilis,
1466 1711 1568 1767 contra
1603 1712 1813 1769 consentientes
1842 1712 1909 1769 tortis.

537 1786 577 1844 ss
591 1787 657 1862 Cap.
673 1790 720 1858 lll,
735 1791 763 1846 8.
1126 1796 1217 1862 Quem
1231 1796 1335 1853 dicunt
1347 1798 1481 1871 periisse,
1497 1799 1547 1873 qui
1564 1799 1594 1856 in
1621 1799 1665 1856 oie
1679 1800 1804 1874 pradum
1816 1817 1863 1857 noo
1874 1801 1910 1857 ls-

274 1873 439 1932 addicunt
452 1876 490 1947 ei,
512 1878 562 1950 qui
582 1878 750 1934 maledicant
777 1877 843 1936 diei.
858 1879 1018 1936 Moraliter.
1036 1881 1070 1938 ln
1124 1883 1184 1940 bet.
1201 1883 1261 1940 lloc
1275 1886 1467 1958 pro¹gaudic
1487 1889 1632 1959 repetunt,
1657 1887 1728 1960 quia
1743 1903 1817 1962 sape
1834 1888 1911 1962 repeti·

240 1964 330 2022 ueteri
353 1963 556 2022 translations.
591 1965 830 2037 succurrerem,
857 1969 905 2040 arsi
930 1968 1071 2026 mebdictt
1124 1973 1262 2045 tarqnod
1278 1991 1330 2047 par
1342 1974 1484 2048 gaudium
1500 1973 1618 2034 dicitur.

240 2051 323 2122 diem,
339 2054 389 2126 qui
399 2061 530 2128 capturus
550 2057 589 2112 est
603 2057 712 2127 prande
732 2060 832 2116 cetum.
849 2056 1001 2129 Diabolus,
1019 2058 1069 2132 qui
1397 2063 1437 2119 Ad
1457 2065 1527 2136 cup.
1542 2055 1611 2134 lix,
1628 2065 1673 2120 sl.

240 2141 327 2199 modo
352 2157 420 2209 nor,
448 2142 479 2198 in
495 2145 552 2199 llas
574 2143 814 2213 eritvisusdies,
830 2161 897 2202 oum
913 2145 1108 2251 extolleturB
1160 2141 1241 2208 Onod
1261 2141 1291 2197 in
1316 2141 1439 2214 plumbo
1469 2144 1619 2212 sonitibus,
1654 2145 1745 2202 citius
1767 2144 1873 2202 deletur.
1892 2147 1914 2202 lo

240 2245 331 2304 supra
344 2246 431 2287 omns
446 2231 475 2286 id
491 2232 568 2304 quod
595 2232 703 2289 dieitur
723 2237 811 2300 Deus,
834 2233 882 2290 uel·
895 2235 974 2306 quod
1000 2233 1069 2291 roli-
1125 2227 1205 2287 silice
1225 2229 1343 2287 dilllciie
1353 2231 1505 2300 scribitur,
1521 2233 1572 2290 sed
1586 2237 1695 2291 manet.
1712 2234 1758 2290 bio
1770 2235 1913 2291 ludestor-

239 2322 297 2374 tur.
306 2317 363 2376 Sed
379 2320 467 2377 modo
478 2319 620 2377 malitiam
637 2323 703 2393 ejus
717 2321 862 2380 destruit:
883 2323 934 2396 qui
958 2323 988 2380 iu
1013 2323 1071 2380 isne
1124 2317 1161 2375 ba
1175 2318 1227 2376 Dei
1242 2319 1299 2376 cito
1319 2317 1422 2393 recipit
1444 2324 1475 2377 et
1497 2322 1625 2379 deserit:
1651 2319 1802 2396 gentilitas
1811 2323 1851 2378 air
1863 2322 1916 2379 reci·

239 2405 599 2480 adventusuoporentiem
620 2409 846 2481 ejusdestruet:
863 2411 915 2484 qui
932 2411 961 2467 in
984 2411 1071 2485 aquia
1124 2407 1176 2480 pit,
1191 2408 1243 2466 sod
1259 2407 1372 2465 sortiter
1385 2413 1490 2467 seruat.

241 2495 335 2552 sancti
358 2495 499 2568 baptismi
522 2497 634 2568 grande
659 2501 767 2566 cetum,
791 2498 821 2554 id
847 2502 893 2556 est
922 2499 1069 2558 fortitudi-
1384 2497 1502 2570 AdCcp.
1517 2495 1580 2566 ltili,
1595 2499 1691 2554 assi.

240 2599 308 2640 nem
337 2583 414 2655 ejus,
443 2583 612 2656 exstinguit.
642 2585 686 2642 Vel
713 2585 883 2644 maledicunt
911 2589 948 2662 ei,
972 2587 1070 2646 idest
1159 2583 1220 2640 Scrb
1245 2586 1319 2641 sirim
1344 2586 1423 2658 quod
1445 2586 1597 2658 redemptor
1618 2599 1697 2644 meras
1720 2589 1795 2646 uua.
1817 2583 1870 2643 lion
1888 2585 1919 2640 rit

241 2671 332 2744 nocti,
347 2672 482 2730 tenebras
495 2661 664 2730 damnando
679 2673 851 2732 nuntiantes
862 2674 945 2733 electi
961 2675 1068 2751 angeli.
1122 2673 1255 2742 casdim,
1283 2673 1334 2730 sod
1357 2673 1523 2748 redentor,
1547 2689 1616 2732 eum
1639 2681 1739 2748 aperte
1761 2675 1918 2738 mauriana,

240 2761 298 2830 Qui
312 2759 481 2820 mutuum
494 2761 561 2831 diei,
577 2760 607 2818 id
622 2767 677 2832 est,
694 2763 744 2836 qui
759 2763 857 2821 llctam
873 2765 938 2835 ejna
952 2764 1069 2822 clarita·
1123 2761 1343 2836 qni‚pcstqnam
1357 2762 1624 2828 omnisoreavitde
1636 2763 1803 2836 ospuutsu
1811 2763 1920 2838 passum

242 2855 314 2918 tam,
330 2865 389 2924 qua
402 2851 592 2924 presumpsit
605 2851 727 2926 aqualis
740 2853 798 2910 Deo
810 2853 883 2919 lieri.
904 2853 1069 2928 despicien-
1123 2867 1177 2908 sua
1191 2867 1245 2908 nos
1259 2851 1394 2909 redemit.
1420 2851 1498 2908 Vivit
1518 2855 1628 2920 sutem,
1657 2854 1737 2925 quod
1752 2853 1825 2910 iuter
1837 2863 1920 2908 manus

240 2937 309 2995 dam
335 2943 510 2998 monstrant.
537 2941 591 3010 Qui
612 2943 785 3014 persciscat
806 2945 948 3012 emutare,
970 2943 1001 2999 id
1024 2947 1070 3002 oet
1123 2939 1282 3014 impiorum
1297 2940 1443 2998 occubuit.
1465 2943 1679 3014 Occursum
1698 2955 1762 2998 sum
1776 2941 1919 3014 epo‚idest

242 3025 381 3094 relaxare,
407 3033 439 3084 ut
458 3027 528 3085 totis
547 3027 659 3086 viribus
682 3035 784 3086 eontra
807 3029 965 3088 Ecclesium
989 3035 1068 3106 agat.
1123 3033 1306 3086 euroaustro
1332 3033 1398 3103 post
1423 3029 1666 3088 resurrectionem
1697 3032 1799 3088 amem
1825 3030 1879 3092 sut.
1899 3031 1920 3082 ti

244 3105 325 3172 t'iodo
341 3115 449 3189 ligatus
464 3120 581 3174 tenetur
594 3116 625 3173 in
649 3118 756 3191 abysso
778 3123 807 3174 et
830 3135 959 3192 pressus,
975 3125 1004 3177 et
1018 3119 1069 3194 qui
1123 3117 1247 3174 diversa.
1261 3117 1368 3174 lladem
1385 3135 1434 3192 per
1450 3122 1602 3189 naturam,
1615 3119 1732 3178 diversa
1747 3135 1800 3193 per
1810 3117 1921 3192 globum

242 3204 388 3276 superbus
408 3220 466 3277 pre
490 3203 557 3260 aliie
579 3221 610 3261 eo
634 3206 748 3274 extulit,
776 3206 945 3265 substratus
966 3208 1069 3265 ditioni
1124 3198 1241 3278 liritque
1262 3205 1435 3278 spiritualis,
1462 3206 1788 3282 quiaincorruptibilia‚
1803 3213 1830 3264 et
1843 3204 1920 3280 palpa·

241 3307 343 3348 eorum
368 3292 535 3360 succubuit,
552 3297 586 3349 ut
613 3294 701 3352 modo
722 3294 767 3351 eis
791 3295 937 3352 ministris
960 3295 1069 3370 ligatus
1123 3293 1202 3364 bilis,
1218 3293 1358 3366 quianon
1374 3295 1522 3351 amittitur
1539 3296 1668 3354 essentia
1691 3297 1804 3355 versus
1826 3301 1922 3352 adun.

243 3377 341 3436 latest.
358 3379 412 3438 siai
427 3379 456 3436 in
473 3381 531 3438 line
545 3379 660 3440 solutos
674 3387 773 3456 aperto
788 3381 865 3440 bella
878 3387 971 3458 gerat.
1124 3385 1250 3454 Reposito
1264 3386 1303 3439 eet
1317 3381 1375 3439 bac
1392 3399 1452 3456 spes
1474 3397 1537 3441 mec
1555 3385 1588 3446 iar
1611 3386 1676 3442 rias
1698 3394 1771 3443 meo.
1795 3382 1866 3441 ltibil
1885 3395 1924 3436 ros

507 3470 547 3527 Ad
562 3471 627 3544 dap.
642 3471 745 3540 ll',10,
758 3471 801 3530 ii.
1123 3472 1233 3530 curtius
1246 3469 1355 3529 habers
1383 3471 1541 3542 credimus,
1562 3485 1651 3546 quam
1675 3475 1756 3548 quod
1781 3474 1812 3530 in
1825 3472 1882 3530 sinu
1893 3471 1925 3525 ts-

277 3561 437 3631 Postquam
462 3558 620 3617 clementer
648 3560 772 3629 monuit,
801 3565 901 3636 aperte
923 3561 1064 3637 increpat.
1082 3551 1103 3617 C
1122 3577 1238 3618 nemus.
1260 3560 1370 3617 lusinu
1386 3575 1455 3635 ergo
1475 3577 1557 3634 spem
1578 3562 1739 3636 repositam
1765 3555 1926 3631 tenuit,th

241 3647 358 3720 lingitur
380 3647 478 3720 bonis,
502 3647 532 3704 id
556 3653 611 3716 est,
638 3649 779 3706 severitas
804 3655 833 3708 et
860 3655 953 3707 terror
974 3651 1068 3726 ipsius
1123 3667 1192 3709 vera
1220 3649 1393 3706 certitudine
1421 3650 1458 3706 de
1486 3665 1538 3723 sps
1564 3651 1789 3709 resurrectionis
1812 3662 1925 3724 preeun-

240 3736 306 3794 Job.
326 3737 381 3794 Vox
404 3737 514 3804 lemnae,
540 3736 703 3810 loquacitas
727 3739 884 3812 conjugis:
906 3739 999 3797 dentes
1023 3757 1069 3798 cc·
1123 3739 1192 3812 psit.
1223 3743 1362 3811 Expresso
1389 3737 1500 3795 indicet
1525 3739 1677 3796 ueritatem
1716 3736 1924 3798 resurrectionis.

241 3826 374 3892 tutorum,
390 3825 519 3882 edacitas
544 3825 683 3895 liliorum,
699 3826 849 3884 destructa
863 3832 917 3885 est.
935 3828 986 3885 llis
1002 3828 1069 3902 rigl-
1123 3827 1185 3884 Non
1200 3825 1277 3884 alius
1293 3827 1426 3896 moritur,
1442 3825 1519 3884 alius
1542 3827 1671 3902 resurgit
1687 3845 1694 3885 :
1719 3833 1753 3886 ut
1775 3829 1825 3902 qui
1846 3825 1926 3883 dicunt

241 3913 298 3970 dus
312 3911 432 3984 insulsi,
450 3913 536 3985 quasi
559 3913 589 3971 in
619 3929 649 3971 re
679 3915 827 3972 damnate.
853 3916 957 3987 Tipridi
980 3917 1067 3974 etiam
1096 3913 1271 3972 'invisibile
1285 3931 1391 3988 corpus
1408 3915 1550 3984 luterum,
1567 3917 1616 3972 sed
1633 3917 1711 3973 idem
1727 3917 1802 3991 ipse.
1824 3914 1926 3972 lisdem·

240 4000 295 4058 tob
311 4005 471 4074 comparat,
488 4018 540 4075 pro
555 4002 680 4060 maculis
694 4002 901 4061 simulationis.
913 4005 1069 4078 Hypocrita
1123 4009 1190 4078 ptor
1204 4020 1288 4061 meus
1304 4003 1383 4072 vivit,
1397 4008 1427 4060 et
1439 4020 1490 4076 per
1515 4004 1762 4063 resurrectionem
1778 4019 1858 4078 spero
1871 3996 1925 4056 nihi

242 4088 640 4162 snimquireotusuidetur,
670 4090 758 4149 babet
772 4091 893 4151 latentia
907 4093 987 4162 vitia,
1003 4111 1067 4167 qua
1122 4091 1271 4162 similem;
1288 4091 1499 4167 utaliavirge
1514 4095 1802 4163 manseruntsriua,
1827 4087 1927 4150 esdrir·

241 4178 400 4252 aliquando
414 4180 600 4252 erumpentia
613 4179 740 4237 colorem
763 4181 886 4238 variant.
911 4183 1011 4242 Proedc
1023 4187 1069 4240 cst
1122 4183 1279 4256 gadaron,
1303 4181 1333 4237 id
1353 4185 1398 4238 est
1418 4197 1525 4255 corpus
1542 4182 1703 4240 sacerdotis
1722 4183 1827 4251 nestri,
1851 4181 1875 4236 in
1888 4176 1927 4232 lo·

237 4267 386 4340 justorum
412 4266 515 4340 gloria,
537 4285 626 4341 quam
649 4268 706 4326 sibi
729 4269 842 4343 arripit.
868 4274 980 4329 Putans
999 4287 1068 4346 ergo
1122 4285 1184 4327 rem
1199 4269 1422 4327 resurrectionis
1437 4271 1544 4344 erupit,
1567 4287 1625 4343 quo
1650 4271 1721 4329 tiore
1749 4263 1928 4329 sacerdosillt

241 4355 296 4412 iste
311 4359 448 4412 sanctum
462 4356 518 4414 lob
541 4357 627 4426 bona,
658 4374 722 4431 quae
748 4357 777 4414 in
803 4373 837 4415 eo
861 4363 990 4428 noverat,
1017 4377 1069 4432 per
1122 4359 1296 4427 ostenditur,
1313 4359 1428 4431 quipro
1444 4359 1528 4415 nobis
1542 4357 1718 4433 interpellat

241 4443 408 4517 hypocrisin
425 4444 566 4514 tenuisse,
592 4445 686 4504 dicit:
712 4447 802 4518 lteris
821 4450 916 4520 periit,
941 4447 997 4505 boo
1012 4452 1067 4518 ast,
1397 4446 1438 4504 Ad
1456 4449 1524 4519 cup.
1536 4448 1611 4515 lillll,
1629 4449 1672 4507 li.

240 4532 367 4591 varietas
383 4532 582 4593 simulationis
596 4538 653 4592 tue
678 4535 821 4593 exstincta
837 4541 891 4607 est,
908 4537 979 4610 qnia
993 4537 1069 4594 adu·
1157 4533 1190 4591 Et
1205 4535 1461 4608 impetucpuorum
1479 4535 1703 4594 inoaodoatiam
1726 4553 1786 4596 nors
1800 4543 1931 4610 oppam

241 4621 311 4679 latio
326 4619 422 4679 laudis
436 4620 543 4696 ablata.
560 4627 615 4680 Pro
627 4624 731 4698 tigride
748 4622 795 4680 bic
810 4626 888 4698 apud
905 4625 978 4682 Lxx
992 4643 1069 4700 myr-
1123 4625 1173 4682 iri.
1189 4624 1406 4682 Tribulationes
1430 4624 1515 4698 aquis
1539 4625 1757 4684 inundantibus
1782 4634 1929 4697 comparau-

240 4709 374 4768 micoteon
388 4709 504 4784 legitur,
520 4714 599 4784 quod
625 4712 725 4770 Latine
748 4710 855 4769 dicitur
879 4713 1066 4772 formicarum
1123 4718 1181 4786 tur,
1197 4711 1346 4785 quisalius
1362 4730 1450 4786 super
1464 4713 1540 4771 alias
1566 4713 1695 4783 irruunt,
1716 4715 1799 4773 sicut
1814 4713 1885 4770 unda
1897 4722 1931 4764 aa·

241 4798 297 4871 leo,
313 4798 358 4857 vel
373 4800 549 4874 expressius,
579 4801 701 4858 lormica
724 4801 779 4859 leo.
805 4801 856 4859 list
881 4807 978 4860 autem
1005 4820 1069 4876 par·
1123 4817 1174 4874 per
1197 4801 1318 4859 undam.
1344 4801 1410 4858 ldeo
1433 4817 1491 4858 non
1516 4803 1642 4876 putabas
1666 4807 1695 4862 to
1710 4797 1929 4877 opprimendum.

241 4907 310 4948 vum
334 4889 455 4957 animal,
482 4891 560 4964 quod
593 4890 687 4948 latens
714 4889 743 4946 in
771 4889 888 4962 puluere
911 4891 1069 4949 insidiatur
1083 4913 1108 4981 D
1123 4888 1194 4963 quia
1217 4889 1366 4964 cogitabas
1396 4889 1489 4948 Deum
1512 4908 1569 4948 non
1593 4891 1691 4950 videre
1715 4891 1779 4948 bac
1803 4887 1928 4947 inferiora

242 4978 384 5047 lormicla,
400 4995 450 5036 eas
465 4979 611 5050 comedit3
635 4977 803 5036 volatilibus
828 4983 857 5036 et
871 4978 936 5037 aliie
951 4981 1067 5039 anima·
1123 4979 1156 5035 llt
1169 4996 1206 5036 on
1221 4979 1317 5035 adhue
1332 4977 1605 5051 cogitaailloaretioi
1618 4995 1649 5036 se
1665 4979 1815 5054 sepientes
1829 4967 1926 5052 purast*

244 5065 532 5137 libaslormicaest‚
560 5067 711 5141 aquibus
738 5066 910 5125 comeditur.
940 5068 993 5126 Per
1012 5069 1068 5127 hoc
1121 5067 1287 5124 otirrident
1314 5065 1486 5139 catholicos,
1513 5068 1590 5141 quod
1617 5073 1707 5125 Deum
1732 5084 1795 5124 non
1818 5061 1927 5123 unua

242 5158 324 5212 notat
336 5154 391 5212 lob
414 5155 505 5214 luisse
532 5161 631 5214 contra
651 5161 764 5214 erectos
794 5156 942 5226 timidum,
967 5161 1068 5216 contra
1123 5155 1192 5230 qnia
1207 5156 1396 5229 corporaliter
1410 5173 1478 5213 eum
1494 5172 1552 5214 non
1567 5157 1680 5227 uident3
1693 5173 1746 5214 nec
1762 5157 1868 5230 putant
1879 5160 1927 5208 suu

242 5241 390 5314 subjectos
404 5245 555 5317 audacem,
581 5245 633 5302 sod
656 5245 720 5318 jam
743 5259 801 5301 non
826 5243 913 5303 babet
938 5247 1067 5320 praedam
1120 5248 1237 5302 terrena
1251 5243 1349 5302 videre
1364 5260 1399 5302 ex
1413 5244 1585 5318 longinquo.
1602 5246 1662 5302 lmo
1674 5246 1754 5320 quod
1778 5241 1851 5302 coelo
1865 5236 1929 5296 altior

279 5419 386 5474 ¹Hano
401 5435 565 5502 quoqueex
588 5423 719 5482 Romano
741 5439 798 5482 ms.
824 5424 978 5498 pericopen
994 5428 1066 5483 atta·
1157 5425 1171 5460 ⁸
1197 5421 1427 5481 Rescribendum
1456 5427 1554 5480 censet
1590 5423 1690 5507 editor·
1710 5414 1934 5507 bipatensisbffl

241 5505 310 5552 ¹⁰1⁰
324 5487 444 5562 Pltssffli·
1120 5499 1218 5626 iimo
1235 5495 1327 5554 :artu
1340 5495 1429 5554 adbuc
1448 5497 1568 5569 cogitat
1590 5494 1726 5564 tantur,
1742 5509 1794 5570 pur
1807 5497 1932 5560 serap*

277 5560 692 5644 'loruesolegsndumpra
1149 5583 1174 5644 a,
1193 5569 1249 5625 eto.
