4054 6168
200 371 280 438 nor
817 379 850 444 s.
873 369 1285 445 nosssrruroaoarnr.
1802 343 1868 439 tlee'

200 509 291 569 Nobis
304 526 370 568 vero
384 507 457 568 alter
466 525 572 570 sensus
580 511 704 580 videtur,
716 513 794 586 qnod
807 517 968 587 arguantur
979 512 1020 580 hi,
1036 514 1065 580 Α
1080 515 1195 585 negotio
1209 531 1216 568 :
1232 514 1304 586 quia
1315 512 1446 570 excolens
1461 528 1550 587 snper
1561 505 1705 570 excelsum
1719 509 1829 580 casodit,
1845 517 1870 569 at

200 600 251 674 qui
265 599 379 657 devitio
394 601 491 658 earnis
508 603 689 674 queruntnr¹
705 607 734 658 et
750 602 842 671 aiunt,
867 619 898 658 se
919 618 1023 675 corpo·
1079 601 1220 659 excelsior
1233 607 1278 660 est
1293 619 1381 676 super
1395 602 1462 660 illos
1477 600 1648 675 etamplius
1664 601 1778 658 terrain
1791 601 1871 657 omui·

201 689 244 748 ris
259 689 432 747 necessitate
454 690 622 762 compulsos
648 706 682 746 ea
706 691 810 758 lacere,
835 707 899 763 qnae
918 689 1023 758 nolint,
1079 690 1135 747 bne
1150 695 1196 747 est
1209 707 1259 747 rex
1273 691 1303 747 in
1320 707 1391 764 agro
1405 691 1494 748 culto.
1507 713 1521 740 »
1533 689 1638 747 Christi
1652 690 1747 746 tunice
1759 694 1872 746 contexta

204 777 702 851 secundnmilludttpostoli(Rom.
719 796 770 847 vn,
788 779 1023 852 15):llonenim,
1079 779 1205 852 desuper
1227 781 1314 852 (loun.
1330 797 1408 850 x1x;
1439 781 1494 836 tac
1521 783 1583 849 vn),
1613 795 1696 836 neca
1721 778 1874 852 crucifigen-

201 867 420 942 conductelae
443 884 506 941 ooo,
521 869 566 924 scd
589 868 660 943 qaod
681 869 755 937 nolo,
779 873 808 925 et
830 873 943 926 catera.
958 867 1024 924 Noli
1079 867 1160 925 tibus
1175 868 1268 924 scindi
1285 869 1397 941 potuit:
1414 873 1443 924 et
1456 885 1523 926 enm
1539 886 1558 925 a
1571 885 1628 941 quo
1643 867 1768 924 Salvator
1784 869 1876 925 demo-

202 956 377 1030 iteque,ait,
402 973 493 1013 vanas
517 957 719 1014 excusationes
743 974 882 1030 quarere,
907 961 936 1013 et
955 958 1025 1013 dara
1079 956 1128 1012 nia
1152 958 1288 1028 ejecerat,
1318 956 1517 1030 apostolorum
1552 957 1689 1014 indutum
1713 957 1876 1013 vestimentis

203 1046 385 1103 occasionem
399 1045 479 1101 carni
495 1050 551 1102 turc
577 1046 612 1101 ad
644 1046 834 1118 peccandum,
863 1051 892 1102 et
907 1046 1022 1101 dicere:
1078 1045 1321 1119 ebirepreeepit.
1339 1047 1440 1118 ltaque
1455 1050 1484 1102 et
1500 1045 1697 1102 nosnitamnr
1716 1045 1876 1102 Ecclesiaste

203 1135 268 1200 Non
283 1150 336 1208 ego
350 1150 447 1207 pecco,
473 1133 524 1190 sed
554 1135 632 1206 qnod
661 1135 774 1192 habitat
800 1135 831 1190 in
859 1150 1025 1190 caruemee
1080 1134 1434 1191 nostrivestimentanou
1451 1135 1592 1204 scindere,
1608 1151 1661 1191 neo
1684 1133 1877 1208 provoluntate

203 1227 365 1298 peccatum.
383 1222 512 1295 lienique
527 1223 557 1279 in
573 1238 607 1280 ee
620 1223 684 1280 loco
709 1225 759 1280 ubi
783 1224 843 1281 ait:
867 1226 905 1280 Nc
919 1224 1025 1279 diceres
1079 1226 1180 1279 nostra
1192 1223 1394 1296 opinationum
1404 1223 1596 1297 pannoshino
1608 1223 1676 1280 inde
1684 1238 1825 1292 consuere,
1835 1223 1877 1278 sed

200 1313 412 1382 ceremoniale,
443 1313 510 1382 puio
537 1314 695 1384 ipnorootio
723 1322 773 1380 est,
801 1311 907 1386 Aquila
932 1312 1024 1368 inter·
1079 1327 1172 1367 unum
1188 1311 1396 1384 disputationis
1421 1329 1537 1369 servare
1564 1316 1688 1380 textum,
1717 1312 1876 1368 eteumden

201 1399 451 1473 pretansverbnm
460 1401 1022 1474 Hebraioumsnoron,proipnoreatio¹,
1078 1415 1198 1457 sensnm
1224 1403 1253 1456 et
1275 1399 1407 1458 ordinem
1432 1400 1526 1473 sequi.
1552 1401 1647 1472 Sapra
1670 1400 1797 1457 dixerat:
1811 1423 1824 1450 a
1846 1401 1879 1456 Ne

202 1487 328 1543 ἀκούσιον
354 1487 514 1560 transtulit,
541 1488 647 1557 idest,
682 1505 738 1547 noc
770 1493 961 1562 spontaneam.
993 1488 1024 1543 Si
1078 1488 1185 1546 dixeris
1199 1488 1229 1544 in
1254 1493 1413 1562 conspectu
1441 1489 1549 1563 angeli,
1578 1489 1718 1562 qnoniam
1732 1489 1880 1563 ignorantia

202 1578 291 1649 enim,
308 1577 414 1649 inquit,
439 1577 494 1634 boc
515 1577 633 1648 dixeris,
658 1579 750 1634 Deum
775 1594 915 1651 provoces
940 1577 1023 1650 quasi
1079 1579 1133 1644 eet,
1149 1593 1185 1633 ne
1199 1577 1343 1634 irascatur
1358 1578 1433 1634 Deus
1448 1593 1537 1650 snper
1550 1593 1650 1634 vocem
1666 1581 1758 1648 tuam,
1773 1598 1787 1627 »
1807 1581 1833 1633 et
1844 1591 1880 1633 re·

202 1671 350 1726 auctorem
365 1665 436 1722 mali
448 1669 537 1739 etque
552 1666 672 1739 peccati,
690 1669 723 1723 nt
737 1666 840 1733 iratus,
856 1667 882 1722 sl
898 1665 968 1738 qnid
985 1664 1024 1720 vi-
1078 1664 1176 1738 liqna:
1191 1669 1220 1722 et
1233 1665 1373 1722 adversus
1389 1682 1439 1722 eos
1453 1666 1684 1734 lueratloeutue,
1696 1667 1746 1738 qui
1759 1669 1881 1739 negarent
1976 1671 1977 1674 ’

201 1755 280 1814 deris
294 1755 363 1811 boni
387 1754 505 1824 habere,
532 1755 645 1811 aulerat
666 1755 702 1812 de
728 1756 865 1812 manibus
885 1755 954 1811 tuis.
970 1752 1024 1809 Vel
1079 1752 1261 1826 providentie
1275 1769 1321 1811 res
1337 1753 1484 1812 humanas
1498 1754 1571 1828 regi.
1588 1755 1664 1822 Quia
1685 1755 1775 1828 igitur
1796 1755 1881 1810 adver·
1976 1791 1977 1794 η

202 1849 280 1902 certe
293 1843 364 1901 talia
376 1824 559 1911 sentientem,
571 1843 668 1901 tradat
678 1843 707 1899 in
718 1845 877 1917 reprobum
890 1857 1023 1913 sensum,
1039 1876 1064 1941 B
1079 1843 1151 1899 sus'⁵
1166 1842 1222 1899 boo
1234 1847 1411 1916 preceptum
1426 1843 1633 1900 suboriebatur
1657 1843 1787 1916 questio,
1807 1859 1881 1915 qnare

203 1936 237 1990 ut
251 1931 342 1990 iacias
356 1948 390 1988 ea
402 1947 466 2004 qne
482 1948 541 1988 non
552 1931 737 1988 conveniunt.
1076 1931 1150 2003 justi
1168 1929 1346 1988 calumniam
1361 1932 1550 1999 sustinerent,
1565 1935 1595 1989 et
1608 1949 1700 2004 quare
1714 1932 1812 2004 iniqua
1824 1931 1882 1987 fiant

240 2042 254 2072 n
269 2019 343 2086 Quia
357 2019 388 2076 in
404 2018 594 2076 multitudine
608 2019 792 2077 somniorum
818 2025 847 2077 et
867 2023 1021 2096 vanitates,
1079 2018 1110 2076 in
1126 2023 1183 2076 toto
1199 2021 1268 2077 orbe
1278 2020 1403 2092 judicia,
1419 2024 1447 2077 et
1460 2037 1517 2076 non
1540 2024 1586 2076 cst
1608 2019 1688 2077 ultor
1710 2022 1803 2088 Dens;
1818 2035 1881 2075 nunc

202 2112 231 2166 et
244 2108 332 2165 verbe
346 2106 482 2182 plurima.
495 2108 551 2164 Sed
567 2108 660 2165 Deum
670 2108 750 2165 time.
767 2131 781 2160 »
791 2109 825 2165 nt
839 2110 1024 2168 bunolocum
1079 2107 1166 2165 infert
1182 2112 1210 2164 et
1224 2107 1320 2176 solvit,
1345 2110 1422 2181 quod
1451 2109 1559 2182 opponi
1586 2112 1711 2181 poterat,
1737 2107 1847 2166 diceus:
1860 2107 1883 2162 si

203 2198 246 2255 ita
270 2196 382 2254 Hebraei
405 2195 580 2254 edisserunt.
607 2197 665 2254 Nec
688 2197 841 2270 superiora
863 2199 963 2270 iacias,
990 2201 1026 2258 de
1079 2195 1187 2254 videris
1201 2195 1380 2254 calumniam
1395 2197 1543 2270 pauperie,
1559 2197 1609 2270 qui
1624 2197 1885 2269 beatusinssvenge·

203 2286 384 2360 quibusjam
398 2285 509 2342 dictum
525 2289 579 2352 est,
604 2301 640 2342 ne
665 2285 749 2342 facila
773 2287 897 2344 somniis
912 2289 1024 2346 credas.
1080 2284 1119 2341 lio
1142 2285 1325 2358 predicatur,
1351 2289 1380 2341 et
1403 2301 1449 2342 res
1469 2285 1497 2342 vi
1520 2285 1581 2358 geri
1592 2286 1612 2355 ⁸,
1637 2301 1698 2342 non
1717 2284 1840 2358 iustitie,
1855 2301 1884 2340 ne

203 2378 275 2436 Cum
290 2373 369 2432 enim
384 2373 499 2431 diversa
512 2373 619 2432 videris
635 2391 686 2446 per
701 2379 874 2432 nocturnam
884 2377 1026 2449 quietem,
1081 2372 1208 2441 mireris,
1224 2377 1253 2430 et
1266 2373 1320 2430 tibi
1336 2389 1445 2431 novum
1466 2373 1577 2446 aliquid
1599 2390 1665 2431 esse
1685 2375 1824 2432 videatur.
1842 2373 1884 2428 lla·

204 2472 233 2521 et
254 2463 345 2520 variis
368 2461 467 2518 anima
487 2461 575 2520 luerit
598 2462 743 2535 exsffltata
772 2465 943 2533 terroribus,
966 2466 1026 2524 sive
1081 2463 1179 2520 celsus
1193 2462 1303 2536 quippe
1315 2478 1404 2535 snper
1413 2462 1542 2519 excelsos
1553 2462 1614 2518 beo
1624 2463 1746 2536 respicit
1755 2465 1834 2532 Deus,
1844 2460 1885 2535 qui

203 2551 324 2610 incitate
357 2549 520 2622 promissis,
550 2555 807 2620 tueacontemne,
830 2571 893 2626 qua
919 2555 1026 2611 somnii
1082 2549 1202 2625 angelos
1224 2567 1295 2610 suos
1316 2567 1405 2624 snper
1424 2551 1541 2622 judices
1565 2555 1595 2608 et
1615 2567 1701 2626 reges
1725 2556 1805 2608 terre
1826 2567 1885 2624 pra-

204 2644 284 2699 sunt.
301 2638 445 2696 lttsolum
459 2639 646 2696 Denmtime.
670 2640 748 2698 m
773 2643 827 2707 Qui
850 2643 928 2698 enirn
950 2660 1028 2700 som·
1080 2639 1208 2713 posuitl,
1224 2639 1274 2712 qni
1290 2639 1702 2712 possuntutiqueprohibere
1717 2640 1884 2713 injustitiam,

203 2729 260 2787 niis
275 2727 441 2796 crediderit,
457 2727 636 2785 vanitatibus
658 2745 690 2785 se
717 2733 747 2786 et
774 2730 892 2803 ineptiis
920 2733 1025 2788 tradet.
1081 2731 1109 2784 et
1123 2728 1218 2801 magis
1233 2728 1354 2784 interra
1376 2727 1482 2798 valere,
1507 2744 1598 2799 quam
1621 2729 1734 2800 quevis
1748 2729 1885 2786 bominum

203 2817 310 2875 Aliter:
335 2816 408 2882 Ouia
431 2815 492 2873 dixi
515 2819 603 2889 atque
629 2817 770 2890 precepi:
788 2839 802 2868 a
828 2823 892 2876 Non
916 2820 968 2877 des
994 2837 1027 2877 oe
1082 2819 1249 2890 potestates.
1265 2817 1320 2873 Sed
1336 2817 1415 2873 430
1430 2816 1569 2889 quonlam
1589 2823 1688 2874 servat
1703 2817 1733 2873 in
1757 2815 1886 2888 linejudl-

203 2909 301 2975 tunm,
317 2909 350 2961 nt
364 2919 482 2978 peccare
497 2904 586 2962 iacias
601 2920 719 2962 earnem
733 2910 827 2976 tuam,
844 2930 859 2957 e
872 2912 901 2964 et
913 2924 1027 2980 queres
1081 2905 1170 2974 elnm,
1187 2911 1214 2960 et
1237 2905 1267 2961 in
1291 2903 1545 2961 consummatione
1568 2904 1673 2961 mundi
1698 2906 1813 2979 quando
1832 2919 1886 2960 cum

204 2995 302 3054 variae
320 2993 539 3050 excusationes:
555 2992 611 3050 boc
626 3008 705 3050 nnnc
718 2992 822 3062 iniero,
842 2996 981 3068 quoniam
997 2996 1026 3052 iu
1082 2996 1196 3050 matura
1211 3009 1294 3066 seges
1310 2993 1406 3064 inerit,
1422 2995 1451 3050 et
1474 3008 1619 3050 messores
1645 2994 1789 3062 venerint,
1800 2995 1886 3065 jussu·

206 3099 310 3142 somno
325 3082 390 3138 vite
405 3081 502 3151 istius,
527 3084 556 3136 et
575 3080 605 3136 iu
630 3080 759 3154 imagine
782 3081 892 3139 umbra
908 3083 1026 3151 nubisi,
1082 3098 1132 3138 rus
1148 3085 1192 3138 est
1207 3085 1239 3138 ut
1253 3085 1403 3154 separetur
1426 3079 1568 3148 triticum,
1593 3085 1622 3136 et
1644 3079 1752 3138 lolium
1771 3081 1888 3139 tradatur

207 3188 268 3244 qua
280 3168 415 3235 vivimus,
432 3167 527 3224 multa
549 3183 708 3239 possumus
729 3169 869 3239 invenire,
895 3187 959 3242 qne
974 3188 1026 3228 no·
1081 3169 1234 3227 incendio:
1251 3170 1316 3227 ideo
1327 3169 1885 3243 nunoexspeotetetditlertsententiam.
1977 3214 1978 3246 ,

206 3257 253 3316 bis
267 3255 440 3312 verisimilia
449 3255 612 3323 videantur,
628 3259 657 3312 et
681 3260 782 3313 nostra
805 3273 944 3316 excusare
960 3277 1025 3333 pec·
1041 3239 1063 3307 C
1081 3260 1213 3332 quandin
1228 3275 1297 3332 ager
1321 3260 1424 3315 mundi
1447 3259 1534 3315 istius
1560 3258 1743 3316 excolatur-⁸.
1755 3259 1833 3326 Quod
1846 3275 1887 3314 an·
1977 3269 1978 3279 ¹

206 3348 281 3402 oete.
300 3343 453 3415 Propterea
465 3342 618 3412 admoneo,
634 3347 667 3399 nt
687 3344 716 3400 id
742 3344 837 3402 solum
862 3363 974 3418 caveas,
991 3366 1028 3406 ne
1083 3352 1142 3404 tem
1171 3363 1239 3420 ager
1275 3347 1482 3420 interpretetur
1518 3346 1658 3418 mundus,
1698 3348 1837 3405 Dominus
1864 3346 1888 3400 ln
1977 3365 1978 3426 ᾗ

206 3435 291 3507 putes
307 3430 458 3487 absentem
473 3431 567 3487 Deum
591 3432 641 3488 sed
666 3449 735 3489 eum
759 3435 874 3503 timeas,
900 3441 929 3492 et
952 3438 1029 3494 selas
1084 3434 1223 3509 parabola
1247 3435 1425 3492 zizaniorum
1455 3439 1484 3492 et
1510 3434 1597 3492 tritici
1634 3437 1772 3509 exposuit
1798 3435 1888 3508 (aaa.
1977 3431 1978 3441 ’

208 3519 322 3579 cunctis
345 3517 481 3592 operibus
504 3518 564 3575 tuis
588 3519 691 3577 adesse
720 3527 912 3594 presentem:
942 3529 1029 3598 teque
1084 3525 1157 3596 xm).

207 3607 292 3666 liberi
308 3607 420 3664 arbitrii
436 3606 585 3666 conditum
601 3625 658 3666 non
685 3610 759 3682 cogi,
781 3612 832 3669 sed
856 3612 928 3670 velle
951 3616 1029 3688 quod
1120 3635 1133 3662 v
1149 3611 1204 3676 Oui
1219 3610 1315 3684 diligit
1330 3615 1495 3685 argentum,
1512 3627 1570 3668 non
1584 3611 1759 3685 implebitur
1771 3615 1888 3688 argente,

208 3696 308 3758 iacias.
1082 3701 1171 3772 etqui
1191 3699 1287 3773 diligit
1302 3700 1428 3768 divitias,
1443 3717 1500 3757 non
1515 3701 1628 3757 irnetnr
1646 3701 1701 3758 eis.
1730 3703 1784 3760 Sed
1806 3705 1832 3758 et
1845 3701 1890 3756 boe
1977 3720 1978 3746 i

247 3785 306 3844 ast
326 3783 504 3842 calumniam
520 3786 668 3860 pauperis,
685 3792 713 3843 et
736 3788 869 3861 rapinam
890 3791 1027 3863 judicii⁸‚
1081 3789 1205 3847 vanitas.
1218 3789 1250 3845 ln
1274 3789 1463 3846 multitudine
1487 3789 1723 3846 enimbonorum
1737 3789 1889 3848 multisunt

208 3879 237 3934 et
249 3873 410 3947 injustitias
424 3871 532 3930 videris
552 3873 582 3930 in
607 3873 733 3948 regione,
759 3893 795 3934 ne
810 3878 925 3936 mireris
940 3897 1028 3953 snper
1082 3879 1132 3951 qui
1148 3877 1304 3934 comedunt
1327 3878 1390 3945 eal,
1414 3881 1443 3934 et
1467 3894 1531 3950 que
1555 3881 1599 3934 est
1622 3877 1766 3936 tortitudo
1781 3875 1886 3936 habenti

206 4020 308 4086 tttoeee,
324 4017 446 4074 minime
459 4033 536 4084 vero,
553 4023 584 4075 at
599 4018 707 4092 vulgati
731 4021 932 4093 preferebant,
952 4022 1025 4081 illud
1080 4019 1131 4093 qni
1146 4018 1361 4076 transtulerunt
1387 4017 1431 4072 καὶ
1461 4018 1584 4094 ἁρπαγὴν
1613 4019 1761 4094 κρίματος,
1787 4018 1888 4076 ordire·

207 4105 333 4158 comma,
349 4096 381 4145 ut
394 4104 504 4160 pacem
518 4091 615 4161 socios,
631 4097 697 4161 etc,
713 4108 770 4148 non
782 4092 936 4165 diligenter
943 4109 1026 4151 even·
1078 4093 1199 4164 paeana
1208 4090 1312 4162 judicii
1325 4090 1468 4146 Manena.

204 4161 317 4230 tilaese,
332 4159 449 4231 utquid
465 4159 543 4216 enim
559 4162 636 4233 qnod
652 4179 709 4218 non
725 4162 881 4236 diligenter
891 4169 1023 4222 notatum
1114 4191 1148 4204 -
1164 4162 1257 4218 Vatic.
1274 4163 1306 4217 Et
1319 4164 1448 4233 rapinam
1458 4161 1569 4232 judicil,
1586 4166 1612 4218 et
1621 4162 1743 4235 justitiae
1757 4162 1852 4218 videris
1865 4160 1889 4212 ia

206 4233 242 4290 ab
258 4231 354 4358 aliguo
368 4235 424 4297 est,
439 4231 506 4301 quis
530 4231 658 4302 proterat
680 4234 714 4288 ad
740 4233 944 4291 eruditionem.
965 4236 1023 4294 Nos
1078 4235 1194 4360 reficere
1205 4250 1216 4294 ‚·
1232 4237 1260 4289 et
1273 4231 1360 4304 paulo
1376 4237 1443 4305 post
1458 4249 1523 4288 cum
1541 4233 1682 4290 Palatinis
1702 4234 1827 4300 dnobus,
1841 4232 1889 4286 lic-

205 4320 277 4360 mss.
316 4300 418 4358 elatini
433 4301 502 4370 duo,
521 4307 550 4357 et
571 4303 664 4360 Vatic.
689 4305 874 4361 restituenda
890 4305 1023 4365 lectionis
1077 4303 1412 4374 cesaeeupereccetaam
1426 4304 1551 4373 ennodii,
1578 4309 1606 4362 ct
1632 4307 1796 4362 eaccbiores
1820 4315 1890 4374 super

205 4375 1023 4520 aanoffiegffithegandiparticulam[mmmmigno·
1079 4391 1146 4486 eos-¹
1172 4447 1244 4514 Quia
1265 4447 1386 4501 eccetsas
1409 4462 1490 4517 super
1513 4448 1651 4502 cacabum
1679 4446 1806 4504 nntodit.
1832 4445 1891 4501 Ger·

205 4519 260 4584 rat,
277 4519 306 4571 et
319 4514 470 4571 Palatinus
485 4514 559 4572 alter
572 4515 721 4588 expungit.
744 4517 848 4574 Conler
863 4517 1022 4576 Martianaei
1078 4516 1213 4574 balenses
1241 4533 1313 4574 mes.
1330 4518 1402 4585 Quia
1429 4517 1553 4573 excelsus
1590 4533 1674 4590 seper
1701 4519 1845 4584 acetum,
1869 4514 1890 4593 el

92 4589 95 4594 '
204 4587 434 4645 adnotationem·
911 4609 915 4616 ·
1040 4587 1217 4666 praecelsior
1229 4592 1269 4644 eet
1282 4603 1364 4658 super
1378 4603 1433 4657 ees,
1448 4596 1477 4644 et
1498 4587 1621 4661 amplias
1643 4596 1727 4647 erra
1753 4591 1851 4646 eatrcx
1867 4597 1891 4637 ov

241 4658 249 4692 ¹
265 4658 318 4726 Qui
331 4655 365 4712 de
378 4657 445 4712 vitio
467 4657 560 4712 carnis
581 4664 742 4728 queruntur.
768 4656 953 4715 colbertinus
978 4675 1025 4716 oe-
1078 4675 1145 4732 apro
1160 4659 1232 4715 culto
1248 4658 1392 4714 Marenen.

203 4729 268 4800 dex,
285 4729 540 4796 Quilleamcornis
571 4731 715 4784 caracter.
747 4727 946 4787 Corbeiensee.
972 4732 1027 4799 Qui
1114 4729 1234 4786 lIidem
1250 4733 1309 4785 tres
1325 4745 1396 4785 mss.
1412 4745 1419 4783 ι
1434 4729 1747 4800 Qaieipituraduereas
1772 4727 1823 4800 iel.
1845 4723 1889 4780 ad-

204 4799 276 4857 deoi
289 4801 382 4854 earnis
396 4805 548 4872 armentar
588 4814 703 4855 carran.
1079 4801 1154 4856 dunt
1181 4800 1236 4870 ecc)
1266 4799 1315 4857 boc
1337 4803 1507 4872 praeceptam
1533 4801 1733 4870 accedebatur,
1760 4804 1787 4857 et
1816 4807 1889 4870 quere

238 4871 250 4906 ¹
280 4871 395 4926 Verbum
423 4869 586 4929 Hebraicam
610 4873 725 4941 Scorpo.
754 4869 839 4942 Apud
868 4870 1023 4929 Erasmnm
1071 4873 1156 4944 justi,
1173 4875 1227 4928 etc.

203 4944 373 5012 corruptum
389 4948 434 4999 est
448 4957 569 5013 prorsus
588 4945 617 4996 ot
631 4946 777 4997 mutatum
801 4940 956 4998 Hebraeum
972 4961 1024 5000 no·
1113 4940 1560 5015 ⁸ltaemendamusopetrium
1575 4944 1695 5013 mss,in
1739 4941 1886 5014 uibusuuo

202 5021 469 5088 menaxruseoapa,
479 5027 530 5084 pro
540 5027 638 5084 cepapa
649 5011 725 5068 enim
737 5011 808 5084 legit
820 5023 898 5074 anan
908 5030 1022 5080 senam,
1076 5013 1164 5070 verbo
1179 5018 1223 5072 eet
1246 5014 1344 5084 ripert,
1368 5029 1420 5085 pro
1444 5029 1502 5085 qno
1526 5013 1649 5070 lecimus
1672 5015 1731 5070 dno
1754 5009 1886 5070 usverbrs

202 5081 309 5164 duplex
323 5085 396 5151 Nan,
413 5103 465 5159 pro
481 5084 519 5139 du
542 5081 590 5138 liei
616 5083 742 5151 Ctimet;
767 5083 817 5138 sed
842 5082 1024 5141 hauddubie
1076 5087 1105 5140 vi
1118 5086 1188 5154 peri.
1215 5085 1362 5140 Hactenus
1385 5099 1453 5140 vero
1477 5083 1574 5140 inutili
1597 5085 1730 5158 falsoque
1751 5078 1885 5140 sensule·

201 5151 272 5208 vitro
286 5157 504 5229 typographico.
534 5154 701 5211 orbeienses
716 5170 788 5210 mss.
804 5153 1021 5226 leguntsepopo.
1077 5160 1158 5211 ctum
1173 5159 1218 5212 est
1232 5171 1290 5211 nuo
1304 5154 1390 5210 verbo
1405 5156 1506 5226 capere.

202 5221 362 5308 nenena„
673 5297 679 5308 ,
996 5297 1002 5308 ‚
1111 5237 1226 5306 ⁷Sraper
1235 5233 1341 5306 judices
1365 5236 1390 5288 et
1414 5250 1489 5305 repes
1511 5239 1594 5292 muse
1614 5235 1771 5308 proposcit.
1796 5226 1885 5307 Deerat

224 5291 247 5372 ,ὃ
260 5291 475 5377 Ειρηηηιαρὶηε
487 5297 596 5354 umbrae
609 5297 700 5351 natvs.
718 5295 825 5350 Eadem
845 5296 1023 5376 exemplaria
1077 5304 1108 5360 in
1123 5304 1178 5362 hnc
1192 5321 1260 5362 voce
1275 5303 1435 5378 propositio
1451 5322 1515 5376 qua
1529 5305 1620 5362 alium
1644 5321 1764 5362 sensnm
1787 5299 1881 5358 effic1t;

201 5360 249 5416 hro
264 5359 343 5443 allud
358 5368 506 5444 retinent,
531 5371 701 5438 sequentem
727 5381 832 5438 nempe
847 5365 1020 5424 leotronam:
1076 5377 1146 5447 quia
1166 5392 1306 5448 magnum
1321 5375 1474 5432 intercedit
1488 5377 1646 5433 discrimen
1669 5377 1745 5432 inter
1765 5367 1881 5445 angelos.

201 5431 336 5500 Qttomttm
351 5449 382 5513 tn
408 5451 502 5492 somno
517 5439 579 5492 vitae
607 5440 696 5501 istius,
725 5445 752 5492 et
777 5439 908 5508 impiae,
924 5440 1022 5494 umbra
1075 5450 1165 5518 positi!
1194 5463 1283 5518 super
1312 5461 1395 5518 reges
1423 5451 1516 5514 terrae,
1545 5453 1574 5504 et
1602 5445 1720 5520 angelos
1746 5441 1883 5518 praepostttt

200 5503 325 5570 nebesac
339 5505 567 5584 naoimaamutto,
584 5511 640 5562 ete.
659 5507 803 5563 Manena.
1076 5533 1165 5590 super
1179 5533 1262 5590 reges
1277 5517 1521 5575 revincimus,

235 5573 434 5644 ‘streperem
445 5576 546 5645 judicii
560 5576 635 5631 nolti
651 5580 737 5632 antea
761 5576 840 5646 libri,
869 5587 894 5634 et
909 5582 1022 5636 ruinam
1109 5598 1119 5631 a
1143 5597 1215 5652 pm
1240 5612 1324 5664 msa,
1349 5596 1418 5667 Aper
1441 5599 1539 5653 mundi
1576 5600 1654 5655 arius
1680 5595 1786 5670 plectro
1809 5601 1879 5646 ecco·

195 5661 299 5736 iudicii
306 5677 317 5722 ‚·
333 5659 952 5734 sensatae,neminnebraeolegimusunun
962 5653 1020 5730 bui
1076 5670 1159 5725 lotar.

198 5723 311 5789 vcomcl
324 5729 462 5814 mispha&
478 5733 503 5786 et
527 5731 655 5812 rapinam
677 5733 794 5800 ludicii,
815 5736 901 5805 juxta
921 5741 1022 5796 omnia
1109 5742 1120 5776 ⁹
1134 5739 1214 5797 Unus
1232 5737 1337 5807 Vatia,
1354 5738 1406 5807 Qui
1419 5739 1561 5798 comdant
1574 5755 1609 5797 ec
1623 5742 1671 5798 etc.

198 5802 377 5876 exemplans
400 5805 568 5872 Hieronymi
594 5814 666 5856 mse.
694 5805 723 5856 et
746 5803 815 5857 nllx
833 5805 1019 5880 interpretes,
