4108 6174
247 265 323 332 rect
991 263 1201 334 APPENDIX.
1840 268 1896 338 tect

248 401 375 459 civitatis
390 401 592 472 consisterent,
609 406 637 462 et
652 415 756 462 causas
774 394 976 460 innocentium
989 403 1068 474 judi·
1083 412 1109 474 Α
1125 407 1256 476 paratur.
1273 402 1342 474 quia
1356 417 1510 475 pravorum
1521 397 1663 458 insolenti
1673 399 1897 473 inquietudinem

248 495 360 558 carent,
376 490 401 548 si
417 491 499 550 urbis
518 493 645 567 populus
669 499 746 551 esset
769 492 918 567 pacificus,
934 491 964 546 in
980 508 1069 564 quam
1125 491 1208 559 lesta,
1222 492 1257 547 ed
1281 491 1473 561 obruendam,
1489 493 1522 546 nt
1543 491 1585 546 ita
1608 491 1739 561 dixerim,
1761 508 1844 549 narem
1855 511 1898 550 ecr-

246 580 398 638 discordes
411 580 536 655 ingredi,
554 600 610 640 non
624 583 733 640 liceret.
744 582 826 646 Quod
838 585 867 638 et
878 581 944 637 iecit
954 579 1070 638 divinus
1126 581 1183 646 dis,
1199 580 1284 652 quasi
1299 583 1460 652 tempestas
1474 579 1616 636 illabitur.

243 669 308 726 lob.
1161 671 1227 740 Pap.
1245 669 1305 724 169.
1322 668 1441 724 tibrum
1461 668 1491 724 in
1507 668 1630 725 humero
1649 673 1769 740 pertore,
1782 674 1821 727 est
1831 670 1900 746 Serip·

278 761 349 830 Pup.
366 759 686 818 necessariorum
712 761 819 817 semita
840 759 976 816 {luctibus
992 775 1070 816 com·
1125 763 1222 815 turam
1238 775 1350 815 sacrem
1367 759 1514 830 operando
1531 759 1680 830 perlicere.

566 1065 640 1166 D.
683 1063 1046 1170 JOANMS
1090 1063 1622 1166 ΜΔΜΙΔΝΕΙ

679 1296 839 1354 Molliunt
860 1297 1087 1355 ennuntcnlnl
1107 1297 1317 1354 ECONGREG.
1339 1297 1367 1353 S.
1388 1297 1506 1352 nctlttl

796 1486 1387 1612 COMMENTARH

436 1763 541 1926 IN
600 1761 684 1927 S.
748 1761 1324 1928 HIERONYMI
1379 1762 1746 1929 LIBROS

735 2055 796 2124 QUl
816 2055 885 2114 Hoc
905 2055 1037 2113 TERTIO
1058 2054 1160 2112 ΤΟΜΟ
1185 2054 1448 2112 conclusurus.

869 2349 1349 2440 PROLEGOMENON

418 2519 463 2576 nn
483 2519 713 2577 nnnnlnloltls
733 2519 967 2576 PRAESTANTIA
986 2519 1033 2576 ΑΟ
1051 2519 1200 2576 ΡΙΕΤΑΤΕ
1223 2518 1486 2576 OPUSGULORUM
1507 2521 1535 2576 S.
1557 2520 1769 2578 HillRONYlll.

250 2815 301 2886 51.
317 2814 479 2872 Eruditiune
496 2817 574 2872 inter
593 2830 685 2872 umnec
706 2817 854 2888 scriptores
877 2815 1180 2888 ecclesiasticumque
1196 2815 1265 2886 quid
1283 2815 1429 2872 dexterius
1444 2819 1495 2872 ant
1510 2815 1654 2884 festivius,
1678 2817 1704 2873 sl
1722 2818 1792 2874 forte
1807 2833 1848 2873 res
1859 2814 1918 2871 dele·

459 2888 538 2960 lonqe
549 2891 659 2960 paectu
673 2889 864 2959 llieronymnr.
1128 2886 1285 2943 eletionem
1300 2886 1468 2943 desideret?
1483 2887 1533 2942 Sin
1544 2888 1718 2960 eloquentie
1728 2889 1839 2946 laudem
1846 2885 1918 2959 requi·

1128 2973 1185 3024 ree,
1211 2957 1239 3012 in
1256 2958 1310 3014 hac
1334 2961 1410 3014 certe
1423 2957 1604 3016 Christianos
1624 2961 1782 3033 scriptores
1795 2960 1918 3016 universos

287 3029 375 3085 Bonis
399 3029 512 3086 artibus
534 3034 563 3086 et
590 3031 697 3088 studiis
721 3030 879 3103 expolitum
902 3029 992 3085 luisse
1007 3029 1072 3084 Hic·
1127 3033 1208 3084 tento
1235 3034 1299 3101 post
1325 3045 1356 3084 se
1385 3028 1502 3102 reliquit
1529 3029 1690 3098 intervallo,
1717 3037 1750 3088 ut
1770 3030 1918 3088 nechioun

252 3116 420 3170 rcnymum,
445 3101 495 3173 qui
518 3106 604 3172 neget
629 3118 714 3158 nemo
729 3103 857 3156 virorum
872 3110 932 3156 est:
950 3101 979 3156 id
995 3101 1072 3156 enim
1127 3101 1300 3173 Hieronymo
1317 3101 1440 3157 conferri
1456 3106 1575 3173 queant,
1600 3104 1650 3174 qui
1674 3105 1765 3160 vitem
1787 3099 1918 3159 omnenin

253 3171 387 3243 quemvis
400 3171 463 3244 ipse
478 3173 626 3240 tacuisset,
650 3177 760 3228 cunctis
782 3169 902 3239 eyllnbae
924 3187 956 3226 ac
972 3171 1073 3227 litteroe
1130 3187 1187 3227 uno
1203 3172 1276 3227 bene
1292 3171 1405 3227 dicendi
1431 3172 1527 3228 studio
1547 3175 1767 3231 contriverunt:
1782 3191 1814 3231 cc
1844 3185 1919 3228 mrsns

252 3241 468 3367 {iprertsculoreun}J
476 3243 541 3324 ejice
555 3241 650 3324 palam
665 3247 853 3368 ιὲειῖιιιιιιιέιι,
865 3241 893 3296 iu
907 3243 1073 3368 Latinqsoi-
1128 3246 1242 3368 mniutffl
1267 3243 1359 3314 abest,
1385 3247 1417 3298 ut
1440 3243 1607 3370 qrfqisquam¹
1622 3246 1660 3300 sit
1680 3249 1786 3302 nostre
1801 3191 1921 3367 reiigiong

252 3327 468 3438 :tutin
483 3328 1001 3468 tillill'l'llirtclriilidl‘llllt
1014 3329 1076 3440 ¹50⁰?-
1125 3329 1702 3470 ,tttittfutenttmuttttttttt
1719 3323 1921 3462 tttnllt.

254 3457 351 3508 satum
366 3469 440 3508 esse.
466 3455 502 3509 nt
517 3471 639 3510 mmrma
659 3453 857 3527 yuvemlrsque
882 3461 990 3528 peritia*
1007 3473 1075 3528 pars
1129 3456 1299 3527 eloquentis
1315 3457 1453 3512 Romame
1476 3458 1648 3532 prinoipem,
1670 3453 1922 3516 nonnulliedicecrlt

254 3523 305 3580 illa
320 3523 375 3580 l'uil
386 3525 571 3582 contendenti
587 3525 621 3582 cd
635 3526 747 3598 apicem
762 3525 960 3598 intelligentia
975 3544 1075 3584 sacro·
1128 3528 1286 3583 virtutibus
1313 3531 1448 3600 superet:
1478 3530 1555 3611 quod
1584 3530 1706 3602 quidem
1733 3525 1924 3657 inigsiusvite

255 3594 1076 3669 rumVoluminum‚quahendsinclabnribusmaximis
1130 3598 1277 3655 celesius
1301 3599 1578 3656 demonstrabimus.
1603 3601 1673 3658 Mihi
1698 3618 1771 3658 sane
1805 3601 1923 3672 enipeum

255 3669 370 3740 adepte,
387 3667 482 3723 dicere
497 3669 601 3741 poluit,
617 3686 684 3725 cum
701 3669 887 3726 sanctissimo
903 3686 935 3725 ac
951 3670 1076 3726 invictis·
1130 3617 1203 3726 sciit
1218 3670 1371 3726 usuvenire
1382 3672 1411 3726 in
1423 3670 1607 3744 Hieronymo,
1619 3673 1697 3744 quod
1709 3673 1780 3730 clim
1791 3674 1819 3728 in
1831 3665 1924 3728 illu·

254 3738 329 3796 simo
340 3754 407 3811 rege
418 3756 424 3794 :
436 3741 759 3813 Superournerdocenlec
771 3757 816 3796 me
830 3741 967 3796 intellexi.
984 3745 1076 3796 Tanta
1130 3741 1187 3798 lio:
1206 3758 1272 3796 cnm
1288 3758 1345 3814 quo
1361 3742 1384 3796 si
1401 3758 1489 3812 quem
1504 3743 1664 3812 contulero,
1681 3761 1735 3818 per
1748 3762 1780 3802 ee
1794 3747 1924 3816 quantun·

254 3811 334 3867 enim
356 3816 402 3866 est
424 3809 459 3866 de
486 3811 658 3868 eruditionis
682 3811 913 3884 Hieronymianrc
939 3811 1076 3869 laudibus
1129 3815 1172 3868 vis
1188 3811 1341 3882 disertum,
1367 3817 1484 3885 repente
1505 3815 1584 3870 velut
1602 3815 1804 3873 obmutescere
1817 3814 1924 3870 videtu:

254 3882 333 3938 lame
361 3881 556 3948 consentiens,
586 3888 617 3938 nt
642 3883 671 3938 in
696 3883 904 3954 Hieronymum
923 3884 1076 3955 aptissime
1129 3891 1158 3940 et
1174 3885 1257 3954 cujus
1272 3882 1414 3956 lingnam,
1434 3885 1505 3939 citra
1530 3885 1746 3944 contentionem
1768 3885 1925 3943 vehementer

255 3954 379 4025 quadret
403 3951 475 4008 illud
499 3952 627 4026 elogium
651 3955 791 4011 unicum:
814 3956 870 4011 lino
886 3970 931 4010 ore
943 3956 1076 4028 plurimes
1132 3954 1272 4019 admiror,
1287 3956 1323 4010 ad
1339 3955 1418 4010 hunc
1433 3957 1613 4027 compositus
1627 3959 1814 4025 etadmotus,
1825 3951 1924 4026 elinguis

253 4025 427 4080 cernentinnt
444 4028 546 4094 pentes,
565 4026 662 4109 popuii
684 4027 850 4096 primarium
875 4027 960 4096 [clerc
975 4029 1074 4082 cirum.
1129 4027 1244 4082 videtur
1258 4031 1287 4081 et
1300 4025 1415 4082 balbus.
1432 4027 1483 4082 Sin
1499 4028 1662 4084 doctricem
1679 4031 1790 4103 exiges,
1804 4027 1923 4102 quasetn

254 4095 397 4168 Equidem
414 4111 470 4150 non
487 4095 568 4152 solus
584 4113 626 4152 sic
637 4096 760 4168 opinior,
772 4097 879 4169 quippe
894 4097 944 4169 qui
960 4113 1075 4153 mecum
1132 4115 1219 4171 quem
1230 4096 1370 4153 hubctvel
1382 4097 1702 4156 eruditissimatircecie
1723 4101 1767 4158 sic
1785 4098 1925 4156 absolutum

255 4165 473 4222 eruditissimos
495 4166 571 4222 viros
596 4165 688 4223 habeo
710 4169 935 4236 consentientes,
961 4168 1075 4224 deside·
1092 4185 1113 4252 C
1131 4169 1256 4224 inomni
1281 4168 1417 4224 doctrine
1442 4184 1556 4251 genere,
1582 4175 1616 4227 ut
1637 4187 1704 4228 cum
1725 4173 1887 4242 Hieronymo
1898 4164 1926 4220 sil

255 4237 332 4293 mum
349 4238 502 4294 Erasmunr
517 4255 584 4294 cum
604 4238 708 4310 primis
733 4256 790 4294 aevo
816 4239 958 4310 superiori
976 4239 1078 4296 claris·
1131 4241 1384 4296 committendus?
1398 4241 1468 4304 Qurs
1484 4258 1613 4312 unquam
1626 4243 1688 4314 pari
1705 4243 1927 4300 felicitatemne

256 4311 366 4365 simum
392 4314 421 4364 et
445 4309 590 4366 excultum
616 4309 840 4367 humanioribus
861 4309 1077 4382 litteris‚cujus
1131 4312 1222 4367 totius
1250 4311 1422 4366 eruditionis
1450 4317 1547 4386 partes
1576 4315 1729 4386 conjunxit
1755 4323 1782 4371 et
1804 4303 1927 4388 absolsit?

277 4379 380 4436 roinde
403 4379 498 4436 verbis
522 4380 654 4454 apposite
677 4381 810 4438 dicemus
834 4382 869 4436 ad
899 4383 1076 4454 persuaderi·
1132 4383 1202 4446 Quis
1216 4398 1347 4454 unquam
1371 4382 1401 4438 in
1421 4385 1465 4438 tot
1479 4383 1588 4456 linguis
1603 4385 1773 4442 antecelluit
1787 4377 1926 4441 unusiGttt

255 4396 336 4508 inm.
435 4521 439 4533 Ι
870 4523 907 4533 Η
1133 4448 1928 4568 tentabistoriarum,tentageogreqhimtantamthyui·

292 4543 306 4573 n
323 4526 418 4592 atque
432 4521 459 4577 td
477 4523 615 4595 prolecto,
632 4521 736 4605 inquit,
752 4539 819 4579 cum
836 4523 908 4578 mrhr
923 4523 1076 4580 vehemen-
1131 4526 1201 4581 tatis
1225 4525 1328 4580 notitia
1352 4525 1474 4598 contigit
1495 4543 1645 4598 unquem.
1673 4529 1747 4594 Quis
1762 4539 1880 4598 unquam
1892 4535 1926 4576 ee

255 4597 301 4650 ter
323 4593 476 4719 indignum
500 4594 647 4650 videretur
667 4611 696 4650 ιιι
717 4593 850 4651 omnious
865 4595 997 4666 eruditis,
1015 4603 1076 4650 tum
1132 4611 1248 4652 crurum
1262 4613 1296 4652 ac
1312 4597 1499 4669 prutenorum
1515 4597 1648 4653 omnium
1664 4597 1882 4664 Litterarumet
1905 4616 1927 4672 J

254 4663 379 4738 longein
402 4664 989 4737 igniseimuminllieronymo‚cujustcm
1000 4665 1076 4721 mul·
1132 4683 1192 4723 rem
1221 4671 1249 4723 et
1276 4666 1442 4722 absolutam
1472 4668 1624 4725 scientiam
1646 4675 1691 4726 est
1716 4665 1882 4728 assecutos?
1906 4676 1927 4716 n

255 4741 292 4792 tic
306 4741 427 4808 temque
441 4735 553 4792 eximie
568 4737 650 4793 dotes
666 4737 917 4808 promerebantur,
933 4737 1019 4793 utvel
1031 4753 1078 4794 so·
1133 4739 1304 4796 memoriam
1320 4740 1487 4795 examines:
1501 4741 1567 4821 quis
1591 4745 1701 4809 auctor,
1728 4757 1782 4798 seu
1795 4741 1879 4802 vetus,
1890 4745 1926 4814 sep

256 4807 303 4864 lus
319 4813 348 4864 et
361 4812 440 4863 totns
455 4807 864 4882 etinocrruptuseervaretur.
876 4808 948 4864 Nem
960 4812 1077 4864 coetern·
1132 4827 1234 4880 novus,
1252 4826 1338 4881 quem
1356 4809 1403 4865 ille
1427 4826 1484 4864 non
1508 4828 1538 4865 m
1554 4819 1691 4884 promptu
1713 4809 1864 4869 habuerit?
1876 4807 1927 4884 Outt

256 4896 322 4934 cnm
338 4879 456 4951 quidem
471 4878 544 4936 alios
560 4879 622 4935 alia
638 4879 843 4936 commendent
858 4879 958 4936 dotes:
976 4879 1005 4934 in
1023 4880 1077 4936 hoc
1132 4880 1258 4954 angulus
1273 4881 1375 4936 iivinae
1390 4880 1556 5006 Scripturas,
1567 4882 1637 4955 quid
1653 4888 1712 4940 tem
1725 4884 1863 4946 abditum,
1875 4871 1927 5000 qni

256 4967 316 5006 uno
340 4943 512 5018 συλλήὅδην,
535 4955 568 5006 ut
593 4951 685 5016 aiunt,
712 4950 900 5021 conjunctum
930 4951 993 5018 luit,
1019 4951 1077 5006 exi·
1131 4958 1192 5008 tam
1207 4951 1331 5021 varium,
1348 4952 1423 5022 quod
1440 4952 1447 5004 i
1464 4951 1489 5006 le
1504 4969 1560 5008 non
1587 4953 1667 5010 velut
1686 4955 1877 5010 innumerata
1905 4959 1925 4998 Ι·

256 5023 349 5078 mium
375 5021 430 5078 luit
454 5021 595 5105 quidquid
616 5023 645 5078 in
666 5021 731 5078 aliis
748 5037 798 5094 per
812 5027 909 5096 partes
924 5023 1075 5078 miramur.
1132 5023 1251 5080 buerit?
1266 5023 1317 5078 Sin
1333 5023 1506 5079 industriam
1522 5041 1529 5080 ι
1546 5025 1613 5096 quie
1628 5041 1762 5098 unquam
1777 5029 1881 5082 tantum
1892 5015 1927 5074 eci

256 5093 372 5149 lituum
397 5095 426 5148 in
453 5093 577 5166 singulis
592 5093 741 5167 egregium
757 5109 821 5149 esse
836 5109 976 5164 magnum
992 5093 1032 5148 sit
1045 5109 1078 5148 ac
1132 5094 1245 5162 evolvit,
1271 5100 1322 5150 eut
1345 5094 1462 5165 scripsit
1476 5093 1681 5152 voluminum?
1694 5097 1768 5162 Quis
1783 5097 1825 5153 sic
1837 5091 1924 5150 unite*

256 5180 374 5220 rarum:
392 5165 439 5220 hie
451 5165 494 5221 sic
509 5165 643 5222 excelluit
657 5165 686 5221 iu
702 5165 850 5226 omnibus,
867 5169 899 5220 ut
914 5163 999 5236 longe
1009 5181 1078 5236 pra·
1133 5183 1194 5221 sam
1204 5166 1332 5222 divinam
1342 5165 1522 5237 Scripturem
1533 5167 1661 5234 edidicit,
1674 5168 1803 5235 imbibit,
1811 5155 1923 5240 concedi,

257 5235 397 5316 curretin
413 5235 547 5308 singulis,
565 5237 588 5291 ei
613 5235 696 5293 illum
716 5251 784 5320 enm
799 5236 911 5291 ceteris
926 5237 1076 5317 conteras:
1133 5239 1266 5320 versavit,
1294 5237 1452 5320 meditatus
1479 5239 1546 5292 est?
1574 5237 1646 5322 Quis
1673 5255 1757 5312 reque
1785 5233 1888 5318 sudavit
1905 5241 1925 5282 u

256 5306 1077 5449 lllttttttttttttllflnntt,ttlutltttttltt
1133 5324 1212 5434 itti
1227 5309 1927 5453 telins.stendit.nt‘tttntttl
1998 5351 1999 5400 ³

256 5446 370 5506 illenim
387 5448 411 5503 si
427 5454 537 5505 natrrrae
553 5450 718 5507 felicitatem
739 5467 771 5504 ex
795 5449 896 5511 endas,
913 5449 983 5520 quid
999 5448 1080 5506 illins
1134 5451 1232 5507 docuit
1261 5449 1432 5505 ardentius?
1457 5450 1583 5523 lienique
1610 5453 1677 5524 quis
1700 5453 1843 5509 eumvita
1856 5453 1928 5518 megi!
1998 5489 1999 5516 ,

256 5521 286 5581 in
309 5518 374 5578 anio
389 5518 432 5576 vel
448 5521 598 5579 ardentius
616 5523 652 5580 ed
669 5467 851 5587 discentium,
868 5519 911 5577 vel
927 5521 1024 5579 eonius
1040 5522 1076 5580 ad
1094 5552 1115 5617 D
1133 5522 1301 5596 expressit?
1317 5521 1431 5580 Poterat
1455 5521 1502 5578 hic
1523 5539 1600 5580 unus
1624 5541 1675 5597 pro
1689 5524 1806 5582 cunetis
1820 5518 1928 5600 sufficet
1998 5565 1999 5588 ,

256 5537 506 5668 iniicendumncl
522 5593 675 5652 leocadius
690 5594 726 5652 sd
741 5591 1075 5652 inveniendumtheni·
1131 5592 1252 5664 Latinis,
1283 5593 1327 5649 vel
1356 5593 1393 5650 cd
1420 5592 1483 5650 vito
1511 5591 1927 5668 pictatem‚vetacthcctcpee
1998 5599 1999 5666 t
