4064 6158
151 305 209 387 toi
722 299 726 308 '
750 301 753 306 '
776 301 809 380 s.
832 299 987 380 sussen
1009 305 1231 379 mesanam
1792 297 1829 378 io

150 460 227 514 erut:
253 453 321 510 dum
334 455 412 508 -esset
435 447 595 523 desponsata
618 453 707 506 meter
733 451 792 522 dus
815 449 905 504 Μανία
927 451 972 505 to·
986 457 1015 524 Α
1030 464 1063 503 aa
1077 464 1142 520 qma
1155 449 1280 522 cogitata
1295 453 1374 520 sunt,
1392 450 1502 507 fierent.
1525 444 1618 526 igitur
1635 464 1701 507 cum
1721 449 1850 523 Dvange-

148 544 224 618 sepis,
246 545 412 616 priusquam
430 540 740 607 cenomannicorum
758 546 798 594 est
819 537 921 593 liutem
943 539 973 592 in
1028 536 1097 594 lista
1130 538 1225 594 dicat:
1264 539 1431 612 Priusquam
1464 542 1651 608 conuenirent,
1683 537 1847 612 proximum

54 661 64 680 e
150 641 227 690 utero
255 632 288 688 de
317 631 424 702 Spiritu
451 632 552 685 saneto.
579 629 653 685 uos
692 628 789 699 tosepls
812 635 904 684 autem
930 629 975 682 uir
1028 626 1197 698 nuptiarum
1221 631 1339 700 tempus
1367 628 1506 697 ostendit,
1533 635 1562 684 et
1588 629 1618 684 in
1648 644 1682 684 eo
1706 628 1768 699 jam
1787 643 1849 684 rem

147 725 216 794 ejus,
232 737 294 778 cum
309 726 377 774 esset
386 718 488 789 justus,
504 723 530 772 et
543 717 626 772 nollet
640 733 701 772 euru
716 716 868 784 traducere,
884 713 974 771 votuit
1027 713 1118 769 tuisse
1132 719 1175 784 ut,
1192 731 1254 786 que
1270 715 1351 788 prius
1367 733 1476 789 sponsa
1490 717 1595 784 iuerat,
1610 733 1674 774 esse
1689 732 1761 772 uxor
1775 715 1849 771 inci-

149 811 249 867 occatte
273 809 413 864 dimittere
439 806 525 862 eom¹.
555 807 616 861 ilua
649 808 741 861 rsutnn
769 821 799 860 co
825 806 970 875 copitantc,
1026 806 1115 873 peret.
1132 802 1220 867 Quasi
1235 803 1340 860 dixerit
1356 820 1362 862 :
1379 810 1544 879 Antequam
1560 805 1661 863 oscula
1682 804 1850 877 amplexus-

147 915 205 955 ccce
229 898 342 966 onpetass
357 895 467 951 Domini
482 895 511 948 in
535 894 637 949 somnis
651 891 782 964 apparuit
806 893 842 956 ci,
863 891 971 946 dicens:
1026 907 1083 962 que
1098 892 1442 965 miscerent;anteqnam
1459 911 1520 950 rem
1535 897 1655 968 agerent
1665 893 1847 966 nuptiarum,

34 1039 40 1065 ,
146 985 254 1059 toseptr,
269 986 313 1057 pti
335 984 433 1050 Dauid,
458 997 493 1037 ne
517 983 615 1037 timeas
636 981 758 1050 accipere
776 978 891 1034 diarium
904 993 971 1033 con·
1026 978 1145 1036 inventa
1160 985 1206 1037 est
1222 981 1334 1038 habens
1348 982 1378 1037 in
1401 987 1493 1039 utero.
1520 983 1639 1039 Inventa
1659 987 1703 1040 est
1718 986 1848 1038 autema

142 1077 237 1148 juqean
251 1083 340 1130 tuom.
356 1071 434 1143 Quod
448 1073 521 1127 enim
535 1073 633 1126 natum
647 1078 686 1125 cst
700 1071 730 1124 iu
755 1084 797 1134 ea,
817 1068 850 1124 de
864 1067 971 1139 Spiritu
1026 1066 1107 1123 nullo
1122 1067 1190 1137 alio,
1208 1069 1264 1125 nisi
1280 1085 1297 1126 a
1311 1069 1430 1142 ioseph,
1454 1071 1504 1143 qni
1528 1087 1641 1144 sponsae
1667 1074 1782 1126 uterum
1797 1074 1847 1125 tn·

146 1166 239 1220 sarecto
253 1167 294 1219 est
318 1153 423 1233 (llattls.
440 1176 461 1227 1,
482 1159 515 1214 18
539 1158 621 1230 seqq).
642 1159 723 1224 Ecce,
748 1153 856 1230 inquil,
880 1155 970 1212 habes
1025 1161 1153 1214 mentem
1178 1159 1277 1230 pene*
1297 1159 1360 1227 jam
1385 1159 1503 1216 licentia
1528 1159 1666 1226 maritali,
1681 1164 1710 1216 et
1724 1159 1848 1216 curiosis

41 1293 42 1296 ,
146 1253 345 1324 desponsatum,
370 1265 428 1304 non
453 1245 679 1314 commendatam,
705 1249 738 1300 ut
759 1244 841 1312 dicis,
868 1247 898 1299 at
916 1243 970 1299 uti·
1024 1246 1117 1302 oculis
1132 1247 1333 1319 deprehendit.
1349 1247 1412 1304 Non
1432 1253 1530 1304 tamen
1555 1249 1697 1322 sequitur,
1723 1248 1846 1320 utprio·

143 1357 200 1412 que
215 1356 273 1395 non
300 1339 338 1394 oh
364 1336 444 1392 aliud
469 1336 688 1408 desponsatam,
713 1333 770 1390 nisi
792 1333 969 1405 quandoque
1024 1333 1105 1390 ribus
1130 1335 1263 1392 decimus
1285 1335 1437 1410 exemplis,
1461 1353 1528 1393 eum
1548 1353 1616 1394 eum
1638 1338 1846 1394 Marianonva·

143 1432 316 1502 nupturam.
330 1427 431 1498 Neque
446 1424 524 1481 enirn
539 1424 581 1480 de.
594 1440 652 1479 non
676 1421 861 1478 conventuris
876 1421 969 1476 livan-
1023 1422 1102 1479 nisse
1114 1427 1181 1496 post
1195 1429 1323 1497 partum,
1339 1426 1425 1497 cujus
1442 1425 1632 1482 conveniendi
1654 1426 1846 1494 desiderium,

142 1516 249 1590 gelista
288 1515 419 1572 dixisset.
460 1515 628 1586 Priusquam
670 1512 862 1568 conuenirent:
901 1509 969 1580 quin
1022 1512 1097 1567 uteri
1124 1513 1312 1586 conceptione
1332 1513 1482 1572 sublatum
1505 1519 1559 1572 est.
1590 1515 1671 1580 Quod
1693 1519 1790 1572 autem
1815 1515 1846 1571 in

143 1623 228 1662 nemo
244 1606 278 1662 de
295 1619 352 1661 non
369 1619 512 1676 pransuro
528 1601 609 1670 dicii,
624 1604 783 1673 antequam
800 1599 965 1672 pranderet.
1022 1601 1135 1656 somnis
1163 1595 1271 1658 dicitur
1298 1603 1334 1658 ad
1368 1603 1497 1676 ioseph:
1536 1605 1576 1660 Nc
1606 1605 1688 1660 timus
1724 1605 1848 1676 occipere

142 1693 252 1752 Deinde
270 1695 306 1750 ab
322 1690 567 1764 angelo²ucorem
595 1688 772 1763 appellatam
796 1691 825 1744 at
846 1688 965 1759 conjuo-
1020 1692 1142 1747 Mariam
1156 1706 1271 1747 uxorem
1293 1695 1380 1748 tuom.
1406 1693 1440 1748 m
1464 1709 1601 1750 rursum:
1626 1695 1780 1765 Desurqens
1793 1710 1847 1750 ou-

140 1787 222 1839 ctnm.
237 1781 401 1839 Audiamus
415 1796 494 1836 nunc
509 1779 580 1851 qnid
595 1779 747 1850 Scriptura
771 1776 960 1851 pronuntiet:
982 1822 1004 1887 B
1023 1784 1076 1832 pm
1089 1779 1187 1851 ioseph
1201 1795 1218 1834 α
1231 1795 1336 1841 somno.
1357 1782 1423 1851 tecit
1444 1783 1515 1838 sicut
1536 1783 1667 1853 precepit
1689 1783 1719 1838 ei
1732 1781 1846 1862 agapetus

142 1877 296 1943 scurpeus,
311 1869 418 1942 inquit,
433 1869 565 1941 toseptva
588 1883 693 1937 somno,
718 1869 784 1937 fecit
806 1868 876 1922 sicut
887 1879 963 1936 prae·
1022 1869 1143 1935 Domini,
1165 1877 1191 1925 et
1215 1869 1317 1941 occepit
1338 1885 1454 1927 unorem
1476 1886 1565 1938 sunm,
1592 1869 1706 1926 nullum
1731 1887 1847 1928 movere

140 1968 249 2034 ceperat
267 1962 294 2016 ei
312 1961 424 2032 ouqclus
439 1959 571 2014 Domini:
586 1961 612 2013 et
635 1957 737 2027 occepit
754 1971 870 2010 uxorem
884 1971 963 2010 suom
1014 1957 1117 2025 debat,
1131 1956 1216 2029 quasi
1232 1974 1267 2014 ex
1281 1958 1405 2030 eoquod
1421 1974 1493 2015 uuor
1512 1969 1557 2016 est
1576 1957 1730 2032 appellata,
1747 1975 1846 2032 sponso

140 2054 167 2106 ct
189 2067 244 2108 non
270 2049 394 2119 coquouit
417 2064 489 2115 eam,
513 2047 596 2104 donec
630 2047 736 2117 peperit
767 2043 860 2114 fitium
883 2059 965 2099 suum
1021 2062 1087 2103 essa
1111 2045 1249 2102 desierit:
1272 2063 1339 2102 curu
1364 2047 1439 2103 hanc
1468 2065 1532 2105 csse
1560 2048 1717 2121 Scriptura
1739 2048 1844 2105 divinae

142 2139 248 2208 (Μαίίίι.
266 2155 287 2207 1,
301 2139 349 2204 24,
359 2139 415 2207 25).
1020 2134 1263 2191 consuetudinem
1302 2136 1481 2204 noverimne,
1521 2141 1553 2192 ut
1579 2151 1691 2210 sponsos
1719 2136 1846 2210 appellet

176 2229 203 2283 4.
219 2228 408 2298 Hieronymus.
425 2225 635 2297 -Praepositio
660 2225 727 2278 anto
750 2221 815 2294 quid
839 2215 965 2278 ostendit.
1020 2240 1129 2280 amores.
1155 2223 1238 2279 Sicut
1257 2224 1288 2279 in
1313 2226 1505 2297 sequentibus
1529 2225 1745 2283 Deuteronomii
1760 2225 1846 2283 testi·

142 2319 235 2375 Μανία
259 2331 344 2388 quare
365 2317 443 2386 uirqo
466 2318 596 2386 sponsata
619 2312 780 2384 conceperit.
803 2341 837 2351 -
860 2309 965 2366 Curra-
1021 2311 1127 2368 moniis
1141 2313 1341 2384 approbatur:
1358 2315 1388 2369 Si
1409 2316 1483 2386 quis,
1508 2314 1615 2386 inquit,
1638 2301 1777 2372 invaserit
1789 2317 1845 2370 uir·

143 2422 211 2462 mus
226 2421 278 2477 per
292 2402 419 2478 singula.
435 2406 463 2458 et
477 2401 657 2474 impietatem
672 2401 788 2467 iisdem,
803 2398 910 2471 quibus
925 2397 967 2457 in·
1020 2404 1111 2471 qinom
1127 2401 1317 2474 desponsatam
1333 2404 1392 2459 uiro
1422 2405 1453 2458 in
1479 2419 1584 2476 compo,
1614 2408 1639 2460 et
1666 2405 1844 2477 oimsociens

144 2510 245 2568 gressa
260 2497 313 2562 est,
329 2492 461 2564 vestigiis
476 2493 694 2565 persequentes,
715 2487 877 2562 pugnantia
891 2487 967 2542 inter
1020 2490 1162 2546 dormierit
1175 2507 1237 2546 cum
1259 2507 1302 2561 ea,
1322 2497 1407 2548 morte
1429 2494 1576 2562 momatur,
1596 2494 1663 2564 quio
1684 2493 1843 2550 humiliavit

145 2599 176 2638 se
203 2581 312 2637 dixisse
336 2582 504 2636 doceamus.
525 2579 720 2651 Desponsatam
748 2578 922 2633 confltetur:
939 2578 970 2630 et
1019 2595 1133 2636 uxorem
1156 2581 1279 2651 proximi
1299 2581 1344 2636 sui
1374 2581 1462 2653 (Dent.
1486 2597 1554 2652 svn,
1584 2582 1640 2652 25).
1665 2582 1700 2638 m
1729 2581 1759 2636 in
1784 2581 1841 2638 alio

145 2670 245 2729 statim
261 2684 376 2725 uxorem
390 2667 452 2724 vult
465 2683 530 2723 esse
545 2683 634 2740 quam
648 2667 800 2722 consessus
817 2669 863 2720 est
878 2679 966 2736 spon·
1019 2667 1103 2724 loco:
1133 2668 1163 2725 Si
1200 2678 1292 2724 autern
1323 2671 1410 2742 suerit
1448 2669 1649 2726 adolescentula
1680 2671 1843 2742 desponsata

145 2777 220 2816 snm.
237 2759 365 2816 Rursum
383 2773 470 2828 quam
488 2772 609 2812 uxorem
621 2755 763 2821 nominat,
775 2753 846 2809 dicit
860 2768 917 2807 non
929 2752 965 2807 ub
1019 2760 1089 2825 uiro,
1106 2761 1130 2812 et
1147 2759 1284 2814 inuenerit
1295 2757 1375 2814 ttomo
1390 2775 1452 2815 eoin
1472 2760 1503 2814 in
1525 2761 1645 2827 ciuitate,
1669 2763 1696 2816 et
1719 2759 1845 2816 dormic-

147 2847 225 2904 aliud
241 2848 459 2919 desponsatam,
476 2844 532 2900 nisi
551 2843 726 2915 quandoque
747 2846 916 2914 nupturam.
933 2841 967 2895 lit
1020 2848 1057 2901 ria
1082 2863 1144 2902 cum
1167 2863 1209 2916 ep,
1235 2846 1353 2904 educetis
1390 2851 1537 2918 utrumque
1555 2845 1590 2902 ad
1610 2849 1846 2918 perterrefaciatis

146 2953 303 3011 naporum
329 2935 384 2990 hoc
413 2934 607 2990 arbitremur:
639 2931 772 2998 «Habes,
802 2927 967 3002 inquinate·
1020 2935 1109 3001 illius,
1146 2939 1172 2990 et
1213 2934 1410 3008 lapidabuntur
1439 2936 1587 3008 lapidibus,
1623 2939 1649 2992 ct
1679 2937 1843 2994 morientur.

145 3033 312 3099 sponsatam,
328 3027 357 3080 et
380 3039 437 3078 non
462 3022 690 3088 comrmndutcm,
715 3019 744 3075 id
770 3017 965 3080 retrardum
1019 3023 1225 3080 adolescentula
1246 3023 1366 3096 quidem,
1391 3027 1458 3098 quio
1486 3041 1542 3082 uon
1564 3023 1758 3097 proclamauit,
1782 3041 1846 3080 cum

144 3131 276 3182 uxorem,
306 3113 431 3169 necdum
456 3109 580 3167 maritali
600 3107 907 3180 vinuutucopulutum.
934 3107 966 3162 Iu
1020 3117 1087 3170 esset
1110 3115 1140 3169 in
1164 3114 1292 3170 ciuitate:
1318 3115 1363 3170 oir
1385 3122 1486 3183 cutem,
1514 3116 1580 3185 quia
1601 3115 1845 3170 humiliantium·

145 3220 178 3258 00
192 3218 259 3258 veto
274 3201 351 3272 quod
368 3201 419 3266 flii,
435 3200 533 3273 Neque
548 3199 626 3254 enlm
642 3199 678 3254 du
700 3214 757 3254 1¹0n
781 3197 967 3252 conventuris
981 3191 1003 3258 G
1023 3220 1082 3258 rem
1096 3203 1279 3275 proximitui
1294 3219 1300 3258 :
1317 3207 1343 3258 et
1365 3202 1547 3258 eradicabitis
1561 3203 1668 3258 motum
1682 3202 1736 3274 [ct.
1757 3201 1845 3258 mali·

143 3288 328 3363 Evangelista
366 3288 517 3344 dixisset:
561 3289 727 3358 Priusquam
761 3287 966 3343 conuenirent:
1020 3291 1124 3364 gnum]
1143 3305 1178 3345 en
1207 3292 1404 3363 uotumetipsis
1431 3289 1509 3361 (tort.
1538 3291 1585 3358 23,
1608 3291 1654 3346 24.
1684 3291 1846 3348 Necnonet

147 3379 216 3453 qnia
228 3394 314 3434 nemo
329 3378 363 3432 de
378 3393 435 3433 non
451 3392 595 3448 pransuro
610 3374 691 3441 dicit,
708 3379 866 3446 antequam
882 3389 967 3445 pran-
1020 3378 1105 3436 alibi:
1121 3379 1153 3434 lit
1176 3381 1238 3450 quis
1262 3380 1311 3435 itte
1335 3379 1423 3448 immo,
1448 3381 1495 3434 cui
1517 3378 1679 3451 desponsata
1706 3388 1746 3436 est
1761 3396 1843 3448 senor,

148 3469 238 3533 deret,
252 3466 416 3532 doleamne,
437 3483 474 3521 an
498 3464 620 3532 rideam,
647 3463 784 3521 neseio.»
813 3462 966 3535 lmperitiae
1018 3471 1044 3522 et
1058 3483 1113 3523 non
1128 3471 1232 3538 accepit
1248 3468 1290 3535 [tt
1310 3469 1437 3540 accipiet]
1465 3471 1548 3524 cem?
1572 3467 1655 3524 Vndut
1677 3477 1702 3524 et
1725 3477 1845 3526 reoma-

148 3572 281 3630 nrguum,
298 3571 334 3610 un
356 3553 527 3610 temeritatis
552 3552 711 3610 accusem?
736 3551 824 3616 Quasi
851 3551 873 3606 si
900 3551 966 3623 quis
1021 3559 1067 3610 tur
1081 3555 1234 3612 indomum
1254 3573 1346 3626 suam,
1368 3572 1404 3611 ne
1424 3557 1494 3626 sorte
1509 3558 1645 3613 moriatur
1668 3558 1699 3612 in
1723 3557 1802 3624 betto,
1817 3567 1845 3614 et

144 3645 267 3702 dixerit:
283 3646 447 3716 Antequam
463 3642 493 3698 in
518 3647 601 3714 portu
629 3644 815 3714 pranderem,
839 3640 874 3695 ad
890 3639 965 3694 Atri-
1019 3645 1097 3701 trama
1111 3646 1186 3700 otinas
1200 3646 1318 3716 occipiat
1332 3661 1393 3700 eam
1408 3644 1495 3716 (Dent.
1512 3661 1559 3712 xx,
1580 3647 1619 3715 7).
1641 3645 1670 3702 Si
1685 3646 1730 3702 cui
1745 3649 1844 3703 autem

144 3752 208 3791 cum
223 3732 382 3807 navigavit,
398 3749 456 3788 non
475 3730 569 3803 possit
594 3734 672 3786 stare
695 3728 851 3798 sententia,
868 3728 925 3783 nisi
939 3727 965 3782 ei
1020 3731 1180 3806 scrupulus
1200 3738 1402 3791 commovetur
1425 3750 1515 3807 quare
1540 3733 1727 3806 desponsata,
1743 3738 1772 3789 et
1786 3749 1845 3790 non

144 3824 173 3879 in
191 3828 274 3896 portu
291 3821 493 3894 prandendum
510 3820 685 3892 quandoque
709 3818 757 3874 sit.
775 3822 832 3874 Aut
856 3816 965 3874 siveli·
1019 3809 1118 3896 polius
1138 3820 1201 3878 sine
1230 3837 1349 3895 sponso,
1379 3822 1438 3880 sive
1468 3823 1511 3896 (ut
1535 3821 1687 3894 Scriptura
1707 3820 1844 3896 appellat)

146 3905 966 3980 musdicere:PaulusapostolusanlequamadHispa-
1021 3911 1135 3979 marito,
1164 3911 1245 3983 virgo
1276 3911 1450 3983 conceperit,
1485 3911 1559 3967 aciat
1582 3910 1726 3984 triplicem
1751 3911 1843 3967 luisse

145 3999 209 4056 nias
225 4002 367 4072 pergeret,
385 3998 483 4054 Roma
499 3997 528 4052 in
543 3996 661 4054 vincula
675 3997 823 4067 conjectus
838 3999 891 4052 est.
908 4001 967 4051 aus
1020 4000 1173 4056 rationem.
1205 3999 1316 4070 Primo,
1347 4003 1380 4054 nt
1413 4015 1464 4072 per
1495 3997 1693 4073 genealogiam
1718 3997 1841 4072 ioseph,

146 4093 223 4144 certe
238 4086 331 4144 illud:
350 4086 499 4143 Helvidius
515 4091 672 4159 antequam
688 4085 888 4159 paenitentiam
904 4100 967 4156 ago·
1020 4089 1105 4160 adjus
1120 4087 1212 4144 Maria
1235 4091 1360 4160 cognata
1380 4091 1455 4155 erat,
1478 4088 1580 4162 origot
1603 4104 1720 4161 quoque
1745 4087 1844 4144 Marias

144 4179 484 4250 ret.mortopraventns
505 4179 568 4232 est:
594 4174 694 4231 statim
719 4180 769 4230 aut
795 4171 966 4246 Paulopost
1020 4180 1242 4234 monstraretur.
1273 4177 1359 4233 209.
1389 4177 1533 4245 Secundo,
1569 4193 1605 4234 ne
1633 4177 1720 4248 juxta
1747 4174 1844 4250 legem

143 4267 260 4324 vincula
286 4266 322 4323 ad
343 4265 499 4338 Hispanias
522 4267 560 4321 sit
586 4265 733 4322 eundum:
758 4267 810 4320 aut
835 4261 964 4318 Helvidio
1019 4266 1111 4340 Moysi
1125 4271 1159 4321 ut
1173 4265 1306 4324 adultera
1320 4265 1533 4338 lapidaretura
1553 4267 1670 4340 popula.
1686 4265 1794 4334 Tertio,
1810 4271 1844 4323 ut

143 4356 314 4428 paenitentia
328 4355 441 4428 agenda
460 4358 526 4428 post
549 4359 693 4420 mortem,
720 4367 789 4407 curn
815 4350 966 4422 Scriptura
1019 4357 1056 4413 ed
1077 4357 1233 4430 AEgyptum
1257 4355 1372 4429 fugiens
1396 4354 1517 4413 haberet
1540 4355 1687 4426 solatium,
1712 4356 1844 4413 custodis

144 4444 239 4500 dicat:
279 4444 310 4498 tu
347 4445 456 4515 interno
491 4448 587 4498 autern
624 4443 685 4512 quis
712 4439 886 4510 confitebitur
912 4439 966 4495 titi
1020 4445 1231 4518 potiusquam
1257 4443 1365 4500 mariti.
1390 4445 1461 4509 Quis
1485 4445 1562 4501 enim
1586 4445 1617 4501 in
1640 4449 1771 4517 tempore
1792 4443 1844 4501 illo

144 4531 229 4603 (Viti
243 4547 282 4598 Vl,
307 4531 358 4602 ⁶l‘?
382 4538 424 4586 Ae
443 4546 501 4586 nun
526 4529 623 4602 potius
650 4529 689 4584 sit
712 4526 1002 4622 intelligendnmt,D
1019 4532 1193 4590 credidisset
1206 4531 1318 4608 Virgini
1341 4533 1376 4590 de
1400 4536 1501 4590 sancto
1526 4550 1589 4590 eam
1614 4533 1724 4607 Spiritu
1741 4549 1845 4590 conce-

143 4619 221 4692 qnod
240 4619 304 4674 onte
326 4619 504 4690 praepositio,
531 4617 598 4674 licet
621 4635 697 4691 sape
723 4617 963 4690 consequentiam
1019 4622 1116 4696 pisse,
1141 4619 1256 4678 venisse
1290 4620 1443 4696 sugerunt
1467 4621 1594 4691 Gabriel,
1629 4621 1679 4678 Dei
1701 4622 1847 4702 detulisse

143 4707 263 4776 indicet,
279 4711 376 4764 tamen
393 4707 470 4763 208
486 4722 695 4779 nonnunquam
711 4723 745 4763 ea
769 4711 884 4762 tantum
900 4722 963 4778 quas
1019 4711 1193 4766 mandatum
1208 4727 1214 4778 ;
1229 4727 1262 4766 ao
1278 4725 1339 4768 non
1354 4712 1450 4784 magis
1464 4711 1549 4784 quasi
1571 4709 1746 4778 adulteram,
1758 4711 1847 4782 juxta

143 4797 224 4870 prius
239 4795 453 4871 cogitabantur,
470 4794 613 4850 ostendat.
631 4793 778 4851 Undenec
794 4793 965 4852 accessesit
1019 4798 1185 4870 exemptum
1201 4799 1354 4868 Susanna,
1376 4800 1526 4856 sentenaiae
1551 4799 1683 4855 omnium
1705 4799 1846 4856 condem.

143 4891 176 4942 ut
202 4887 330 4962 cogitata
354 4885 436 4956 ssent,
451 4900 518 4940 cum
534 4884 612 4940 atiud
629 4884 693 4940 ideo
714 4884 912 4950 intervenerit,
929 4899 965 4940 na
1019 4891 1149 4959 nassent,
1165 4903 1233 4944 cnm
1251 4888 1345 4959 hodie,
1358 4891 1418 4944 toto
1430 4889 1494 4961 jam
1505 4888 1640 4945 credente
1655 4888 1776 4956 mundo,
1797 4904 1844 4944 ar·

178 5145 377 5203 ¹Veronensia
392 5147 509 5205 voculas
533 5165 605 5216 eom,
628 5151 656 5205 et
679 5151 770 5207 outem
794 5165 850 5206 non
865 5148 962 5206 habet.
1019 5148 1155 5220 Mntthui,
1172 5150 1224 5220 Qui
1237 5165 1305 5221 peno
1328 5147 1440 5204 licentia
1467 5149 1594 5207 morituti
1617 5147 1722 5224 sutura
1745 5148 1845 5205 acoris

178 5216 189 5252 ¹
204 5218 284 5273 idem
299 5235 316 5271 n
330 5218 444 5276 Domino
459 5236 511 5290 pro
533 5222 566 5275 at
581 5222 688 5290 capeto.
1018 5224 1111 5280 unuin
1126 5227 1246 5278 nouerat.
1264 5223 1405 5277 Marmara.

177 5289 268 5345 ⁸Drat
283 5291 369 5344 antea
394 5291 543 5361 noviquuit,
569 5297 598 5346 et
618 5293 675 5347 nisi
699 5294 729 5348 in
761 5307 791 5348 eo
815 5295 900 5374 portu
913 5307 964 5364 pro
1053 5295 1109 5350 tld
1126 5311 1159 5350 eo
1175 5294 1232 5348 tine
1247 5291 1409 5364 prestitum
1425 5295 1507 5349 notat
1527 5291 1684 5360 Victorius,
1707 5296 1740 5346 ut
1758 5291 1844 5364 ejus-

141 5361 198 5416 nisi
212 5361 238 5415 ei
253 5363 384 5431 inportu,
411 5362 488 5433 quod
511 5378 545 5416 ex
568 5361 743 5419 Veronensis
770 5381 825 5420 ms.
844 5365 962 5434 recipio.
1019 5365 1085 5422 dem
1106 5365 1202 5420 tribus
1223 5363 1314 5419 lirisse
1337 5363 1428 5419 Maria
1453 5369 1676 5434 monstraretur,
1702 5379 1738 5419 ue
1763 5363 1845 5447 quod
1952 5423 1954 5428 ,

178 5432 280 5487 ⁴idern
304 5431 479 5488 Veronensis
499 5447 531 5486 oc
553 5447 609 5486 non
629 5436 722 5504 potius
744 5436 785 5490 sic
808 5435 965 5505 inteitiqen-
1019 5436 1082 5509 lege
1098 5435 1361 5506 prohibitumerat,
1378 5435 1464 5490 Num.
1486 5452 1580 5500 xxxvi,
1604 5434 1723 5492 alterius
1746 5435 1845 5493 tribua

141 5503 257 5570 dumet
272 5517 339 5558 moa
351 5517 425 5573 saepe
439 5507 465 5558 et
478 5506 669 5573 consequentia
690 5504 814 5566 indicet:
830 5511 858 5562 et
879 5505 965 5579 paulo
1019 5508 1055 5563 ab
1069 5506 1121 5562 illa
1134 5505 1253 5576 iosephi
1271 5505 1383 5562 assumi
1398 5507 1429 5562 in
1446 5523 1567 5562 uxorem
1582 5507 1745 5563 videretur.

144 5573 295 5658 postunde
309 5573 483 5632 vocabulum
498 5572 671 5632 nonhabet.
1054 5579 1064 5614 ⁷
1088 5581 1179 5634 Vetus
1203 5577 1301 5634 editio.
1325 5579 1430 5635 oenisso
1456 5577 1490 5634 nd
1515 5594 1579 5635 curn
1608 5577 1744 5651 nemetum,
1768 5579 1843 5658 αἰαὶ

178 5647 317 5714 'durum
344 5649 491 5710 monum
523 5659 604 5728 pene,
633 5649 687 5706 eto.
717 5645 764 5705 Sic
793 5647 823 5710 in
851 5648 965 5726 capati
1018 5653 1083 5713 tun
1097 5647 1273 5714 Veronensis
1286 5647 1371 5726 liber,
1385 5649 1437 5710 Dei
1448 5651 1536 5733 {uisse
1549 5649 1721 5713 modorum.
