4056 6170
89 367 92 374 '
124 357 200 424 libb
557 357 808 429 'PRANSLATIO
831 362 966 430 uehit.
989 363 1147 432 ostoun.
1171 367 1211 432 IN
1233 371 1385 438 CAN‘l'lC.
1745 381 1823 450 lieo

117 497 272 566 contende,
289 499 321 553 ut
334 501 434 555 sancte
462 498 609 573 intelligas
637 499 850 572 universaquae
866 499 944 557 diota
958 504 982 569 Α
999 502 1049 574 qui
1066 503 1094 557 in
1110 503 1184 560 valle
1200 507 1491 576 eram,desccnditiu
1506 511 1653 586 vallem,ct
1668 517 1816 576 invallem

115 589 198 652 suut,
215 591 243 642 et
258 586 365 642 similis
393 588 509 660 spiritui
530 589 556 645 ei
571 588 622 660 qui
638 589 667 644 in
681 589 777 660 specie
793 587 943 644 descendit
997 591 1115 646 veniens
1132 593 1164 647 ut
1178 592 1290 650 lilium:
1321 613 1373 668 pro
1388 595 1468 670 ligno
1486 599 1549 655 vitae
1564 605 1641 674 quod
1658 605 1821 678 plantatum

113 672 269 746 columbe,
285 676 468 750 audiasquia
483 676 770 733 oculituicolumbee.
788 677 817 732 Si
833 677 940 732 intelli·
997 683 1041 734 est
1070 679 1098 734 in
1128 683 1263 752 paradiso
1294 685 1352 752 Dei,
1381 688 1471 742 totius
1492 691 1598 762 campi,
1619 693 1648 748 id
1668 699 1713 750 est
1731 698 1821 754 tatius

111 761 161 832 gis
171 761 265 835 legem
278 765 480 837 spiritualiter,
497 765 574 822 oculi
601 766 642 820 tui
659 765 800 820 columbae
818 771 896 821 eunt.
912 766 940 820 Si
998 768 1110 837 mundi,
1125 774 1154 824 et
1169 771 1310 827 universae
1322 778 1403 830 terrea
1416 776 1469 832 llos
1481 779 1574 834 fuctus
1587 784 1641 838 est.
1655 783 1727 848 Quid
1744 787 1820 842 enim

112 851 256 926 intelligis
266 853 452 927 Evangelium
463 859 534 910 utse
544 854 740 926 vultintolligi
754 853 941 928 Evangetium
997 857 1040 912 sio
1057 864 1231 930 potestesse
1247 861 1300 916 llos
1327 864 1440 929 mnndi,
1457 871 1489 920 ut
1504 869 1678 926 vocabulum
1694 872 1822 930 Christi?

111 946 144 996 et
159 941 318 1013 predicari,
333 943 415 1001 vides
428 945 530 1000 lesum
545 960 662 1000 omnem
675 942 844 1015 languorem
856 947 885 998 et
900 943 942 998 in·
996 944 1179 1017 Unguentum
1206 949 1331 1006 effusum
1363 969 1468 1010 namen
1498 957 1572 1027 ejus.
1587 957 1677 1014 Aliter
1691 959 1820 1034 idipsum

115 1025 286 1084 firmitatem
308 1046 366 1086 non
382 1029 479 1086 solum
504 1047 538 1086 eo
561 1035 693 1102 tempore
712 1046 770 1101 quo
785 1029 943 1086 carnaliter
996 1033 1121 1090 dicitur:
1148 1037 1207 1108 Epo
1229 1039 1279 1106 llos
1301 1043 1403 1112 rumpi,
1428 1051 1454 1098 et
1479 1043 1571 1100 titium
1596 1049 1777 1122 convallium,
1794 1057 1823 1108 ot

113 1117 287 1182 factasunt,
305 1118 395 1175 luisse
411 1119 599 1184 medicatum,
623 1119 673 1173 sed
689 1117 834 1190 hodieque
850 1119 941 1174 modi*
997 1121 1057 1177 haec
1072 1122 1191 1194 quidem
1207 1125 1242 1180 de
1257 1128 1536 1200 sannipsoueinoa
1548 1137 1822 1206 sponsumluudane

113 1208 274 1274 centem,et
289 1224 346 1264 non
362 1212 475 1264 tantum
493 1215 562 1266 tunc
576 1209 611 1264 ad
624 1209 758 1264 homines
772 1208 941 1264 descendis·
996 1211 1054 1264 eit:
1072 1213 1157 1282 (vers.
1174 1216 1200 1284 2)
1218 1216 1250 1270 tu
1265 1215 1357 1271 litium
1373 1219 1401 1272 in
1423 1221 1512 1275 inertie
1534 1225 1689 1296 spinarum,
1705 1228 1745 1282 sic
1756 1245 1820 1299 pre·

113 1310 157 1360 ss,
174 1294 225 1350 sed
249 1295 394 1368 hodieque
417 1297 603 1363 descendero,
630 1301 658 1352 et
671 1313 735 1352 esse
756 1301 939 1369 presentem.
994 1301 1145 1355 cinnameo
1160 1303 1293 1360 incudis
1308 1305 1441 1374 fitiorum.
1454 1309 1534 1364 Sicut
1546 1307 1638 1368 lilium
1652 1331 1709 1370 non
1727 1321 1821 1387 potest

112 1383 282 1450 Ecceenim,
311 1384 418 1456 inquit,
448 1387 587 1442 uobiscum
610 1403 672 1441 sum
696 1388 822 1442 omnibus
845 1385 940 1441 diebus
996 1389 1089 1460 spinis
1104 1394 1277 1463 comparari,
1294 1392 1457 1468 interquns
1487 1415 1603 1471 semper
1617 1403 1755 1466 exoritur,
1772 1422 1820 1462 co-

111 1473 246 1544 usquead
260 1475 520 1530 consummationem
535 1475 632 1533 anniti
641 1475 673 1529 ⁰⁸.
995 1477 1061 1531 dem
1078 1478 1164 1533 modo
1180 1481 1310 1552 proximu
1333 1500 1397 1540 mea
1413 1503 1502 1558 super
1516 1504 1619 1546 omnes
1632 1491 1708 1548 filias
1723 1493 1819 1551 lilium

151 1562 284 1617 ttcutitui
305 1562 439 1618 antomon
467 1565 541 1618 sunt.
570 1565 636 1620 Eece
662 1565 785 1635 specioso
814 1565 941 1634 prosimu
996 1570 1040 1620 est
1054 1565 1083 1620 in
1100 1567 1197 1623 medio
1210 1570 1372 1641 spinarum.
1394 1574 1451 1630 ista
1466 1577 1589 1634 audiens
1605 1596 1714 1652 sponsa
1728 1582 1819 1641 vicem

115 1665 187 1710 nuo,
211 1665 271 1706 acce
297 1653 427 1722 specioso,
448 1652 521 1706 ocuti
548 1653 590 1706 tui
617 1652 760 1708 columboe.
787 1651 844 1707 lias
860 1652 895 1707 de
910 1667 941 1708 se
995 1654 1091 1710 reddit
1106 1671 1223 1726 sponso,
1240 1663 1268 1713 ct
1283 1661 1411 1718 sentiens
1438 1662 1519 1720 illius
1542 1667 1629 1722 etiam
1645 1670 1819 1729 suavitatem

116 1754 224 1809 sponsa
238 1739 362 1794 audiens
390 1739 492 1796 laudes
517 1755 625 1812 sponso
648 1740 739 1796 vicem
756 1739 786 1794 in
801 1738 941 1796 laudibus
996 1741 1025 1796 in
1042 1759 1140 1799 vocem
1157 1743 1304 1802 laudantis
1320 1751 1456 1822 erumpit.
1474 1751 1694 1826 Unguentorum
1712 1760 1821 1833 quippe

113 1825 288 1896 tribuit,nou
303 1844 361 1900 quo
390 1827 415 1883 ei
445 1828 523 1900 quod
543 1844 600 1884 non
624 1827 712 1884 habet
726 1845 780 1884 suo
796 1828 940 1900 preconio
958 1881 979 1944 B
996 1831 1068 1885 odor
1082 1830 1150 1888 licet
1165 1825 1294 1892 suaviter
1307 1837 1408 1910 spiret,
1428 1845 1457 1895 ct
1472 1858 1591 1898 sensum
1605 1846 1691 1902 altore
1706 1848 1821 1904 damul-

110 1915 267 1988 largiatur,
283 1916 332 1971 sed
349 1914 515 1986 intelligens
539 1917 672 1972 decorem
689 1918 753 1988 ejus
769 1920 856 1988 atquc
871 1933 940 1972 coo·
996 1923 1130 1988 cent,non
1145 1922 1242 1976 tamen
1259 1923 1403 1993 ejusmodi
1417 1931 1471 1998 est,
1483 1931 1515 1983 ut
1528 1947 1616 1988 suave
1627 1932 1667 1990 sit
1682 1934 1717 1990 ad
1733 1937 1821 1992 eden-

109 2002 242 2075 gpjcieng
271 2005 311 2060 ait
338 2004 423 2076 (vers,
454 2006 522 2071 tiu:
555 2011 620 2062 Ecce
645 2023 764 2076 sponsus
794 2005 940 2062 Mil-2⁰
996 2005 1256 2064 dumblstautem
1288 2011 1366 2066 riliurl
1398 2017 1475 2086 quod
1492 2019 1594 2089 optimi
1612 2023 1725 2094 saporis
1741 2025 1822 2082 sitet

107 2093 258 2164 [vuiruetis
287 2110 364 2149 meu
396 2093 522 2165 equidem
556 2095 681 2166 prouder,
715 2095 799 2150 terius
848 2097 942 2149 nester
995 2093 1103 2160 odoris,
1119 2095 1147 2150 id
1165 2099 1219 2161 est,
1236 2103 1268 2152 ut
1284 2099 1381 2156 lauces
1405 2103 1521 2160 dulcore
1546 2107 1678 2179 delectet,
1692 2116 1720 2168 et
1735 2115 1821 2186 spiri·

106 2182 942 2256 umbrosus.t)urereloctuminquosponsusoumsponsa
995 2185 1058 2238 tum
1076 2183 1204 2240 mulceat
1227 2187 1369 2243 odoratu:
1399 2191 1457 2247 talo
1480 2198 1524 2249 est
1540 2195 1661 2268 malum,
1676 2204 1704 2256 et
1720 2201 1820 2259 istius·

107 2270 301 2343 requiescat,
331 2275 370 2338 et,
398 2257 427 2326 ni
457 2271 673 2344 latior,corpus
695 2271 938 2327 humanumest:
997 2271 1820 2356 modiestneturra‚ututraqucinsepossideat.tdcirco

105 2359 260 2431 siquidem
274 2358 324 2414 ille
350 2360 381 2416 in
397 2360 553 2432 Evangelio
584 2360 762 2434 paralyticus
788 2359 838 2432 qui
861 2361 941 2428 jncu-
995 2359 1095 2416 volene
1111 2378 1168 2416 aon
1186 2361 1281 2420 solum
1297 2365 1527 2427 benevolentiam
1555 2376 1709 2446 sermonis,
1727 2381 1821 2436 sedet

105 2449 163 2504 bat
177 2448 207 2504 in
219 2447 304 2516 lecto,
318 2452 348 2505 et
361 2449 441 2506 chire
456 2449 486 2505 in
503 2449 623 2506 domum
639 2466 723 2506 suam
740 2449 855 2505 sublato
869 2466 939 2522 gra·
996 2446 1144 2504 dulcorem
1160 2451 1224 2522 ejus
1257 2470 1365 2525 sponsa
1398 2456 1527 2528 laudere,
1561 2461 1620 2519 ait:
1643 2465 1728 2537 (vers.
1744 2469 1771 2540 3)
1790 2471 1822 2526 lit

106 2538 181 2593 huto
196 2553 264 2592 voce
274 2535 380 2608 jussus
406 2541 451 2593 est
473 2537 641 2605 salvatoris,
671 2540 828 2610 antequam
852 2554 940 2593 sana·
996 2538 1100 2592 mittum
1114 2540 1144 2593 in
1160 2540 1243 2611 liquis
1257 2543 1345 2610 silum,
1373 2547 1412 2601 ito
1437 2549 1581 2618 fratruelis
1596 2569 1672 2610 meurs
1687 2558 1716 2611 in
1732 2558 1821 2615 medio

107 2629 205 2695 retur,
229 2641 318 2698 super
343 2624 438 2682 debile
463 2627 662 2682 membrorum
688 2642 810 2682 suorum
834 2643 941 2699 corpus
995 2626 1128 2696 filiorum.
1147 2628 1252 2686 Omnia
1268 2630 1356 2704 ligna,
1373 2651 1476 2693 omncs
1491 2640 1610 2696 arbores
1625 2643 1728 2716 (20lsd
1745 2663 1821 2704 oom-

102 2715 320 2786 jaoehat‚qnod
338 2719 438 2786 postea
453 2715 502 2770 Dei
518 2715 625 2771 virtute
650 2714 808 2771 solidatum
823 2719 876 2771 est.
893 2709 953 2772 Sic'
996 2715 1175 2786 parationem
1187 2720 1331 2777 sermonis
1342 2721 1390 2778 Dei
1403 2723 1481 2780 silvas
1493 2725 1635 2786 intersoes
1650 2732 1820 2792 existiman-

108 2819 169 2876 ego
188 2802 344 2876 intelligo:
376 2803 446 2858 Tolle
475 2805 620 2875 probatum
649 2809 736 2875 tuum,
770 2812 796 2860 et
825 2805 892 2860 unm
911 2805 940 2860 in
996 2809 1053 2875 tur,
1070 2805 1104 2860 ad
1121 2805 1271 2863 Christum
1287 2809 1381 2866 saltus
1396 2819 1440 2868 cst
1464 2831 1550 2872 omne
1565 2821 1642 2889 quod
1658 2821 1776 2886 dixeris.
1793 2831 1822 2882 et

106 2893 227 2948 eternum
242 2893 361 2948 tuumlt.
388 2897 487 2964 Neque
510 2892 587 2947 enim
611 2892 646 2948 ad
664 2891 717 2949 hoc
733 2892 824 2949 Filius
842 2893 887 2948 ltei
905 2893 941 2949 da
996 2893 1179 2950 infructuosa
1194 2902 1264 2952 sunt
1277 2899 1385 2955 omnia.
1406 2902 1474 2966 Qua
1489 2905 1567 2960 enim
1579 2914 1703 2978 possunt
1715 2912 1771 2968 dici
1784 2915 1819 2970 ad

109 2979 286 3038 caelestibus
301 2980 335 3036 od
351 2983 467 3036 terrena
490 2980 689 3048 descenderat,
717 2987 748 3036 ut
778 2983 813 3038 de
827 2981 942 3038 lectulis
996 2997 1063 3038 eum
1079 2991 1247 3057 comparato
1263 2987 1437 3046 fructifera?
1453 2992 1547 3050 Etiam
1568 2993 1648 3069 ligna
1662 3015 1725 3071 que
1740 3002 1819 3058 vide-

109 3069 286 3141 impcraret,
318 3073 347 3123 et
372 3073 596 3140 consurgentem
620 3071 657 3125 ab
686 3070 942 3142 egrotationceua
996 3069 1465 3145 hanturlructihusincurvari,ad
1479 3079 1663 3142 collationem
1677 3089 1819 3148 adventus

108 3158 181 3215 sine
214 3156 319 3213 lectula
344 3173 402 3213 non
438 3161 586 3230 pateretur
607 3159 939 3230 ascendere:Totte,in-
995 3159 1060 3229 ojus
1089 3161 1270 3220 infructuosa
1298 3171 1459 3224 monstrata
1487 3177 1566 3226 sunt.
1591 3173 1820 3236 Ideoutmutum

109 3245 233 3321 quiens,
248 3246 392 3318 probatum
406 3256 494 3314 tuum,
517 3250 542 3304 et
553 3247 620 3304 unde
634 3249 664 3302 in
679 3247 789 3304 dunum
803 3255 888 3305 tuum.
905 3243 977 3310 otc
996 3249 1026 3302 in
1059 3247 1142 3319 liquis
1171 3251 1259 3320 silon,
1293 3254 1333 3309 itu
1371 3257 1515 3318 fratruelis
1551 3277 1627 3317 meus
1665 3266 1695 3320 in
1732 3267 1819 3325 medio

107 3341 147 3392 tu
163 3334 445 3407 igituraSnlvatore
461 3341 582 3392 sanatus
593 3335 662 3392 telle
676 3336 939 3410 grabatumtuam,
995 3335 1127 3405 fitiorum.
1175 3340 1205 3394 ln
1251 3343 1348 3398 umbro
1391 3346 1451 3413 eius
1493 3351 1646 3424 concupiui,
1689 3363 1715 3411 ct
1750 3358 1817 3414 serti.

107 3431 143 3482 et
166 3424 240 3480 vade
254 3422 284 3479 in
299 3424 420 3480 domum
436 3429 529 3492 tuam,
543 3429 574 3479 ut
590 3441 656 3480 cum
672 3425 707 3480 ad
720 3429 748 3480 te
763 3424 842 3480 velut
856 3441 941 3496 spon·
995 3425 1086 3488 Quum
1103 3424 1224 3497 pulchre
1241 3445 1297 3484 non
1313 3430 1354 3485 ait
1369 3431 1399 3487 in
1417 3434 1522 3490 umbra
1535 3437 1617 3495 illius
1632 3445 1819 3517 concupisco,

108 3529 178 3570 sam
195 3513 306 3569 venerit
324 3518 502 3585 sponsus,ct
517 3513 545 3568 in
562 3529 595 3569 co
612 3517 706 3569 tecum
719 3513 806 3569 tuerit
820 3514 939 3571 reclina·
994 3513 1288 3588 fled‚²'⁷²¹tml'tttssl'¹t⁸
1320 3524 1480 3592 cmptvli
1516 3531 1544 3582 el
1577 3544 1634 3585 ¹¹⁰11
1655 3531 1819 3596 sedeused

108 3607 173 3668 tus,
194 3601 274 3657 dicas
291 3619 298 3659 :
317 3602 515 3673 decerpamus
546 3602 690 3674 fratruelis
708 3617 793 3672 meus,
813 3603 938 3674 equidem
995 3600 1062 3655 serti.
1079 3601 1227 3672 Siquidem
1243 3605 1272 3660 in
1289 3607 1432 3678 principio
1446 3628 1502 3666 non
1527 3630 1686 3684 possumus
1701 3636 1768 3676 eum
1785 3639 1818 3678 eo

110 3690 235 3763 pulcher,
250 3692 399 3746 acclinatio
424 3700 516 3747 nostru
535 3691 671 3746 tambram.
689 3695 758 3746 Ecce
786 3693 938 3764 speciosus
996 3690 1146 3762 proprium
1163 3693 1293 3749 conserte
1307 3713 1482 3766 Berfflffllemv
1498 3717 1597 3758 vetum
1613 3705 1641 3758 in
1663 3708 1816 3782 ptisscspio,

112 3778 260 3836 fratruelis
276 3780 436 3852 meus,ipse
451 3786 480 3836 et
494 3780 642 3851 speciosus
655 3785 708 3848 cst,
725 3785 752 3836 et
768 3780 936 3840 umbrosus.
995 3782 1028 3833 ut
1042 3777 1082 3833 itu
1097 3779 1203 3848 dicum,
1219 3783 1345 3853 quadum
1360 3787 1524 3856 majestatis
1539 3790 1618 3848 illius
1633 3796 1738 3852 umbra
1754 3815 1818 3870 per-

110 3868 255 3926 perdiom
279 3868 389 3942 quippe
410 3869 450 3925 sot
472 3884 525 3924 non
550 3876 610 3925 uret
635 3873 670 3940 te,
695 3885 781 3942 neque
799 3872 866 3926 tuno
890 3888 939 3943 per
995 3866 1129 3936 lruimur,
1146 3869 1266 3926 undeet
1281 3872 1309 3926 in
1326 3873 1476 3946 prophetis
1500 3878 1624 3952 tegitur:
1639 3883 1760 3956 Spiritus
1774 3890 1790 3959 f
1806 3919 1817 3928 ·

107 3961 221 4014 nomm
232 3958 264 4012 u·
993 3957 1046 4011 cici
1061 3960 1159 4012 nostre
1174 3958 1297 4015 Christus
1321 3963 1460 4030 Dominus,
1484 3971 1531 4022 eui
1553 3969 1817 4033 diximus:1num·

147 4045 275 4102 5·pm‚
292 4045 335 4102 46,
360 4046 455 4103 puppe,
488 4047 630 4120 pompam
668 4055 824 4104 nostrarum
853 4049 938 4116 cedri,
993 4045 1042 4100 bro
1056 4047 1114 4117 ejus
1130 4047 1249 4104 uiuemus
1262 4050 1293 4104 in
1303 4053 1529 4124 penitissuma,
1542 4059 1815 4122 abumbraudum-

107 4135 315 4192 multitudinis
331 4136 417 4191 verba
433 4140 511 4192 sunt.
524 4137 668 4192 Videntur
682 4141 779 4192 autem
795 4137 868 4193 mihi
884 4138 938 4194 viri
993 4134 1189 4191 brumalium
1225 4140 1483 4214 transmigramus·
1508 4147 1670 4206 sidentibus
1693 4152 1818 4210 enimin

107 4227 174 4282 haec
188 4225 286 4282 dicere
305 4223 356 4296 qui
372 4241 440 4280 oum
457 4241 564 4297 sponso
579 4229 659 4290 sunt,
675 4226 710 4282 de
725 4226 833 4298 quihus
848 4243 938 4301 supe·
992 4225 1103 4296 reqiorrc
1117 4228 1144 4281 et
1157 4227 1255 4283 umbro
1269 4231 1428 4292 martinius
1442 4237 1503 4290 ortu
1517 4245 1558 4291 est
1572 4237 1610 4293 eis
1621 4239 1653 4294 ⁰⁷.
1669 4239 1704 4296 lit
1718 4245 1816 4298 trans-

104 4315 174 4371 rius
190 4329 287 4370 sermo
302 4314 439 4386 prefatus
464 4319 517 4369 est.
536 4316 644 4370 Domus
663 4315 790 4370 cedrinis
804 4316 938 4374 trabibus
992 4329 1095 4370 eamus
1110 4315 1145 4370 ab
1162 4317 1266 4373 umbra
1282 4319 1385 4375 mortis
1400 4322 1434 4376 td
1451 4325 1588 4381 umbram
1604 4327 1679 4384 vitu·
1696 4329 1818 4402 Semper

104 4405 228 4460 intextis
244 4401 508 4474 eunt,eteypressis
519 4401 773 4475 contigerimus).
786 4403 938 4476 Siquidem
993 4401 1158 4460 istiusmodi
1175 4411 1245 4461 sunt
1259 4409 1415 4478 proiectus,
1443 4417 1475 4467 ut
1495 4413 1524 4468 in
1540 4416 1657 4472 exordio
1673 4417 1819 4477 desideret

104 4509 164 4565 pro
179 4491 256 4548 stibe
271 4490 403 4547 ascendit
417 4495 614 4564 cypressus,et
629 4507 680 4562 pro
691 4492 791 4548 coniza
806 4494 939 4550 ascendit
993 4491 1138 4565 quispiam
1155 4491 1258 4550 saltem
1270 4495 1298 4551 in
1315 4495 1453 4554 virtutum
1467 4502 1572 4558 umbra
1584 4505 1744 4564 consistere
1757 4508 1817 4582 Ego

106 4584 238 4652 myrtus.
264 4579 426 4652 Requireue
449 4579 540 4654 igitur
561 4580 646 4650 eujus
671 4585 781 4636 naturae
797 4581 938 4641 istasunt
953 4607 975 4671 p
993 4586 1062 4652 puto
1075 4580 1139 4637 ideo
1154 4585 1183 4638 et
1197 4583 1376 4642 nativitatem
1392 4587 1460 4645 Jesu
1472 4591 1508 4646 ab
1525 4592 1631 4650 umbra
1644 4595 1777 4668 coepisse,
1789 4602 1818 4654 et

103 4667 937 4742 ligua,etcedrumimputribilem‚etcypressumodoris
993 4668 1225 4740 noninumbra,
1246 4673 1296 4728 sed
1330 4677 1359 4730 in
1390 4675 1511 4733 veritate
1531 4679 1664 4739 finitam:
1686 4685 1815 4758 Spiritus,

103 4756 215 4832 optimi
231 4757 464 4830 deprehendens,
480 4755 580 4813 labora
609 4761 637 4813 et
660 4761 689 4812 tu
711 4758 751 4814 ita
767 4759 937 4832 contignare
992 4757 1097 4829 inquil,
1131 4763 1242 4814 tanetus
1261 4764 1349 4817 veniel
1386 4765 1415 4820 t'n
1449 4773 1482 4837 tt,
1514 4772 1541 4823 et
1569 4771 1654 4826 virtus
1677 4773 1818 4830 Allistt'mt

85 4846 613 4918 ‚domumtuam,utdetsquoque
638 4846 937 4918 poesitdioi:Trubes
990 4846 1166 4903 obumbrabit
1201 4849 1253 4904 tibi
1288 4851 1319 4904 ⁰⁸.
1354 4852 1495 4910 Nativitas
1529 4855 1635 4914 Christi
1655 4859 1691 4916 ab
1711 4861 1816 4918 umbra

103 4937 242 4994 domuum
256 4941 414 4992 nostrorum
434 4933 518 5006 cedri,
547 4939 573 4992 et
595 4937 813 5005 continuationes
835 4941 937 4995 nostru
991 4935 1118 5006 sumpsit
1133 4937 1303 4995 exordium:
1320 4956 1378 4996 non
1401 4941 1496 4998 solum
1513 4949 1610 5002 autem
1627 4947 1656 5003 in
1673 4949 1764 5006 Maria
1778 4952 1815 5008 ab

103 5029 243 5098 ,ypram-⁶
993 5024 1097 5079 umbra
1111 5026 1176 5095 ejus
1192 5027 1330 5082 nativitas
1354 5031 1450 5102 coepit,
1467 5033 1517 5087 scd
1533 5039 1562 5088 et
1578 5033 1607 5090 iu
1623 5037 1691 5092 tesi
1707 5038 1815 5112 dignus

143 5115 172 5170 e,
189 5117 259 5170 post
274 5112 334 5170 haee
349 5129 478 5184 sponsus
502 5112 634 5185 loquitur
650 5116 727 5185 (cap.
745 5131 775 5182 ιι,
792 5129 866 5170 vers.
888 5117 910 5186 Ι)
927 5136 935 5172 ι
992 5113 1081 5170 lucris
1097 5115 1228 5170 nascitur
1241 5133 1337 5172 sermo
1360 5118 1417 5173 Dei.
1437 5121 1489 5175 Fac
1506 5121 1595 5192 igitur
1609 5129 1642 5180 ut
1655 5126 1752 5197 possis
1767 5143 1814 5183 cu·

103 5204 342 5276 quflmcompi,
372 5210 397 5258 et
425 5203 518 5257 titium
550 5202 727 5258 convallium.
749 5207 870 5276 Propter
889 5221 935 5261 me
991 5219 1058 5276 pere
1084 5205 1189 5260 unibus
1217 5205 1292 5276 ejus,
1323 5211 1352 5260 et
1380 5224 1446 5263 cam
1476 5210 1581 5267 umbra
1602 5212 1692 5270 tueris
1708 5215 1815 5288 dignus

144 5352 455 5421 nuntiumque.
487 5351 627 5410 l‘ldutth
647 5370 685 5423 rx,
700 5355 728 5409 o.
766 5355 996 5414 ⁰⁸Psal.oxxti.
1037 5357 1180 5414 ll'l'brcn.
1207 5373 1244 5423 iv,
1268 5359 1312 5411 20.
1352 5357 1449 5416 ⁰⁷lea.
1470 5365 1556 5427 rx,2.
1595 5365 1616 5399 ⁹⁸
1637 5362 1705 5422 Luc.
1726 5384 1745 5438 1,
1767 5370 1803 5428 35

145 5549 200 5621 (te)
215 5551 296 5616 tiss,
320 5549 414 5606 denus
437 5549 556 5605 ceitrinis
580 5549 705 5606 trabibus
720 5553 830 5608 intente
858 5558 932 5624 surtt,
1025 5553 1080 5627 (20)
1097 5553 1178 5608 hihb.
1209 5553 1302 5636 editt„
1336 5570 1428 5612 omnes
1459 5557 1536 5616 sitve
1568 5560 1690 5633 arborea,
1711 5564 1810 5622 sedin

105 5626 137 5678 et
149 5623 280 5692 muressis
293 5623 464 5694 conticente.
481 5619 581 5691 uuirt,
597 5619 691 5679 denos
702 5623 827 5684 muium
841 5625 933 5686 trabi·
988 5640 1060 5684 roes.
1078 5624 1215 5684 omnihus
1231 5625 1376 5684 omittitur
1389 5627 1475 5688 sitve.

105 5693 160 5753 bus
174 5693 294 5754 innuas
307 5703 333 5752 et
348 5695 480 5768 cupreus
494 5693 677 5764 continuatos.
