4066 6162
140 253 209 350 Μ
565 251 724 329 denual
745 257 933 330 coenanti
954 259 1163 333 diatonon.
1178 289 1219 312 ·-·
1232 257 1464 330 abdontem.
1796 251 1860 346 Μ

147 394 251 467 mavit,
268 397 304 454 ιιι
317 391 356 456 ab
370 381 421 456 iilo
437 398 475 458 de
488 397 622 459 Ecclesia
637 397 846 458 communione
861 396 1091 474 tueritejeotus:
1108 397 1225 468 tamemi
1249 415 1317 456 oum
1343 403 1406 458 tota
1436 397 1701 478 hierosolymitana
1728 397 1859 474 decimis,

146 485 337 545 nominentur
351 488 586 547 communicarit.

181 575 209 632 2.
224 576 339 634 Tantos
352 577 520 634 animorum
532 582 633 635 motus
655 577 815 636 Archelaus
844 595 943 636 comes
969 594 1154 652 compescere
1184 577 1285 636 statim
1311 576 1395 636 initio
1416 579 1540 651 studuit,
1556 581 1746 657 condictoque
1774 583 1857 658 pacit

144 665 284 723 ineunda
298 663 373 732 loco,
385 665 648 738 quoniamviolata
662 667 730 724 tidei
742 668 871 741 suspicio
887 668 1049 726 discordias
1062 667 1233 742 peperi-sset,
1249 683 1265 724 e
1280 667 1465 741 singulorum
1480 669 1548 726 fidei
1556 671 1733 744 professione
1748 672 1857 732 inirent

147 754 346 812 concordiam.
363 753 494 812 loannes
508 771 586 824 vero,
602 755 692 812 semel
708 759 795 830 atque
810 757 916 813 iterum
938 756 1072 816 invitanti
1087 757 1122 814 ad
1142 755 1352 830 paciscendum
1368 758 1523 828 Archelao,
1538 759 1625 817 modo
1640 777 1740 831 uuam,
1769 764 1856 822 modu

150 842 255 914 aliam,
267 841 428 900 levissimas
441 845 640 902 excusationes
655 846 849 918 pretendens,
867 846 988 904 minime
1003 847 1111 921 paruit.
1128 847 1182 903 Sed
1198 845 1235 902 ad·
1247 845 1444 919 Theophilum
1459 847 1857 925 Alexandrinummtparest

153 931 278 997 endere,
292 929 407 988 litteras
426 933 517 1001 dedit,
543 933 573 988 in
599 933 707 1007 quibus
735 933 819 990 illum
840 935 876 990 de
905 935 1116 1009 ingravescenti
1144 934 1290 992 discordia
1314 936 1468 994 certiorem
1511 938 1588 1005 iecit,
1608 939 1682 998 torte
1709 940 1797 998 etlam
1823 943 1857 998 nt

151 1019 415 1078 sdversaricssuus
429 1020 665 1094 reprehenderet,
681 1022 855 1095 deprecatus
870 1028 924 1080 est.
941 1022 1120 1096 Theophilus
1136 1023 1242 1080 blande
1267 1039 1319 1096 pro
1347 1040 1381 1080 eo
1406 1042 1440 1082 ac
1463 1025 1565 1084 debuit
1586 1029 1622 1086 nd
1647 1029 1857 1104 llieronymnm

148 1107 281 1180 scripsit,
298 1107 394 1180 deque
409 1108 456 1164 his
471 1110 602 1182 quesabs
615 1109 727 1166 ioanue
741 1115 902 1183 acceperat,
918 1112 1151 1180 commonefecit,
1168 1116 1198 1168 et
1211 1113 1246 1169 ud
1271 1129 1375 1186 paoem
1400 1114 1543 1171 invitavit.
1567 1117 1610 1173 dd
1640 1133 1727 1190 quem
1756 1122 1858 1176 noster

142 1195 305 1270 epistolam
320 1198 373 1252 132
386 1197 417 1252 in
433 1202 535 1254 nostra
549 1198 738 1256 recensionue
751 1199 895 1268 rescribit,
912 1201 941 1256 iu
957 1217 1015 1274 qua
1030 1217 1129 1274 pacem
1141 1201 1218 1258 ultro
1234 1217 1265 1258 se
1278 1218 1405 1274 quarere
1419 1204 1580 1276 protessus,
1597 1207 1710 1278 objecta
1723 1206 1857 1282 singilla-

143 1287 201 1344 tim
215 1284 314 1354 diluit,
332 1302 495 1358 causasque
509 1289 730 1346 contentionum
746 1288 896 1346 etviolate
913 1290 980 1346 lidei
994 1289 1134 1363 legeritiu
1150 1291 1304 1348 loannem.
1323 1292 1403 1366 Tum,
1415 1291 1560 1350 laboranti
1584 1293 1679 1368 magis
1703 1311 1737 1352 ao
1760 1295 1856 1371 magis

146 1374 278 1432 Emissis
300 1389 472 1431 succurrere
494 1374 593 1432 voleus
622 1375 813 1450 Theophilus,
844 1377 989 1434 Isidorum
1018 1379 1233 1452 presbyterum,
1263 1380 1380 1452 pietatis
1404 1381 1589 1456 aliarumque
1606 1383 1749 1442 virtutum
1776 1385 1856 1443 tama

145 1463 351 1532 notissimum,
367 1463 419 1519 sed
435 1478 523 1536 quem
539 1463 713 1538 Origeniaua
728 1465 808 1522 lobes
824 1467 1014 1540 corripuerat,
1024 1467 1155 1542 legatum
1172 1468 1264 1524 mittit
1278 1468 1508 1544 Hierosolymam
1524 1487 1591 1529 cnm
1605 1470 1724 1542 litteris,
1747 1473 1857 1548 quibus

144 1569 326 1626 componere
337 1551 516 1609 dissidentes
531 1553 645 1610 animos
659 1555 767 1610 studet.
783 1558 893 1611 Verum
909 1555 1006 1614 malus
1020 1557 1076 1613 iste
1090 1557 1186 1632 pascis
1200 1562 1351 1630 sequester
1375 1576 1442 1616 com
1467 1560 1584 1618 advenit
1612 1560 1855 1636 hierosolymam,

143 1641 327 1716 legationem
343 1640 629 1711 suamrenuutiavit,
645 1642 932 1700 commissastamen
955 1644 1068 1702 litteras
1097 1646 1218 1702 reddere
1244 1646 1416 1722 Hieronymo
1446 1649 1551 1719 uoluit,
1576 1650 1623 1707 oui
1652 1652 1805 1724 querenti,
1823 1653 1858 1710 Si

139 1731 300 1803 ιῳαιιιισε,
317 1728 400 1785 redde
426 1729 572 1799 denotionis
599 1730 745 1802 epistotam
760 1731 786 1785 si
811 1731 938 1802 epistolas
966 1748 1022 1790 non
1046 1733 1140 1801 babes,
1170 1735 1301 1806 quomodo
1330 1737 1449 1808 tepotom
1479 1746 1504 1796 te
1528 1739 1675 1812 probatis?
1702 1741 1855 1814 respondit

138 1819 251 1876 babere
266 1833 301 1875 se
315 1817 436 1890 quidem
453 1817 576 1888 litteras,
593 1818 645 1876 sed
667 1822 802 1892 rogatum
816 1823 956 1876 adoaune
971 1835 1006 1876 ne
1019 1821 1169 1878 redderet:
1185 1822 1366 1895 proindeque
1381 1823 1487 1881 maluit
1500 1843 1531 1884 re
1554 1827 1663 1884 intecta
1693 1825 1853 1900 discedere,

140 1925 233 1982 qnam
250 1905 360 1964 lavaris
376 1907 405 1963 in
420 1907 613 1981 Origenianas
628 1913 726 1981 partes
739 1907 840 1966 tollere
856 1907 1067 1982 suspicionem.
1081 1912 1190 1967 Auctor
1204 1913 1304 1970 tumen
1332 1911 1389 1969 tuit
1412 1913 1529 1986 loanni,
1559 1919 1592 1972 ut
1619 1915 1804 1991 apologiam·
1817 1915 1854 1974 nd

138 1995 339 2071 Theophilum
355 2013 409 2069 pro
424 2013 479 2054 sua
493 2013 585 2054 causa
598 1997 748 2066 scriberet,
759 1997 796 2054 ad
824 2014 948 2070 eamque
986 1998 1172 2057 scribendam
1202 2016 1322 2073 operam
1349 2017 1435 2059 soum
1457 2004 1663 2077 commodarit,
1690 2009 1722 2062 ot
1759 2003 1857 2078 inquit

145 2087 490 2153 hemmerannum
516 2087 634 2142 dunler
661 2089 687 2143 et
715 2087 825 2160 bajolus
853 2087 1024 2144 litterarum.
1056 2089 1157 2162 ltaque
1183 2089 1313 2147 loannes
1339 2089 1494 2163 Epiphanii
1521 2092 1650 2166 epistole
1678 2077 1854 2168 respondere

146 2174 335 2248 dedignatus,
347 2172 522 2248 apologiam
538 2172 619 2230 illam
635 2190 855 2247 quaquaversus
885 2173 976 2244 misit,
991 2175 1041 2233 sed
1059 2176 1247 2250 potissimum
1263 2177 1293 2234 in
1305 2176 1502 2250 Occidentem,
1530 2183 1563 2236 ut
1590 2180 1620 2237 in
1650 2181 1696 2239 sui
1724 2182 1851 2256 gratiam

142 2261 274 2320 maxime
289 2261 490 2320 Romanorum
506 2263 689 2319 secerdotum
706 2279 791 2320 aures
806 2270 1032 2338 praeoccuparet,
1049 2266 1158 2322 Revera
1172 2266 1380 2324 Pammachius
1391 2266 1552 2326 multorum
1567 2269 1684 2328 animos
1698 2270 1730 2328 in
1741 2271 1856 2346 diverat

138 2352 303 2410 distractus
317 2350 410 2408 iuhse
437 2349 541 2407 scribit
554 2351 590 2408 ad
601 2350 822 2424 llieronymum,
838 2352 904 2410 aliis
916 2352 1076 2425 Salaminii,
1093 2355 1159 2412 otiis
1178 2353 1434 2429 hierosolymitani
1450 2357 1579 2432 episcopi
1608 2375 1728 2418 oausam
1749 2360 1850 2426 ‹letera-¹

123 2441 304 2498 dentibus:
320 2438 430 2512 quibus
456 2438 518 2512 ipse
533 2439 685 2507 excitatus,
698 2440 728 2496 S.
743 2441 895 2500 Ductorem
920 2447 1012 2517 rogat,
1032 2445 1065 2500 ut
1093 2443 1164 2517 quid
1207 2443 1248 2500 rei
1272 2444 1320 2514 sit,
1351 2449 1487 2518 exponat.
1511 2446 1577 2504 Jsrn
1604 2462 1671 2504 vero
1700 2446 1755 2504 hoo
1780 2447 1854 2514 libro

136 2529 342 2604 Hieronymus
358 2527 402 2586 illi
416 2544 527 2586 murem
541 2528 627 2603 gerit,
644 2530 840 2602 ostenditque,
856 2531 928 2588 adeo
943 2549 1002 2589 nou
1018 2531 1181 2589 Pauliniani
1193 2532 1302 2600 iratrie,
1328 2532 1540 2594 ordinationem
1556 2551 1677 2594 cuumm
1692 2535 1857 2596 essedissi·

136 2619 189 2688 dii,
204 2619 261 2678 sed
276 2617 457 2690 origenismi
472 2634 585 2675 errores
599 2618 705 2676 loanni
720 2619 859 2690 objectos,
877 2624 910 2676 ut
924 2625 1119 2694 preterquam
1134 2622 1214 2695 quod
1228 2622 1260 2677 iu
1276 2620 1562 2696 Eleutheropolitanu
1578 2622 1734 2694 territorio,
1750 2623 1855 2683 nou'iu

133 2708 258 2768 rEliensi
287 2706 445 2764 ordinatus
473 2711 518 2764 est
532 2706 735 2778 Pauliniauus,
751 2707 839 2766 etiam
856 2715 923 2767 aute
938 2711 1003 2782 ejus
1018 2710 1280 2778 consecrationem,
1292 2711 1356 2784 jam
1370 2710 1504 2786 Origenis
1517 2713 1765 2772 conculcandam
1777 2711 1854 2782 inter

134 2803 225 2872 utque
241 2795 545 2871 Epiphaniumluerit
557 2793 609 2852 illa
623 2796 782 2854 altercatio.
794 2797 1012 2872 origenismum
1027 2815 1095 2858 vero
1110 2801 1146 2857 ad
1162 2803 1227 2858 octo
1243 2804 1358 2857 revocat
1372 2800 1478 2874 capita,
1494 2817 1510 2858 o
1525 2801 1634 2874 quibus
1669 2802 1851 2862 tristantem

132 2885 284 2962 Apologia
300 2883 354 2940 illa
378 2884 578 2942 sua-loannes
593 2885 771 2958 purgaverit,
801 2889 894 2946 1⁰uee
920 2887 1028 2946 Filium
1053 2889 1152 2946 videre
1188 2903 1275 2962 posse
1304 2887 1431 2958 Patrem,
1459 2904 1512 2948 neu
1539 2887 1693 2964 Spiritum,
1722 2879 1850 2962 Tiliumss

131 2977 161 3034 ιι
175 2976 301 3034 animas
315 2976 437 3046 propter
452 2979 569 3046 peccata
583 2991 599 3031 e
614 2973 685 3032 coelo
708 2975 842 3050 delapsas
858 2977 887 3032 in
902 2993 1010 3051 corpus
1037 2995 1103 3036 esse
1124 2977 1213 3036 veluti
1228 2977 1258 3032 in
1273 2993 1419 3035 carcerem
1434 2978 1580 3051 conjectas
1594 2996 1602 3049 ;
1617 2979 1647 3035 3ο
1662 2976 1805 3050 loturum,
1819 2983 1852 3040 ot

133 3064 273 3124 diabolus
284 3062 486 3135 resipiscatet
494 3068 794 3132 convertatur,etcum
807 3067 916 3124 sanctis
926 3071 1028 3142 regnet
1039 3086 1046 3136 ;
1058 3068 1241 3124 trecanum
1257 3069 1285 3124 et
1295 3068 1383 3125 livam
1395 3071 1554 3141 antequam
1563 3072 1718 3142 peccarent
1728 3065 1849 3152 corpore,

133 3151 362 3226 quemeumque
376 3167 499 3224 corpora
513 3151 620 3210 tunicis
635 3153 765 3226 pelliceis
776 3159 844 3227 post
858 3160 1010 3228 peccatum
1026 3155 1209 3226 indicantum
1224 3156 1255 3212 5ο
1268 3171 1387 3214 carnem
1401 3173 1589 3230 nequaquam
1600 3149 1779 3216 suscitatum
1797 3155 1848 3240 iri,

134 3259 252 3316 nosque
265 3247 341 3298 sexo
354 3240 383 3296 in
401 3241 612 3298 resurrectione
626 3243 770 3300 cariturus
787 3261 794 3313 ;
809 3245 838 3299 6⁶
862 3242 1033 3317 paradisum
1061 3249 1229 3302 terrestrem
1259 3243 1413 3319 allegorica
1435 3244 1660 3320 intelligendum
1673 3264 1681 3316 ;
1694 3248 1724 3302 7·
1753 3263 1850 3322 aquus

138 3349 205 3404 que
220 3345 314 3402 super
327 3327 417 3386 coelos
432 3328 463 3383 iu
477 3329 626 3402 Scriptura
638 3331 787 3397 dicuntur,
802 3347 867 3388 esso
881 3332 1011 3406 angelos,
1028 3347 1092 3406 que
1107 3333 1208 3392 subter
1229 3334 1317 3392 colos
1345 3337 1426 3404 sunt,
1452 3333 1601 3405 demones
1617 3354 1624 3406 ;
1639 3335 1670 3394 3ο
1695 3333 1850 3396 homiuem

138 3421 363 3494 perpeceatum
382 3416 435 3474 Dei
450 3417 611 3492 imaginem
626 3419 772 3477 amisisse.
788 3420 847 3477 llos
876 3420 975 3495 itaquo
1002 3437 1116 3480 errores
1144 3422 1251 3482 iterum
1279 3423 1386 3480 loanni
1414 3422 1525 3496 obiicit,
1556 3425 1679 3499 ejusque
1702 3424 1852 3502 Apologia¹

142 3505 284 3579 strcpbas
297 3505 434 3581 emgitat,
450 3507 547 3580 ipsum
563 3508 700 3565 contiuuo
714 3506 867 3586 alloquens
881 3509 1180 3585 hierosolymitanum
1192 3512 1376 3585 episcopum.
1438 3536 1448 3558 ·

183 3595 213 3650 a.
227 3597 303 3650 sunt
315 3611 407 3666 porro,
424 3595 534 3668 quibus
549 3595 624 3654 liber
638 3597 692 3654 iste
706 3597 744 3654 ah
758 3602 876 3656 auctore
890 3615 948 3655 non
973 3597 1075 3656 finitus
1098 3599 1241 3668 videatur,
1270 3599 1348 3672 quod
1372 3616 1407 3658 eu
1429 3600 1540 3658 tactum
1562 3601 1599 3658 de
1622 3617 1713 3664 canas
1736 3605 1851 3675 putant,

148 3683 230 3758 quod
241 3699 276 3740 eo
289 3681 351 3756 ipso
365 3688 495 3758 tempore
509 3701 568 3757 quo
582 3685 777 3753 scribebatur,
791 3686 946 3760 Theophili
956 3686 1053 3745 studio
1067 3703 1124 3760 pax
1138 3687 1212 3745 inita
1234 3689 1354 3745 tandem
1380 3688 1428 3745 sit.
1445 3693 1554 3746 Verum
1578 3705 1673 3763 noque
1702 3689 1853 3765 improba·

141 3771 206 3830 bile
220 3771 261 3828 sit
275 3772 399 3846 opinari,
412 3777 580 3847 temporum
595 3775 705 3848 iuJ'urie
718 3780 896 3848 postremam
913 3778 977 3848 ejus
993 3783 1118 3849 partem,
1148 3792 1272 3850 eamque
1300 3775 1489 3850 perexiguam
1514 3775 1668 3834 excidisse.
1694 3775 1732 3835 Ut
1759 3781 1793 3836 ut
1821 3795 1854 3841 sc

138 3877 189 3919 res
202 3860 323 3930 habeat,
338 3867 415 3920 certe
430 3861 569 3920 Rufinum
585 3863 673 3922 latuit
687 3863 787 3922 isthoc
803 3865 994 3933 elucubratio,
1006 3865 1035 3920 in
1051 3881 1139 3938 quam
1155 3863 1282 3922 maxime
1296 3864 1409 3922 velitari
1423 3881 1483 3922 nou
1493 3861 1657 3924 destitisset
1679 3865 1709 3923 in
1735 3865 1852 3938 innxiis

138 3967 240 4008 curun
252 3949 352 4006 lihris.
367 3951 408 4006 Er
423 3949 470 4006 his
485 3950 593 4008 mirum
609 3956 754 4024 quantum
769 3954 876 4010 eruditi
894 3953 946 4009 viri
962 3953 1141 4010 dissentiunt
1156 3953 1185 4009 in
1202 3951 1380 4026 assignanda
1403 3953 1446 4010 illi
1472 3954 1613 4027 temporis
1641 3954 1771 4029 epocha:
1801 3956 1853 4032 qui

139 4039 230 4098 citius
243 4056 325 4097 auno
340 4039 403 4108 393,
420 4041 470 4111 qui
487 4040 582 4098 serius
597 4042 660 4110 406,
677 4041 812 4114 alllguut,
833 4041 976 4116 aliiprout
990 4040 1108 4098 libitum
1123 4041 1188 4109 luit,
1200 4039 1383 4097 intermediis
1397 4040 1494 4099 annis.
1510 4041 1569 4100 Nos
1584 4046 1617 4098 ut
1645 4059 1693 4110 an.
1716 4037 1780 4112 399,
1809 4043 1854 4103 v'el

139 4127 431 4202 illdoonsiguemus,
448 4129 563 4186 duobus
576 4127 656 4186 hisce
671 4128 854 4202 argumentis
870 4129 1092 4202 persuademur,
1111 4144 1176 4200 que
1205 4127 1235 4182 in
1251 4125 1328 4184 notis
1350 4127 1541 4203 Chronologis
1569 4129 1766 4202 Epistularum
1791 4131 1854 4204 jum

138 4217 365 4292 proposuimus.
381 4217 513 4274 Primum
527 4222 582 4286 est,
598 4219 677 4292 quod
691 4217 924 4276 Commentarios
938 4218 968 4273 in
984 4215 1200 4286 Ecclesiastem,
1217 4219 1246 4272 et
1261 4215 1495 4289 explanationem
1512 4216 1646 4290 Epistola
1663 4219 1699 4274 ad
1714 4217 1855 4292 llphesios

140 4311 281 4364 eunome
295 4305 488 4381 onnosy'erme
514 4307 608 4364 decem
632 4307 837 4364 concinnatam
859 4307 1053 4380 tradit;qnos
1077 4310 1110 4363 ut
1138 4306 1172 4362 de
1198 4305 1423 4363 Commentariis
1457 4309 1573 4363 tautum
1602 4305 1748 4378 dicamus,
1777 4306 1857 4381 circa

141 4411 255 4452 anuum
271 4396 495 4454 ssoadornassc
506 4395 584 4453 idem
599 4396 797 4468 ipsetestctur
811 4399 875 4453 tum
890 4395 970 4466 alibi,
986 4401 1049 4452 tum
1066 4396 1210 4469 praecipue
1232 4395 1261 4451 in
1279 4395 1451 4452 eorumdem
1471 4395 1643 4453 Prolationo
1670 4395 1705 4452 ud
1731 4396 1858 4470 Paulam,

135 4489 168 4543 et
181 4483 389 4562 Eodoohium
401 4485 461 4554 ubi,
478 4491 537 4558 post
550 4493 640 4557 terme
654 4487 884 4558 quinquennium,
900 4502 935 4542 ex
949 4502 1007 4559 quo
1021 4489 1114 4544 Roma
1128 4485 1278 4554 evasisset,
1307 4484 1386 4543 istud
1410 4500 1442 4542 se
1470 4485 1567 4559 operis
1588 4485 1767 4560 suscepisse,
1797 4485 1858 4561 pla-

119 4571 267 4632 nissime
283 4573 406 4630 iudicat.
419 4573 474 4649 ,His
488 4590 574 4647 porro
590 4573 615 4631 si
631 4573 721 4631 ferme
736 4575 835 4632 decem
851 4574 1031 4647 adjunxeris,
1048 4591 1145 4632 annus
1157 4574 1284 4631 eflicitur
1298 4575 1351 4631 399
1366 4578 1417 4630 aut
1437 4575 1499 4630 400.
1523 4574 1667 4644 Alterum,
1697 4587 1756 4650 qpo
1777 4573 1858 4636 idam

136 4669 261 4736 tempus
271 4660 432 4736 colligitur,
446 4667 654 4734 argumentum
668 4663 737 4719 iude
751 4663 891 4735 petimus,
902 4663 980 4735 quod
995 4664 1051 4721 sub
1079 4662 1220 4735 Opusculi
1244 4663 1332 4719 tinem
1364 4679 1394 4720 se
1422 4662 1494 4720 dicit
1512 4672 1577 4722 onte
1610 4680 1701 4722 annor
1726 4661 1858 4720 tredecim

136 4749 320 4808 Antiochiam
333 4752 544 4810 celeberrimum
557 4753 654 4810 orbem
665 4752 909 4822 cenomanen
924 4751 1000 4822 cyris
1015 4767 1048 4809 oc
1072 4752 1230 4818 solitudine,
1257 4752 1449 4810 odotescentiae
1477 4752 1584 4823 dedens
1609 4756 1730 4824 emoto,
1755 4749 1860 4812 Christi

140 4841 179 4895 s'n
191 4840 615 4912 amiensemiomdedeonmt.
633 4841 797 4908 Enimvero,
814 4859 871 4898 nou
888 4841 945 4898 uisi
956 4842 993 4898 ab
1007 4847 1105 4896 exacto
1121 4856 1197 4896 anno
1210 4839 1264 4895 386
1278 4840 1309 4896 hi
1326 4839 1464 4898 tredecim
1490 4839 1645 4913 supputari
1672 4826 1749 4895 ollo'
1770 4839 1858 4908 modo
1970 4861 1973 4867 ·

139 4931 280 5004 possunt,
292 4928 440 5002 siquidem
450 4947 544 5004 usque
559 4931 595 4987 ad
610 4929 771 5004 superioris
784 4931 837 4986 385
851 4932 1017 5005 Augustum
1031 4944 1162 4986 mensem
1179 4929 1276 4985 Rome
1289 4945 1357 4986 eum
1386 4927 1556 4986 constitisse
1579 4927 1764 5000 compertum
1792 4930 1858 4995 est·,

137 5033 204 5092 quo
218 5021 352 5092 tempore
366 5035 432 5075 cum
445 5018 475 5075 in
489 5019 635 5078 Orientem
651 5019 868 5092 adnavigasset,
882 5018 949 5074 aliis
964 5018 1091 5075 subinde
1104 5017 1273 5092 regionibus
1288 5016 1463 5090 peragratis,
1488 5018 1551 5072 tum
1580 5015 1701 5072 demum
1726 5013 1861 5073 substitit

135 5105 327 5164 Antiochia:
344 5123 434 5180 quam
447 5108 550 5166 urbem
565 5109 630 5165 ideo
645 5125 676 5166 ee
691 5107 802 5164 indicat
812 5106 987 5176 deseruisse,
1003 5107 1081 5181 qood
1101 5107 1132 5164 iu
1148 5106 1213 5178 eius
1227 5103 1368 5172 Ecclesia,
1395 5103 1432 5160 nd
1461 5119 1550 5176 quam
1578 5103 1615 5186 ob
1643 5100 1861 5166 ordinationem

135 5195 293 5272 pertinere
307 5195 465 5266 videretur,
490 5213 560 5254 oum
587 5197 739 5271 splendide
751 5199 852 5269 posset
872 5211 994 5252 munere
1022 5195 1177 5254 sacerdotii
1197 5193 1327 5266 defungi,
1361 5191 1467 5250 maluit
1494 5207 1640 5266 agros·uc
1669 5191 1861 5252 solitudinem

135 5289 300 5360 oppetere,
311 5289 345 5341 ot
355 5285 557 5344 adolescentia
573 5291 690 5360 peccata
705 5285 876 5360 poenitentia
891 5286 1008 5344 deleret.
1026 5286 1178 5344 Tredecim
1192 5299 1260 5357 ergo
1275 5281 1361 5340 anuis
1371 5281 1413 5338 illi
1433 5281 1487 5336 983
1511 5281 1741 5355 supperadditis,
1766 5283 1860 5342 exori-

136 5373 270 5443 rursm,
285 5372 599 5444 sutinitiom400,cni
625 5375 719 5448 magis
744 5374 838 5448 placet
867 5375 946 5433 huuc
971 5375 1081 5432 librum
1105 5373 1261 5440 ascribere,
1292 5373 1449 5443 numquam
1479 5369 1609 5444 isidorus
1643 5371 1861 5432 Alexandrinus

137 5463 334 5540 presbytera
350 5463 461 5536 synodo
475 5466 539 5536 ejus
554 5464 624 5522 anni
635 5480 669 5520 ac
684 5463 740 5520 loci
755 5481 808 5538 per
821 5463 1019 5539 Theophilum
1035 5462 1226 5519 damnaretur
1246 5460 1298 5532 (l).

178 5603 222 5678 (i)
236 5603 311 5662 Vide
324 5603 546 5664 adnotationem
560 5607 692 5664 nostram
706 5602 738 5662 in
752 5603 866 5662 Protei.
882 5601 1028 5674 chronici,
1044 5600 1095 5660 ubi
1111 5601 1147 5660 de
1161 5599 1316 5660 Vincentio
1325 5600 1356 5660 S.
1369 5600 1464 5662 Patris
1479 5601 1572 5663 nostri
1588 5601 1695 5662 comita
1731 5597 1860 5690 agimus·
