4078 6162
174 297 241 384 tu
679 329 709 344 ·*
793 293 1265 382 summaquense
1818 295 1886 380 ,a

176 441 228 504 tus
241 453 322 504 semo
337 437 506 499 amatorum
528 431 566 496 ed
595 434 687 494 Deum
716 435 810 494 oratic
834 438 880 494 est
905 451 911 490 :
941 437 1002 492 tota
1013 433 1043 504 A
1057 435 1177 512 peceati,
1200 438 1283 510 juxta
1310 435 1383 498 illud
1409 434 1613 512 propheticum
1643 451 1650 496 ε
1679 435 1786 510 aalma
1815 451 1883 524 ,qes

176 529 306 594 oratioet
316 525 488 601 deprecatio
497 530 648 600 extorquet
655 522 1002 592 clementiamCrsatoris,
1057 527 1228 600 peccaverit,
1244 528 1309 600 ipsa
1323 527 1464 586 morietur
1487 527 1597 598 (duct.
1623 543 1706 597 aveir,
1722 527 1761 600 l).
1779 548 1793 578 u
1808 525 1886 586 Alio·

179 623 213 688 pt
226 618 277 692 qui
293 616 402 677 nostris
417 614 528 674 viribus
543 619 571 674 et
586 615 683 674 studio
695 613 804 672 salvari
824 629 881 670 non
898 629 1002 686 possu·
1057 616 1128 692 quin
1144 617 1220 675 hmo
1235 633 1421 676 communem
1438 621 1573 690 mortem,
1596 633 1657 690 qua
1680 620 1709 675 et
1722 616 1810 686 bruta
1823 617 1885 676 sol-

179 724 256 778 mus,
273 704 801 767 illiusmisericnrdiaoonservemur.
833 702 887 760 Ubi
903 705 1002 760 autem
1056 706 1443 777 vunturanimalia,linocb
1462 713 1491 764 et
1512 707 1606 764 liliam
1631 704 1887 771 nondumvidisse

178 794 378 859 misericordia
392 798 421 852 et
433 794 597 867 gratiaest,
613 791 738 852 liberum
753 808 788 850 ex
809 795 891 864 parte
903 794 1000 852 cassat
1055 797 1272 870 cognoscimus,
1289 797 1332 854 Da
1346 795 1419 852 mihi
1434 811 1541 870 mappa
1565 798 1642 868 quod
1655 811 1808 869 nunquam
1822 791 1886 854 lm.

176 887 343 951 arbitrium.
359 883 436 956 quod
453 883 482 939 in
498 898 532 940 00
547 885 661 940 lanium
678 887 723 938 est
738 881 757 946 ¹,
775 885 808 941 ut
821 878 948 940 velimus
963 884 1003 936 at·
1055 885 1161 962 guerit,
1179 890 1230 942 aut
1245 885 1322 959 quod
1338 888 1405 958 poet
1419 884 1591 960 languorem
1601 889 1744 958 perpetua
1758 884 1884 943 sanitate

176 992 234 1050 quo
247 975 445 1048 cupiamus,et
454 971 571 1046 placitis
581 971 746 1030 tribuamus
761 970 1000 1028 assensum.Jam
1055 991 1193 1034 securum
1207 974 1246 1032 sit
1262 993 1268 1031 :
1285 979 1313 1031 ct
1328 973 1403 1033 dabo
1417 973 1472 1031 tibi
1488 972 1619 1037 animam
1651 990 1717 1046 qua
1731 989 1886 1046 nunquam

173 1063 333 1124 inflemini
349 1062 492 1135 polestats
504 1063 561 1128 est,
578 1063 611 1116 ut
624 1059 654 1116 id
668 1060 748 1132 quod
763 1059 1000 1133 sapientemquod
1055 1064 1226 1138 peccaverit,
1251 1079 1304 1121 nec
1327 1066 1394 1136 post
1417 1062 1537 1120 virtutes
1557 1062 1695 1134 deinceps
1726 1067 1885 1135 peccatura

175 1153 345 1216 laboramus
360 1167 394 1208 ac
409 1149 542 1218 nitimur,
552 1147 633 1219 illips
647 1165 701 1222 ope
715 1151 744 1206 et
758 1147 865 1208 auxilio
880 1147 1002 1224 implere
1055 1153 1104 1222 sit,
1120 1153 1282 1227 prasertim
1297 1168 1366 1210 cum
1381 1150 1477 1210 vicina
1491 1151 1551 1208 sint
1571 1150 1641 1210 vitia
1659 1150 1817 1220 virtutibus
1831 1170 1839 1223 3
1854 1157 1885 1210 'et

175 1241 336 1306 valeamus.
1054 1241 1080 1313 pi
1104 1240 1257 1316 paululum
1282 1239 1483 1311 declinaveris,
1512 1243 1563 1301 aut
1590 1241 1748 1302 errandum
1765 1240 1883 1319 tibiali,

212 1332 255 1388 tt.
272 1329 398 1400 Corporis
424 1329 529 1386 sanitas
551 1327 653 1386 cataste
671 1328 788 1386 uocitati
814 1333 998 1399 eomparatur.
1054 1335 1105 1388 aut
1119 1329 1149 1388 in
1165 1346 1293 1404 preceps
1307 1329 1482 1388 cadendum.
1499 1331 1647 1396 Quantum
1666 1328 1745 1388 enim
1761 1329 1838 1396 inter
1852 1346 1883 1387 sc

174 1451 210 1462 -
225 1418 254 1490 d.
273 1420 333 1494 tego
361 1415 533 1496 simpliciter
558 1416 699 1484 dixeram,
729 1431 787 1472 nou
816 1414 846 1472 in
873 1413 1000 1488 singulis
1054 1418 1165 1478 distant
1179 1417 1622 1493 pertinaciaatperseverantia,
1651 1417 1833 1491 parcimonia
1853 1423 1884 1477 et

173 1507 312 1584 operibus
327 1505 447 1573 nostris,
462 1506 513 1562 sed
528 1506 559 1565 in
574 1505 668 1582 gratia
683 1503 858 1563 conditionis
872 1502 1000 1578 attegia,
1051 1505 1217 1580 frugalitas,
1237 1504 1397 1564 liberalitas
1412 1508 1441 1562 at
1454 1504 1595 1577 profusio,
1608 1503 1768 1590 prudentis
1781 1509 1809 1562 et
1826 1506 1881 1564 cal·

170 1597 276 1666 sentiri
291 1594 433 1656 auxilium
449 1594 511 1662 Dei,
528 1611 569 1652 ne
583 1594 708 1652 liberum
724 1593 907 1665 frangeretur
921 1591 998 1649 arbi·
1054 1595 1163 1664 liditae,
1180 1593 1319 1652 lortitudo
1334 1599 1363 1650 st
1372 1593 1533 1662 temeritas,
1545 1593 1659 1652 cautela
1672 1600 1702 1652 et
1714 1595 1881 1666 timiditas?

170 1685 428 1751 triumdeterum
442 1686 514 1740 sunt
528 1681 660 1755 plerique
675 1685 854 1749 nostrorum,
869 1680 922 1753 qui
936 1695 998 1737 om·
1053 1701 1180 1760 quorum
1207 1684 1268 1742 alia
1296 1682 1332 1740 ad
1349 1683 1436 1750 bona,
1451 1681 1510 1738 elia
1537 1683 1706 1743 referuntur
1726 1685 1764 1754 ad
1792 1684 1881 1752 mala

172 1775 301 1850 uiaque
316 1769 623 1846 egimus-dieanlfieti
652 1768 787 1842 prasidio
814 1769 876 1826 Dei·
896 1769 927 1825 A·
943 1767 1015 1841 Qui,
1052 1773 1134 1840 Quod
1149 1773 1269 1846 quidem
1284 1775 1312 1830 et
1337 1771 1367 1827 in
1391 1771 1563 1847 corporibus
1588 1770 1745 1842 invenitur.
1770 1773 1799 1830 si
1820 1773 1881 1832 lelli

173 1864 229 1922 hoc
243 1861 324 1932 dicit,
339 1863 434 1922 uester
447 1875 512 1918 esse
524 1859 652 1919 cessabit
667 1860 687 1929 ⁸,
698 1862 757 1918 Aut
771 1874 840 1932 ergo
854 1861 884 1916 et
899 1861 930 1914 tu
941 1857 999 1914 ista
1051 1861 1213 1936 provideris
1227 1859 1427 1935 temperando,
1449 1861 1557 1935 pituita
1571 1863 1738 1932 sucorescit.
1754 1863 1784 1919 Si
1815 1861 1878 1920 hu·

173 1952 271 2022 dicito,
287 1953 510 2011 utnosteresse
525 1947 659 2022 incipias,
690 1951 742 2009 aut
769 1948 795 2006 si
824 1964 882 2008 uon
911 1945 996 2014 dicis,
1049 1967 1148 2018 ,mores
1161 1951 1271 2008 siccare
1287 1949 1417 2017 lestines,
1433 1948 1592 2016 inardescit
1605 1949 1726 2024 sanguis
1747 1950 1805 2018 bilo
1822 1951 1875 2028 [ai.

169 2037 356 2107 alienuseris
383 2054 451 2110 cum
467 2037 514 2095 hie
543 2036 594 2112 qui
622 2038 722 2095 nestra
749 2051 808 2095 nou
833 2035 945 2094 dicunt.
967 2035 996 2091 C.
1051 2039 1257 2112 bililuitistur,
1273 2037 1413 2097 etluteus
1435 2037 1515 2098 color
1542 2055 1594 2096 ora
1608 2039 1764 2114 pertundit.
1792 2039 1879 2108 Certe

173 2132 328 2200 Tuqsere,
345 2128 370 2188 ei
385 2142 452 2184 mea
465 2126 584 2196 dixeris,
599 2125 658 2182 imo
672 2129 704 2182 tu
721 2141 816 2197 meus,
837 2124 862 2180 si
876 2123 998 2182 adversa
1051 2133 1084 2187 ut
1098 2133 1233 2194 cunctam
1248 2126 1429 2198 medicorum
1444 2126 1639 2186 adhibeamus
1653 2126 1880 2202 diligentiam,ct

171 2237 233 2284 non
247 2217 365 2292 diteris.
393 2221 471 2278 Sana
498 2230 620 2288 corpora
644 2213 803 2280 confiteris,
829 2217 858 2272 et
881 2212 996 2280 animm.
1052 2217 1349 2290 castigatisvivamus
1363 2215 1448 2283 cibis,
1468 2220 1499 2273 ot
1523 2215 1695 2275 morborum
1721 2215 1875 2274 fomitibus

171 2325 236 2385 que
251 2307 421 2374 sortierunt,
437 2305 564 2378 denegas
587 2287 756 2364 sanitsteffi.
774 2302 810 2359 Ut
825 2302 904 2360 enim
920 2318 997 2359 mor·
1051 2302 1202 2369 caicamus
1216 2309 1245 2362 et
1259 2305 1412 2375 cruditate,
1428 2303 1550 2362 occultis
1577 2303 1756 2378 quibusdam
1782 2307 1811 2372 et
1824 2303 1879 2360 soli

59 2469 63 2474 Ι
172 2394 392 2465 basettmlnue
406 2394 437 2450 in
451 2408 581 2472 corpere,
597 2391 639 2452 ita
666 2397 801 2466 pecatum
826 2392 856 2448 in
886 2391 996 2450 anima·
1051 2402 1109 2456 Deo
1123 2393 1248 2469 ‚cognitis
1264 2394 1339 2457 1οῠ
1363 2393 1472 2459 causis,
1501 2391 1545 2448 vel
1574 2392 1681 2467 luigero
1703 2391 1879 2460 inhorresci-

168 2488 227 2568 tiui
242 2501 310 2560 ergo
324 2500 431 2545 eanum
446 2481 607 2556 aliquando
622 2481 774 2540 homiuem
787 2481 935 2540 confiteris
962 2497 998 2538 ex
1048 2482 1184 2555 ,muqvel
1199 2483 1279 2542 lebre
1293 2481 1521 2551 exardescimus,
1536 2479 1580 2537 vel
1595 2479 1774 2548 torminibus
1788 2479 1878 2557 eiula-

170 2591 207 2648 us
220 2579 302 2647 parte
317 2589 376 2648 qut
388 2587 455 2635 earo
479 2575 534 2642 est,
564 2587 654 2646 quare
669 2586 727 2628 uon
751 2586 857 2631 sanum
873 2569 953 2628 dieas
968 2573 997 2635 et
1051 2593 1118 2647 mus
1130 2579 1159 2632 et
1168 2573 1226 2632 veri
1238 2570 1343 2640 medici
1353 2569 1512 2632 salvatoris
1520 2568 1875 2643 imploramussuqilinm,

172 2680 207 2731 eu
221 2679 328 2736 eaque
342 2661 466 2735 spirituo
480 2661 593 2724 estid·
622 2659 738 2731 Sequar
763 2656 995 2735 propositionem
1051 2665 1237 2734 dicimusque
1252 2677 1319 2718 cum
1348 2656 1510 2733 apostolis:
1530 2681 1544 2708 ι
1560 2658 1807 2740 Μιιςίριιι,ιιινο,ι
1821 2675 1876 2719 nos

170 2757 272 2817 mam:
285 2774 299 2802 ιι
320 2755 478 2822 Nunquam
500 2747 587 2812 hodie
600 2747 849 2824 ellugies,seniam
862 2763 996 2820 quocun·
1048 2755 1105 2823 ιιι,
1119 2751 1250 2826 parimus
1266 2747 1370 2822 (uasta
1385 2765 1436 2804 vu.
1452 2747 1510 2820 85).
1524 2769 1538 2798 »ι

172 2857 229 2916 que
243 2838 365 2900 vocaris.
381 2861 396 2890 u
414 2837 443 2894 C.
458 2838 579 2898 Paratus
600 2851 668 2894 sum
684 2835 718 2892 ad
747 2835 934 2893 audientum.
963 2835 994 2895 Α.
1086 2842 1130 2911 12.
1146 2837 1293 2912 Respondet
1307 2837 1416 2910 aliquot
1429 2852 1444 2892 e
1458 2833 1602 2910 Scriptura
1619 2835 1824 2910 objectionibus.
1840 2865 1878 2879 -

171 2929 330 3003 litllgoad
353 2927 533 3000 loquendum
562 2925 660 2982 surdis
689 2923 821 2981 auribus.
852 2925 928 2988 m
944 2923 996 2980 lle·
1046 2924 1482 2998 G.Esto,utnulluspotuerit
1507 2941 1594 2996 omne
1615 2923 1875 3003 uitareperoatum

172 3018 322 3094 spondebo
342 3015 433 3094 igitur
447 3015 483 3072 ad
497 3014 692 3091 propositum.
708 3013 748 3070 ils
761 3011 862 3072 anima
890 3019 918 3068 et
931 3028 995 3068 cor·
1049 3021 1080 3080 in
1095 3018 1229 3094 pueritia,
1243 3014 1485 3082 adolescentiset
1508 3013 1663 3088 juventute
1691 3031 1698 3069 :
1730 3013 1877 3087 numquid

172 3124 242 3184 pore
257 3105 412 3180 compacti,
424 3104 580 3176 utriusque
593 3100 766 3165 substantia
778 3104 913 3165 naturam
929 3117 995 3156 con·
1049 3125 1156 3184 negare
1171 3111 1266 3184 potest
1281 3103 1424 3177 plurimos
1433 3104 1532 3176 justos
1559 3106 1591 3174 et
1618 3105 1734 3174 sanctos
1757 3101 1835 3174 viros
1862 3102 1878 3138 ⁸

170 3194 335 3268 sequimur.
346 3191 496 3266 Quomodo
507 3207 614 3264 eorpus
629 3205 734 3254 eanum
750 3187 867 3259 dicitur,
878 3189 904 3248 si
915 3187 995 3246 nullo
1005 3177 1032 3252 ιθ
1051 3202 1117 3273 post
1130 3195 1199 3254 vitia
1213 3193 1294 3252 omni
1316 3209 1347 3260 aa
1369 3192 1405 3249 ad
1427 3191 1552 3249 virtutes
1579 3190 1678 3260 auimo
1703 3189 1875 3262 contulisse,

172 3281 313 3356 languore
328 3285 456 3347 vexetur,
473 3279 514 3336 ita
528 3279 627 3341 anima
640 3279 750 3352 absque
765 3277 846 3347 viiio.
870 3278 895 3334 Εἰ
910 3275 994 3334 nulla
1048 3291 1077 3345 et
1091 3302 1143 3362 per
1157 3284 1211 3340 bas
1227 3281 1357 3342 caruisse
1370 3285 1489 3354 peccato
1504 3280 1519 3335 ‘l
1534 3280 1565 3350 Α.
1586 3279 1651 3336 lloc
1666 3283 1711 3352 eet
1726 3281 1803 3356 quod
1818 3279 1876 3336 tibi

171 3370 389 3446 perturbatione
403 3367 561 3442 quatiatur.
574 3368 608 3428 lit
624 3371 722 3426 tamen
738 3366 872 3444 quamvis
886 3383 994 3440 corpus
1047 3377 1076 3434 in
1087 3371 1232 3450 principio
1246 3371 1388 3438 dixeram,
1405 3369 1434 3425 in
1450 3372 1552 3426 nostra
1564 3386 1629 3428 esse
1650 3368 1781 3443 positum
1790 3371 1875 3442 pote-

169 3475 276 3522 eauum
290 3458 330 3518 sit
343 3455 551 3532 integrumque
564 3460 594 3514 et
607 3460 752 3530 vegetum,
776 3460 806 3512 θῑ
820 3458 992 3520 mitulorum
1046 3468 1131 3533 state,
1142 3461 1185 3522 vel
1197 3475 1325 3535 peccare,
1337 3456 1381 3515 vel
1392 3476 1450 3515 non
1461 3474 1590 3532 peccare,
1602 3455 1685 3515 etuel
1697 3458 1733 3514 ad
1744 3457 1870 3526 bonum,

167 3563 310 3608 sensuum
323 3545 490 3620 integritate
504 3545 668 3616 robustum,
684 3548 737 3604 tul
751 3543 932 3613 (litbt‘ffiswi
946 3561 993 3602 rt·
1046 3553 1090 3612 vel
1105 3553 1143 3609 ad
1162 3549 1272 3611 malum
1302 3547 1456 3605 extendere
1473 3562 1605 3614 manum,
1621 3549 1654 3604 ut
1669 3544 1795 3602 liberum
1811 3562 1874 3603 ser-

167 3639 210 3709 ris
222 3635 445 3708 uurmitatibue
459 3633 647 3702 condolescit,
671 3637 701 3692 02
726 3637 759 3690 ui
786 3632 993 3702 firmissimum
1045 3645 1129 3705 ,vetur
1138 3636 1293 3697 arbitrium
1309 3652 1317 3691 ι
1333 3637 1383 3694 sed
1399 3635 1454 3692 boc
1468 3653 1521 3708 pro
1537 3635 1626 3708 mpdo
1651 3637 1682 3692 et
1696 3638 1830 3707 tempore
1844 3639 1877 3691 et

169 3727 217 3795 sit,
234 3725 384 3785 interdum
396 3722 507 3798 pituita
517 3721 684 3788 molestiam
695 3721 822 3796 patitur;
838 3723 880 3781 ita
894 3721 994 3782 anima
1047 3729 1213 3793 conditione
1228 3723 1395 3800 tragilitatis
1409 3724 1565 3797 humanm
1581 3722 1804 3798 perpetuitatem
1821 3739 1878 3780 au·

168 3815 417 3895 cogitationumet
427 3811 821 3888 perturbationumimpetur
831 3813 992 3880 sustinens,
1045 3825 1106 3878 tam
1121 3815 1303 3892 impecantie
1321 3811 1376 3872 soli
1392 3813 1533 3871 reservari
1549 3812 1619 3880 lieo,
1634 3817 1664 3868 et
1692 3811 1718 3868 ei
1734 3809 1784 3884 qui
1800 3810 1877 3868 Ver-

169 3910 202 3964 ut
217 3902 580 3976 superetnesuperetne
594 3902 705 3976 absque
720 3899 849 3974 periculo
863 3901 992 3976 navigat,
1046 3909 1118 3967 bum
1142 3921 1209 3963 cero
1232 3903 1336 3972 iactus,
1365 3901 1462 3960 carnis
1486 3901 1665 3972 detrimenta
1693 3903 1721 3957 et
1747 3903 1873 3974 peecata

169 3992 417 4064 consideransque
426 3990 616 4066 fragilitatem
626 3991 888 4065 suam,aemperue
899 3995 993 4062 morte
1047 4013 1104 4064 non
1121 3992 1250 4070 pertulit.
1267 3992 1325 4048 Nec
1341 3990 1410 4065 quia
1422 3991 1459 4046 ed
1473 3990 1560 4056 breue
1574 4004 1706 4064 possum,
1723 3999 1807 4062 coges
1818 4003 1873 4044 me

168 4080 295 4153 pelliciis
308 4083 362 4152 est,
378 4079 541 4166 secuudum
556 4079 630 4136 illud
646 4079 723 4154 quod
753 4078 895 4154 seriptum
924 4084 991 4136 est:
1046 4089 1079 4141 ut
1093 4082 1205 4157 possim
1216 4079 1337 4154 jugiter.
1353 4079 1477 4134 Possum
1501 4078 1646 4152 jejunare,
1661 4075 1792 4150 vigilare
1808 4091 1877 4137 am·

171 4189 183 4225 ι
200 4169 331 4254 Quispst
352 4167 446 4229 -homo
461 4167 512 4242 qui
526 4167 612 4239 vivet,
627 4171 657 4224 et
671 4184 729 4226 non
743 4167 853 4226 videbit
868 4173 992 4226 mortem
1046 4170 1158 4240 balare,
1174 4170 1279 4242 legere,
1293 4165 1427 4242 psallere,
1444 4166 1556 4235 sedere,
1572 4165 1710 4234 dormire,
1726 4165 1878 4248 numquid

167 4259 255 4330 (Psoi.
286 4275 420 4326 emunt,
451 4256 533 4327 tet?
565 4280 579 4307 u
599 4273 663 4330 qua
687 4255 802 4314 cunctis
822 4257 935 4316 intento
949 4261 994 4314 ast
1047 4261 1076 4318 in
1093 4253 1291 4336 perpetuum?
1306 4255 1334 4312 C.
1362 4257 1397 4312 lit
1419 4253 1554 4328 qnarein
1587 4255 1747 4333 scripturis
1762 4254 1884 4324 sanctis

167 4347 350 4417 mortalibus,
374 4350 561 4406 nosnatura
591 4344 794 4412 dissolutione,
824 4345 875 4404 sed
899 4351 993 4404 morte
1045 4346 1252 4420 adperlaetam
1265 4343 1413 4416 justitiam
1430 4359 1633 4416 provocamur,
1652 4347 1686 4402 ut
1709 4347 1755 4411 est
1772 4341 1845 4399 illud
1868 4360 1878 4400 :

204 4493 211 4526 ¹
229 4489 349 4546 Initium
365 4489 511 4561 quoddam
527 4487 610 4542 bone
632 4485 792 4544 voluntatis
820 4491 848 4542 et
875 4487 942 4544 fidei
958 4503 993 4545 ex
1047 4487 1198 4563 incipienti
1212 4485 1429 4546 incrementum
1444 4484 1537 4554 dabit,
1562 4507 1577 4536 »
1603 4488 1658 4542 stc.
1684 4484 1811 4559 Optatus
1824 4483 1882 4541 lib.

168 4562 253 4621 nobie
278 4576 353 4629 esse,
379 4559 495 4620 videtur
519 4557 677 4640 predicare
706 4557 900 4642 Hieronymus
929 4548 1092 4630 tumDu:
1109 4560 1279 4620 ellestram
1299 4561 1345 4614 eet
1359 4556 1443 4639 selle,
1465 4561 1599 4619 nostrum
1614 4559 1660 4618 est
1674 4571 1802 4626 dumus,
1827 4557 1884 4638 liei

167 4632 419 4713 hictumsupra,
446 4645 528 4693 num·
558 4630 585 4692 l·
615 4631 670 4696 Qui
699 4633 849 4689 saumatis
875 4631 992 4702 Arausi-
1047 4633 1195 4708 perficere,
1207 4651 1222 4682 u
1237 4635 1295 4686 etc.
1311 4628 1514 4702 lieniqueipse
1527 4627 1722 4704 augustinia
1732 4627 1883 4698 lidebittd·

166 4704 230 4767 cani
246 4701 367 4776 secundi
381 4717 508 4774 canones
535 4701 679 4775 precipue
706 4701 826 4758 tertium
851 4706 879 4757 et
893 4698 993 4769 vicaei-
1046 4722 1073 4762 c.
1087 4703 1133 4774 32,
1149 4702 1200 4775 qui
1217 4700 1293 4758 bauo
1309 4700 1435 4757 sentiam
1451 4699 1573 4768 mirifice
1602 4695 1727 4774 explicat
1756 4717 1763 4755 :
1786 4721 1800 4750 ιι
1817 4697 1885 4755 'l’o-

168 4793 250 4832 mum
266 4774 403 4847 quintum
418 4771 576 4839 adversari,
592 4789 650 4828 non
665 4776 710 4829 est
746 4773 803 4828 uod
818 4788 989 4832 memorem.
1046 4780 1120 4844 tum,
1140 4771 1247 4847 inquit,
1264 4771 1324 4828 Deo
1339 4769 1469 4828 dandum
1486 4775 1541 4846 est,
1559 4770 1609 4843 qui
1623 4769 1754 4828 hominis
1771 4769 1884 4828 edun-

166 4843 329 4906 llxouentur
343 4846 441 4902 tamen
456 4843 581 4926 eliorum
594 4789 790 4918 quorumdam
813 4845 932 4902 Petrum
945 4862 992 4902 ex·
1045 4852 1136 4904 tatem
1153 4846 1261 4902 bonam
1276 4848 1305 4900 et
1320 4845 1466 4926 preparat
1479 4843 1686 4914 adjusandam,
1710 4846 1742 4900 at
1754 4839 1880 4915 adium

167 4920 275 4993 amplo,
292 4918 343 4992 qui
362 4921 429 4974 ante
458 4916 643 4989 Pelagianam
673 4915 807 4972 heresim
837 4916 990 4988 scripsere,
1045 4921 1250 4993 preparatam.
1263 4915 1404 4974 Pracedit
1417 4913 1734 4982 enimtestamento
1748 4913 1880 4982 tombis

167 4991 246 5064 quod
261 4991 393 5052 nondum
410 4987 487 5048 dolis
500 4986 648 5054 omnibus,
665 4992 693 5044 et
707 4986 931 5060 Pelagianorum
946 5005 991 5049 ca·
1040 4989 1140 5062 ,multa
1157 4988 1202 5045 bei
1220 4988 1307 5056 dona,
1323 4987 1375 5044 sed
1390 5003 1451 5044 nou
1477 4984 1595 5053 omnia;
1613 5002 1677 5059 qua
1701 4989 1800 5058 autem
1816 5001 1880 5046 aen

188 5063 271 5119 tiosis
285 5059 399 5119 artibus
413 5060 545 5125 detectis,
577 5058 664 5114 verbo
686 5063 773 5114 tonus
790 5057 926 5115 bumana
942 5077 991 5116 vo·
1045 5060 1181 5136 praecedit
1196 5059 1204 5114 i
1227 5075 1269 5126 sa,
1283 5059 1314 5115 in
1328 5057 1371 5114 eis
1386 5061 1433 5114 est
1445 5060 1475 5114 et
1489 5055 1566 5141 ipsa.
1583 5077 1598 5107 e
1845 5054 1848 5064 '

165 5079 272 5188 niniati
288 5132 355 5205 plus
367 5135 448 5204 iusto
464 5132 596 5188 videatur
611 5130 787 5195 tribuerent
801 5130 889 5187 fidem
904 5129 990 5189 liberi
1079 5135 1091 5168 a
1107 5132 1188 5189 Unus
1202 5076 1308 5197 estio,
1319 5130 1444 5186 meavit.
1456 5127 1570 5186 Vitiosa
1585 5132 1683 5185 autem
1696 5143 1786 5202 penes
1800 5127 1881 5188 llar-

167 5203 280 5261 arbitrii
296 5203 417 5264 illesam
431 5207 534 5266 servet
558 5202 627 5272 Erat
646 5202 725 5260 enim
753 5205 824 5257 tunc
850 5204 991 5275 temporis
1045 5205 1117 5262 tian.
1134 5205 1196 5260 erat
1210 5218 1278 5259 cum
1294 5200 1496 5283 interrogandi
1508 5204 1589 5271 nota.
1671 5243 1676 5248 .

167 5273 316 5346 quoddam
330 5273 418 5331 veluti
434 5273 641 5348 proverbium,
669 5271 740 5330 Velle
762 5275 890 5330 nostram
917 5278 956 5331 est
981 5290 988 5329 z
1079 5275 1206 5342 ⁸instes
1220 5278 1249 5343 et
1263 5277 1379 5330 sanctos
1397 5284 1486 5330 viros.
1515 5272 1583 5348 poet
1611 5269 1683 5327 vitia
1703 5269 1875 5356 Virtutibus

168 5343 289 5405 undeet
303 5343 332 5400 in
347 5346 487 5405 anecdota
502 5345 631 5418 quodam
655 5361 788 5404 sermono
802 5344 838 5402 dc
852 5346 989 5418 Symbola
1044 5347 1169 5418 deditos,
1195 5342 1325 5402 caruisse
1338 5345 1466 5418 peccato,
1492 5343 1645 5417 proprium
1659 5347 1725 5414 erat
1739 5339 1878 5418 lingonis

112 5439 116 5446 =
167 5415 197 5472 in
212 5413 429 5483 Veronensibus
455 5415 635 5474 membranis
653 5433 660 5471 :
676 5438 691 5468 ιι
707 5416 827 5484 Etiamsi
849 5416 922 5474 vella
935 5434 990 5478 no·
1044 5420 1161 5492 dogma,
1178 5418 1208 5473 in
1224 5418 1302 5490 quod
1319 5415 1386 5472 Pele
1408 5415 1454 5473 'ue
1473 5431 1591 5544 qsuozm
1618 5413 1759 5488 delapsus
1783 5408 1829 5481 as't
1841 5411 1877 5472 ln

168 5491 330 5568 strumosi,
344 5487 483 5570 perlicere
508 5491 604 5569 tamen
627 5487 690 5544 aine
714 5487 763 5544 illo
778 5485 931 5616 (Deol'uon
947 5487 990 5546 in·
1042 5490 1155 5573 ssuodo
1170 5487 1382 5572 diospolitana.
1423 5487 1470 5544 idc
1501 5562 1506 5572 Ι
1559 5485 1743 5572 agustinum,
1766 5485 1801 5560 de
1828 5485 1879 5570 Ge-

167 5575 312 5616 venimus.
330 5579 345 5608 »
365 5556 503 5642 titianus,
532 5558 832 5626 rn-Psal.oxv1u:«
874 5561 990 5620 olentes
1042 5547 1359 5636 eles.lnter1mVatie.‚
1382 5559 1528 5636 Numquid
1554 5573 1653 5632 mpure
1679 5559 1879 5634 potestaten-

167 5635 269 5690 nostra
281 5643 434 5706 proprium
445 5643 481 5688 ex
494 5644 526 5688 se
540 5627 649 5688 babere
664 5629 798 5704 debat,ut
810 5632 881 5690 velit
893 5649 901 5691 :
912 5634 995 5694 Dens
1042 5649 1101 5726 usqe
1109 5631 1209 5706 justos,
1226 5633 1283 5690 eto.
1692 5678 1694 5684 .
