4068 6170
276 281 356 348 rese
1022 311 1232 376 areanum.
1283 323 1286 330 ·
1491 283 1496 288 ’
1870 327 1926 390 4358

400 419 535 498 interpres
559 428 683 488 Latinus.
1055 446 1193 518 ioseplrus.
1615 457 1797 530 Hieronymus.

274 569 415 644 zabulon,
432 580 535 648 euplus
550 576 676 652 pignori.
856 585 863 618 ¹
879 577 1036 661 Zeis-slav,
1052 588 1284 666 ἡνεχυρπσμένος,
1301 611 1330 666 p.
1345 599 1388 650 ut.
1444 597 1584 663 Zabulon,
1609 599 1803 655 habitaculum
1818 599 1928 657 sollitudi·

1481 668 1537 740 nis,
1553 669 1596 726 vel
1609 671 1822 742 jusjurandum,
1836 676 1879 728 etc.

275 767 317 825 sio
331 769 526 853 Hieronymus
541 775 590 903 qui
607 775 733 834 litteram
746 782 863 845 ul'rude
877 784 1041 840 numeravit
1054 785 1097 841 in·
1154 788 1348 860 scriptoribus
1376 790 1405 847 in
1435 792 1611 866 etymologia
1636 794 1761 852 nominis
1787 796 1853 863 Abel,
1877 797 1929 868 quel

274 844 319 896 ter
333 845 392 924 tres
407 842 520 928 litteras
587 847 792 931 Hebraeorum:
816 854 926 927 quique
946 857 1097 912 desudem
1154 858 1256 914 lurtum
1271 861 1346 933 apud
1363 861 1513 919 Philonem
1530 881 1611 938 seque
1626 871 1658 921 ut
1671 867 1747 938 apud
1763 866 1930 940 Joeephumsi·

275 929 394 997 nomine
408 916 476 972 Zoor
491 934 533 974 suc
549 920 695 977 scribebat
709 939 800 995 supra
813 927 868 981 rol.
890 927 942 982 16:
966 948 980 976 «ι
996 929 1097 1000 segor,
1153 931 1282 1002 gnificat.
1301 933 1443 990 Similiter
1457 941 1486 990 et
1500 935 1529 990 in
1546 938 1663 993 nomine
1679 938 1769 1006 Habet,
1784 939 1838 994 sive
1852 939 1930 1010 Babylo

274 989 375 1067 sesqua,
392 1003 499 1059 parva:
528 989 594 1080 ipqa
616 997 661 1048 ost
687 1009 750 1078 quse
775 1000 804 1050 ot
830 1013 920 1079 supra
946 998 1025 1054 Soor.
1042 1000 1097 1054 Sed
1127 999 1131 1006 ’
1152 1002 1206 1068 reis,
1222 1004 1299 1074 quod
1314 1007 1503 1076 conluuionem
1515 1007 1742 1079 interpretantur
1749 1011 1827 1080 juxta
1840 1010 1931 1082 proprie

274 1057 427 1113 sciendum
444 1061 521 1132 quod
543 1061 703 1120 blattarum
729 1081 758 1120 in
786 1068 881 1123 medio
898 1085 955 1124 non
972 1070 1096 1126 habeat:
1152 1078 1244 1128 tatem
1258 1078 1402 1131 sermonis
1420 1077 1540 1133 Hehrmi.
1554 1082 1590 1134 ut
1604 1080 1634 1135 in
1647 1080 1931 1136 famosissimunomine

274 1127 479 1212 scribaturque
493 1133 569 1214 apud
586 1134 721 1192 Hebraeos
733 1153 785 1208 per
794 1138 922 1195 vocalem
935 1140 999 1196 Ain.
1018 1164 1032 1192 u
1047 1143 1098 1198 So·
1154 1145 1249 1215 lsrael,
1264 1146 1301 1201 ab
1326 1151 1449 1220 utroquo
1473 1150 1611 1206 dissentit
1631 1151 1837 1222 Hieronymus;
1850 1151 1905 1222 quin
1915 1162 1931 1205 et

273 1216 345 1255 num
361 1201 488 1274 denique
503 1203 603 1261 littere
618 1206 743 1264 Hebraea
770 1208 851 1276 Sadc,
874 1228 960 1268 aures
976 1213 1096 1270 Latino·
1152 1233 1253 1272 corum
1275 1234 1388 1274 errores
1411 1220 1482 1276 casti
1506 1227 1536 1276 at
1558 1220 1632 1278 libro
1657 1224 1838 1292 Quaestionum
1849 1223 1932 1280 Helui·

273 1287 338 1327 rum
365 1273 554 1356 reformidare
570 1277 653 1360 testis
674 1283 719 1335 cst
739 1279 798 1362 'coh
822 1283 865 1339 15.
890 1287 981 1348 Quem
999 1283 1095 1340 locum
1151 1303 1246 1343 curum
1258 1287 1287 1344 in
1302 1289 1448 1347 Genesim.
1465 1236 1596 1348 Philonis
1611 1293 1729 1364 quidem
1746 1295 1879 1365 redarguit
1890 1299 1933 1364 ety-

272 1343 385 1400 oonsuh
401 1344 488 1428 velum
503 1346 539 1402 ab
554 1351 668 1404 erudito
684 1366 859 1426 curiosoque
874 1351 990 1411 lectore.
1153 1357 1308 1432 mologiam
1335 1362 1363 1416 in
1387 1362 1528 1419 vocabulo
1553 1364 1647 1433 lsrael,
1677 1366 1755 1437 quod
1778 1364 1845 1421 illud
1869 1364 1932 1419 aruns

308 1414 316 1448 ¹
332 1414 407 1471 Male
419 1416 821 1494 noviolenterinterpretatur
831 1424 978 1500 losephus
989 1443 1095 1485 nomen
1150 1431 1236 1485 Deum
1251 1431 1453 1490 transtulerit:
1468 1434 1589 1507 losephi
1615 1441 1714 1492 numm
1736 1437 1852 1493 dicentis
1864 1437 1887 1490 id
1898 1436 1932 1490 tr·

270 1503 412 1572 Ζαὸιιίοης
438 1506 579 1578 quoniam
604 1510 755 1568 Hubraeum
781 1497 844 1574 5527
868 1515 962 1581 gebul,
979 1519 1029 1572 guy
1044 1501 1095 1576 523
1150 1502 1219 1584 bere
1234 1502 1460 1575 significantiam
1475 1505 1635 1563 reluctantis
1656 1509 1758 1578 angelo
1776 1509 1831 1565 ilci.
1850 1507 1933 1586 Nonsic

269 1575 364 1638 labat,
381 1593 437 1632 non
461 1582 537 1634 recte
560 1580 683 1638 vertitur
701 1601 752 1656 per
774 1584 905 1641 Grumum
931 1583 1094 1662 ἐνεχυράζη.
1150 1591 1180 1626 sn
1196 1590 1264 1629 voce
1279 1577 1357 1642 Euu;
1375 1576 1404 1630 in
1420 1576 1474 1632 hec
1489 1578 1566 1633 euim
1581 1579 1740 1635 coneordat
1759 1595 1822 1635 cum
1838 1577 1932 1640 Philone,

271 1665 330 1718 per,
347 1647 375 1702 id
390 1654 444 1720 est,
469 1653 642 1724 memoror,
668 1655 745 1711 unde
768 1656 1000 1731 y„7,9203,a,04‚
1016 1661 1093 1730 opyy.
1150 1644 1328 1702 dissentiens
1345 1647 1514 1732 alosephm
1531 1650 1581 1732 qui
1596 1649 1687 1705 voluit
1710 1653 1791 1732 Herum
1805 1648 1932 1775 siqnidem

268 1720 467 1788 passaranum
492 1733 587 1794 captur
606 1727 727 1796 pignori.
754 1719 984 1802 Hieronymianae
1005 1729 1094 1800 igitur
1150 1725 1265 1771 mssli'ssm
1276 1722 1435 1774 millium
1448 1729 1617 1786 vllfflimmi
1633 1738 1701 1777 ⁰⁰¹⁰
1714 1721 1828 1794 ΝΜ]
1849 1737 1884 1776 0¹¹¹
1894 1719 1931 1774 ⁰¹²¹

268 1795 296 1844 et
318 1792 448 1865 mologiae
460 1794 679 1864 adherendum,
693 1815 756 1882 quse
768 1801 1095 1871 positanosciturjuxta
1149 1792 1316 1869 mffnlfflum
1338 1789 1393 1872 ¹3⁰⁰
1417 1791 1562 1872 Significel
1584 1793 1681 1864 vllam,
1700 1792 1773 1848 ¹1th
1791 1790 1931 1848 fldd⁰⁰d⁰d0

269 1807 356 1918 fidem
372 1862 584 1922 elementorum
600 1867 820 1926 Hebraicorum.
1149 1857 1215 1913 ³¹¹¹³
1230 1859 1350 1931 J⁰⁸⁸Ph¹
1367 1861 1475 1918 Vfliblfl·

296 1933 463 2015 ¹losephum
480 1939 597 1994 nuncsi
613 1956 681 1994 cum
695 1941 826 2010 Philone,
839 1959 872 1998 ac
888 1959 955 1999 cum
969 1946 1093 2018 utroque
1184 1948 1240 2002 Sed
1260 1965 1296 2004 ne
1312 1951 1458 2032 superflue
1473 1950 1551 2007 dicta
1572 1953 1615 2007 vel
1641 1951 1767 2008 ducenda
1782 1950 1931 2008 inculcemus.

267 2007 477 2076 Hieronymum
489 2012 767 2082 comparaverimus,
778 2015 864 2070 modo
874 2016 971 2086 ipsum
985 2014 1093 2070 adose-
1148 2016 1265 2076 lectoris
1276 2021 1375 2076 studio
1387 2021 1557 2092 hujusmodi
1571 2023 1805 2096 comparationes
1814 2025 1930 2079 auctorne

267 2076 337 2149 pho,
353 2078 440 2135 modo
456 2097 472 2134 a
487 2080 608 2138 Philone
634 2084 791 2142 dissentire
812 2085 987 2152 latebimur;
1006 2087 1092 2141 modo
1148 2091 1307 2162 permitlo;
1334 2097 1367 2149 ut
1391 2093 1493 2150 eadem
1517 2095 1606 2150 semel
1631 2101 1660 2150 et
1683 2095 1792 2150 iterum
1817 2093 1930 2166 replicasse

267 2165 333 2204 cum
350 2151 494 2207 ambobus
510 2154 683 2221 consentire,
709 2157 760 2212 sed
781 2157 875 2214 rarius
896 2157 1090 2213 inveniemus.
1148 2167 1313 2232 contentus,
1330 2165 1365 2220 de
1380 2164 1448 2220 aliis
1464 2165 1595 2221 nondum
1608 2166 1750 2238 expositis
1765 2165 1898 2238 proclivior
1908 2161 1930 2216 sit

261 2221 417 2294 *Consentit
443 2224 522 2280 verbi
551 2225 647 2297 gratia
671 2228 867 2302 Hieronymus
893 2245 959 2285 cum
979 2229 1091 2285 Judaeis
1147 2233 1219 2289 mihi
1236 2251 1269 2290 ao
1285 2235 1445 2307 expeditior
1460 2237 1532 2293 ratio
1548 2238 1730 2310 disputandi.

954 2436 1926 2473 mm

769 2655 1454 2824 APPENDICIS

911 2952 1043 3042 PARS
1073 2951 1313 3042 ALTERA,

679 3147 960 3210 counnneraus
980 3148 1126 3211 uarrua
1148 3149 1322 3221 eunoun
1345 3151 1550 3214 sensuum

512 3325 545 3388 S.
569 3323 761 3407 Hieronymo
782 3325 857 3388 olim
879 3325 959 3390 lslso
981 3332 1047 3389 tum
1069 3328 1101 3390 iu
1123 3327 1215 3391 editis
1236 3345 1306 3390 cum
1329 3347 1402 3390 mss.
1426 3329 1515 3391 libris
1535 3329 1704 3393 attributa.

685 3657 926 3724 ADMONITIO
945 3657 997 3722 IN
1016 3657 1272 3725 SUBJECTUM
1289 3659 1521 3725 LIBELLUM.

284 4051 368 4108 Hunc
381 4067 452 4110 sane
466 4051 638 4127 diligentem
654 4056 742 4126 atque
755 4052 903 4110 eruditum
919 4052 1051 4110 libellum
1067 4057 1178 4110 veteres
1192 4054 1319 4111 editores
1331 4055 1556 4130 Hieronymiano
1567 4054 1737 4128 cognomini
1746 4054 1818 4110 libro
1827 4051 1856 4106 ds
1866 4041 1919 4103 unt

248 4143 389 4200 contiuuo
403 4141 608 4212 subdiderunt,
626 4146 725 4214 utpote
739 4159 838 4216 quem,
854 4141 921 4199 licet
935 4143 965 4199 S.
982 4142 1113 4198 Doctoris
1129 4143 1220 4198 letum
1245 4159 1302 4198 non
1328 4159 1393 4199 esse
1417 4142 1502 4200 bonis
1521 4145 1705 4216 argumentis
1721 4140 1881 4214 colligerent.
1894 4129 1917 4186 ll

246 4233 311 4305 ejus
327 4237 425 4288 tamen
439 4247 561 4303 operum
576 4229 775 4288 collectionem
798 4232 943 4305 pertinere
968 4249 1025 4288 uon
1046 4231 1224 4305 ignorarent.
1250 4248 1303 4287 nec
1323 4232 1440 4304 penitus
1464 4232 1616 4305 repudiare
1640 4237 1744 4289 contra
1757 4227 1916 4323 vetustiorum

245 4319 415 4378 testimonia
430 4321 591 4376 auderent:
608 4319 685 4392 quod
700 4324 809 4376 temero
825 4323 933 4377 lactum
949 4337 964 4376 a
981 4320 1157 4387 ltlartianmo,
1181 4321 1232 4392 qui
1247 4320 1332 4377 illum
1357 4321 1426 4377 hinc
1445 4322 1538 4392 jussit
1559 4320 1702 4388 exsulare,
1720 4337 1803 4377 nenio
1817 4325 1915 4373 nonum·

245 4411 385 4483 probarit.
402 4410 517 4465 atvero
532 4409 665 4481 quedam
689 4409 785 4482 ipsius
807 4410 904 4482 operis
928 4410 1150 4481 germanitatem
1175 4410 1331 4465 videantur
1354 4425 1495 4477 asserere,
1511 4415 1598 4481 atque
1613 4411 1675 4467 hsce
1696 4415 1766 4466 sunt
1780 4410 1806 4463 in
1823 4399 1915 4495 primis:
1972 4419 1973 4442 ¹

245 4505 402 4556 Auctorem
418 4498 507 4553 videri
525 4498 640 4570 Syriaca
655 4498 750 4556 scire:
768 4503 831 4555 tum
846 4499 956 4572 quade
971 4499 1095 4572 Sychem
1113 4504 1142 4555 et
1165 4499 1295 4554 Saronna
1318 4500 1418 4565 tradit,
1433 4497 1561 4554 iudaicae
1575 4498 1659 4555 illum
1680 4495 1852 4572 geographie
1865 4491 1915 4546 salse
1971 4537 1972 4568 ,

243 4588 372 4662 peritum
387 4587 560 4659 designare;
577 4587 714 4658 quadan
730 4592 873 4659 quantum
899 4604 958 4659 prm
981 4589 1093 4644 ceteris
1117 4588 1293 4661 llieronymo
1318 4587 1503 4657 conveniant,
1528 4605 1586 4644 nou
1611 4590 1720 4660 estqui
1738 4587 1851 4660 ignoret.
1863 4579 1913 4635 Nem
1971 4569 1972 4610 t

243 4679 321 4753 quod
335 4679 371 4732 de
385 4681 508 4747 Smyrna
522 4675 615 4748 Lyciae
629 4675 744 4732 civitate
758 4676 892 4749 loquens,
906 4676 1005 4748 ipsum
1021 4677 1056 4732 de
1076 4677 1195 4732 nomine
1217 4676 1318 4732 laudet
1341 4676 1560 4749 Hieronymum,
1576 4694 1640 4749 quse
1662 4676 1800 4750 palmaris
1814 4665 1912 4768 erudito·
1970 4729 1971 4780 y

243 4785 308 4826 rum
324 4765 468 4834 astralia,
486 4769 517 4820 nt
532 4765 610 4820 hunc
625 4766 660 4821 ab
676 4765 851 4839 Hieronymo
866 4764 974 4822 librum
991 4765 1168 4838 abjudicent,
1195 4783 1252 4821 non
1281 4783 1374 4838 usque
1399 4767 1469 4822 adeo
1486 4766 1603 4822 firmum
1628 4769 1828 4837 argumentum
1841 4766 1911 4814 visua

200 4863 206 4872 '
243 4863 288 4914 est
301 4859 432 4919 Hrasmo,
448 4853 686 4927 quandoquidem
706 4855 800 4926 potuit
815 4855 866 4911 illa
881 4855 1005 4912 studiosi
1022 4855 1148 4926 alicujus
1164 4855 1274 4910 notatio
1301 4871 1335 4910 ex
1357 4855 1488 4927 margine
1502 4854 1532 4909 in
1549 4859 1659 4910 textum
1677 4851 1834 4926 irrepsisse.
1853 4836 1910 4908 0⁰⁰⁶
1969 4899 1970 4951 y

241 4947 361 5018 quidem
377 4961 411 5002 eo
427 4945 459 4999 llt
473 4941 680 5014 verosimilius,
695 4944 773 5016 quod
789 4960 846 5000 non
863 4943 968 5001 iisdem
984 4951 1072 5017 atque
1086 4943 1164 5016 apud
1189 4947 1216 4998 H.
1242 4944 1395 5000 Doctorem
1418 4942 1513 4999 verbis
1528 4943 1666 4999 recitatur
1682 4942 1728 4998 hic
1745 4941 1835 4996 locus:
1850 4936 1910 4988 reru

239 5038 421 5108 Hieronymus
436 5035 465 5089 iu
482 5033 561 5088 libris
576 5033 753 5090 Hebraeorum
767 5035 916 5090 Hominum
927 5035 1006 5106 pionii
1021 5034 1173 5106 myrrham,
1198 5041 1223 5088 et
1246 5034 1444 5104 r'nterpretutur
1464 5049 1599 5088 ausurum.
1625 5031 1682 5088 Noc
1698 5032 1801 5087 desunt
1813 5021 1909 5090 detailue
1968 5036 1969 5123 l

239 5125 391 5180 doctorum
407 5122 561 5180 bominum
577 5109 755 5193 testimonia,
771 5127 859 5195 atque
874 5138 974 5178 eorum
991 5137 1058 5178 cum
1075 5120 1189 5192 primis,
1210 5120 1260 5192 qui
1286 5120 1392 5176 criticae
1416 5121 1487 5176 artis
1510 5121 1634 5193 gloriam
1660 5107 1907 5206 sustinueruntllt·
1967 5159 1968 5162 ,

238 5211 725 5284 eauboniScaligerique,quorum
754 5212 828 5269 alter
857 5211 999 5268 miraculo
1028 5209 1074 5266 hir
1104 5214 1239 5267 enarrata
1267 5209 1355 5264 fidem
1385 5214 1524 5281 tauquam
1541 5227 1574 5264 ex
1590 5207 1755 5280 Hieronymi
1770 5197 1907 5262 auctorum

236 5297 366 5368 adhibet,
382 5298 454 5355 alter
467 5303 616 5356 auctorem
633 5299 765 5374 impense
782 5299 891 5356 laudat.

272 5413 476 5482 Nihiloesciue,
493 5431 557 5486 ques
573 5416 637 5485 ejus
662 5422 809 5474 auctorem
834 5433 891 5473 non
917 5432 982 5472 esse
1008 5415 1216 5488 Hieronymum
1239 5413 1444 5488 persuadeant,
1470 5413 1583 5486 potiora
1597 5417 1667 5470 sunt
1681 5411 1762 5466 nobis
1777 5399 1904 5462 momenta·

235 5503 388 5563 Enimvero
403 5501 497 5572 Beda,
514 5503 542 5558 in
558 5505 642 5574 eujus
658 5522 774 5579 quoque
799 5506 936 5578 operibus
962 5507 1129 5561 continetur
1151 5503 1347 5577 vulgatasque
1369 5509 1424 5569 est,
1441 5503 1533 5560 multo
1548 5503 1646 5560 verius
1661 5500 1801 5563 tribuitur,
1817 5503 1874 5591 aum
1886 5485 1904 5538 ll

234 5615 269 5656 ea
284 5601 426 5667 tempora,
442 5591 548 5662 atejus
566 5595 698 5650 auctoris
727 5596 877 5666 ingenium
904 5599 965 5649 tuta
992 5594 1159 5666 scriptionis
1184 5593 1273 5651 series
1297 5613 1331 5653 ae
1354 5597 1448 5667 stylus
1473 5595 1569 5649 rrl'srt
1586 5597 1606 5646 H
1621 5589 1760 5647 contrario
1782 5595 1840 5656 quis
1859 5575 1904 5628 het

233 5687 318 5760 putet
333 5683 366 5738 ed
384 5679 551 5749 Hieronymi
566 5697 659 5735 sevum
675 5687 815 5753 spectare,
831 5683 879 5739 ubi
896 5683 932 5739 de
947 5683 1090 5738 Damasco
1104 5682 1228 5755 loquens
1244 5691 1363 5754 suntor,
1389 5685 1477 5753 Hunc,
1499 5681 1606 5754 inquit,
1627 5679 1811 5736 Saracenorum
1823 5671 1902 5766 ΜΓῩ·

232 5776 305 5850 polis
321 5789 377 5829 esse
388 5769 559 5844 perlabatur.
577 5769 651 5823 Hrute
673 5774 699 5822 et
723 5786 772 5823 res
794 5783 886 5828 eorum
912 5773 1027 5826 sturmius
1050 5773 1183 5844 soenorum
1209 5775 1237 5826 iu
1259 5790 1292 5830 ea
1314 5775 1369 5830 sibi
1396 5786 1505 5843 saepire
1526 5771 1606 5844 penti
1630 5766 1764 5826 basilicam
1780 5751 1898 5846 pamm

231 5857 577 5926 semiarrianorum
599 5856 703 5912 noima
729 5855 856 5929 captare
879 5863 998 5920 ioannis
1023 5861 1164 5920 umbriam
1184 5863 1440 5939 lamentantibus:
1468 5876 1536 5920 cum
1559 5859 1660 5926 tandiu
1680 5851 1780 5932 poue.
1793 5845 1897 5908 aarum
