4068 6170
124 273 204 341 rste
604 271 756 346 conso.
779 271 1171 342 saeuite.·1rrtla.11
1194 277 1344 341 aucun.
1747 265 1829 342 tais

121 406 258 464 resistere
272 403 401 478 populus
413 405 540 462 Domini.
558 407 680 480 insuper
694 408 781 468 etiem
805 407 860 480 ipsi
890 407 945 464 iai·
960 411 986 478 Α
1003 411 1100 468 reduci
1117 416 1149 466 ut
1163 411 1310 468 videretur
1323 412 1358 468 ati
1376 427 1420 478 eo,
1435 411 1826 486 sempermorsdmuondlii

121 495 205 551 micis
220 494 366 550 victoriosi
394 494 518 550 existent
541 501 659 568 propter
682 503 831 569 peceatum
861 503 944 554 tuum
1000 499 1621 571 suiuuimoejuseccurrcbut.Siveelder,
1651 501 1822 560 consolatus

119 601 209 655 snper
224 583 367 656 populum
383 583 508 640 Domini.
999 589 1089 644 luisse
1104 605 1193 661 super
1207 591 1320 648 amaea
1334 589 1452 648 interitu
1481 591 1597 656 dicitur,
1614 608 1647 647 eo
1672 592 1748 664 quod
1773 609 1825 646 no·

136 671 249 744 .(Vers.
279 674 334 744 ιδ.)
351 695 365 723 ιι
380 673 415 728 Et
443 673 555 728 vocavit
583 690 688 732 nomeu
717 675 780 746 ejus
803 673 947 732 amabilis
997 681 1079 734 rorat
1093 693 1159 736 eum
1176 678 1353 750 flagitiosum
1368 683 1397 735 ot
1411 678 1535 751 dignum
1553 686 1646 736 morte
1660 681 1827 752 meritoque

118 762 255 827 Domino,
270 777 305 817 eo
318 761 397 834 qued
409 760 542 834 diligeret
556 777 623 818 eum
639 763 820 820 Dominus.»
836 765 867 822 ln
890 764 945 826 He·
999 767 1121 838 perisse.

118 852 197 910 bron
211 850 252 906 ita
268 850 395 923 legitur:
413 873 427 901 ιι
444 855 478 908 Et
492 851 603 910 vocavit
613 869 718 909 uonien
730 854 794 924 ejus
805 853 858 926 ¹(e)
872 869 944 908 root·
1036 854 1114 926 (Cep.
1131 854 1204 912 XlV.
1221 886 1255 896 -
1270 854 1351 913 Vens.
1369 856 1408 928 l.)
1423 878 1437 910 ιι
1450 856 1617 930 intelligens
1631 863 1731 925 autom
1750 857 1824 914 Josb

119 940 218 1007 ιιι,ἰά
233 943 278 998 cst
301 939 425 998 dilectus
453 939 568 998 Domini
595 948 713 1014 propter
744 941 912 1000 Dominum.
930 965 942 998 ι
999 941 1078 1002 silius
1089 943 1197 1004 Servio
1208 945 1286 1017 quod
1302 960 1351 1004 cor
1366 945 1570 1018 regieuersum
1586 950 1664 1003 esset
1677 945 1714 1002 ed
1732 946 1824 1003 absa-

119 1029 246 1096 Dilectus
264 1027 378 1090 ltomlui
394 1033 512 1101 propter
529 1029 811 1100 Dominumdicitur,
827 1034 947 1102 propter.
997 1030 1067 1089 lom.
1083 1053 1097 1083 ιι
1112 1037 1167 1090 Gor
1181 1034 1257 1106 regis
1271 1049 1389 1090 versum
1403 1051 1469 1092 esse
1492 1036 1528 1091 ad
1557 1035 1696 1092 absalom
1714 1035 1821 1092 vidisse

117 1136 202 1178 suam
217 1117 329 1175 scilieet
340 1116 573 1174 misericordiam
594 1119 765 1191 gratuitam,
793 1136 850 1191 que
877 1135 945 1176 eum
999 1121 1116 1188 dicitur,
1132 1137 1165 1178 eo
1181 1122 1259 1194 quod
1274 1123 1379 1180 viderit
1397 1139 1465 1178 eum
1476 1123 1553 1179 idem
1568 1123 1640 1180 doeh
1656 1141 1708 1197 pro
1733 1125 1826 1181 Absa-

119 1208 240 1280 diligere
252 1207 391 1279 dignatus
405 1211 459 1276 est,
476 1223 544 1264 eum
559 1207 661 1280 utique
676 1209 740 1280 ejus
750 1207 903 1268 dilectione
917 1213 946 1266 et
998 1209 1060 1266 lem
1073 1210 1111 1282 (d)
1126 1211 1285 1282 suspirare,
1301 1214 1329 1268 et
1344 1227 1378 1266 ex
1388 1227 1421 1266 ou
1436 1210 1579 1268 intellexit
1593 1214 1670 1284 quod
1685 1230 1735 1269 cor
1761 1213 1826 1285 ejus

120 1295 321 1353 misericordia
335 1295 474 1368 indignus
491 1295 653 1366 exsisteret,
682 1312 771 1368 quem
793 1297 946 1355 constabat
1001 1315 1115 1356 versum
1131 1303 1208 1355 esset
1223 1301 1258 1356 ed
1278 1299 1427 1356 ansuloni.

119 1401 379 1453 mamzcremesse.
1034 1388 1127 1456 (Vors.
1142 1391 1184 1458 t.)
1199 1410 1213 1440 a
1230 1389 1310 1448 Misit
1322 1389 1481 1458 Thoonem,
1496 1393 1526 1445 et
1539 1389 1608 1445 tulit
1623 1390 1689 1446 ines
1719 1390 1825 1447 mulie·

155 1477 246 1547 [Vere.
264 1475 323 1546 27.)
341 1472 506 1532 «Dimicari
527 1475 681 1530 adeersum
713 1475 823 1547 Babba,
838 1480 867 1532 et
895 1492 944 1533 ca·
1000 1493 1060 1534 rem
1076 1476 1247 1549 sapientem.
1266 1499 1276 1528 ι
1297 1477 1412 1534 'thccue
1428 1478 1530 1535 civitas
1544 1483 1598 1546 est,
1626 1480 1662 1534 de
1686 1495 1746 1552 que
1767 1480 1824 1535 luit

117 1565 226 1639 pienda
250 1569 295 1622 est
316 1563 386 1620 urbs
414 1579 572 1636 aquarum.
589 1586 604 1612 ιι
626 1565 792 1626 Notandum
811 1567 890 1637 quod
914 1566 947 1624 in
998 1566 1088 1622 Amos
1100 1566 1250 1639 propheta.
1264 1566 1825 1641 Petaturautemeademviduu(e)aria

115 1655 246 1720 Hebreo,
262 1653 380 1726 quaudo
395 1668 462 1709 cum
481 1651 644 1723 adjectione
657 1653 811 1710 nominum
826 1653 947 1727 ponitur
999 1655 1090 1712 luisse
1105 1655 1239 1726 ejusdem
1253 1657 1342 1712 Amos
1357 1655 1516 1729 propheto.

117 1742 466 1814 lhbbethlt)‚sicutest
498 1741 631 1799 llebbsth
651 1742 780 1800 illiorum
807 1744 984 1846 Ammon.B
1036 1745 1128 1816 (Vera.
1157 1744 1230 1814 5-1.)
1245 1766 1259 1794 ιι
1276 1744 1342 1808 Qnae
1371 1744 1524 1816 rospondit
1566 1745 1611 1802 ei:
1657 1745 1718 1800 ileu
1762 1761 1827 1805 mu·

115 1833 239 1900 Quando
253 1847 321 1888 vero
336 1829 399 1888 sine
414 1830 575 1902 adjectione
589 1831 753 1901 nominum,
781 1849 839 1890 noa
868 1832 944 1890 ltali-
1000 1833 1055 1890 lior
1066 1833 1154 1889 vidua
1167 1848 1221 1905 ego
1236 1847 1314 1889 sum.
1330 1833 1464 1890 Mortuus
1479 1834 1613 1890 ostentm
1628 1834 1672 1890 vir
1682 1850 1780 1890 meus:
1799 1835 1830 1889 et

115 1921 199 1988 beth,
215 1921 266 1978 sed
286 1920 387 1978 aetna
396 1919 551 1982 scribitur.
1000 1921 1181 1979 ancillatum
1197 1925 1281 1977 erant
1293 1923 1352 1978 duo
1368 1920 1431 1989 filii,
1444 1922 1493 1996 qui
1506 1923 1588 1978 rixati
1605 1927 1675 1978 sunt
1685 1923 1829 1980 advorsus

154 2010 248 2083 (Vere.
263 2011 309 2076 29,
321 2009 379 2078 30·)
390 2032 405 2060 a
416 2009 549 2084 Cumque
563 2011 743 2078 dimicasset,
768 2010 844 2083 cepit
867 2026 948 2080 eam,
1000 2028 1032 2068 se
1046 2011 1075 2068 ia
1090 2027 1171 2082 agre,
1182 2009 1341 2083 nullusque
1355 2014 1417 2067 eret
1432 2009 1483 2084 qui
1511 2025 1560 2068 ees
1587 2011 1741 2084 prohibere
1761 2025 1828 2084 pos·

116 2107 147 2160 et
164 2098 232 2156 tulit
246 2099 383 2158 diadema
397 2097 541 2158 ldelcliom
566 2099 602 2156 de
630 2097 723 2171 capite
752 2100 856 2171 ejus.»
875 2097 945 2158 Mel·
1001 2102 1055 2157 set.
1072 2103 1105 2154 ot
1119 2098 1264 2170 percussit
1277 2097 1352 2154 altor
1365 2097 1499 2168 alterum,
1520 2103 1549 2155 et
1574 2098 1717 2156 interiecit
1740 2115 1818 2155 eum.

117 2189 207 2248 chem
222 2189 490 2260 interpretatorem
502 2204 605 2245 aarum
624 2188 682 2248 Rea
697 2203 798 2244 sorum
827 2191 949 2246 vocatur
1001 2190 1036 2244 ur
1062 2203 1129 2245 ecce
1157 2202 1339 2260 consurgens
1362 2188 1498 2244 universa
1521 2187 1655 2261 cognatio
1683 2187 1823 2244 adversus

118 2277 367 2336 idolumeorum:
384 2276 661 2349 quodhiovocatur
679 2276 831 2346 Melchum,
861 2278 948 2349 eujus
1001 2276 1138 2336 ancillam
1154 2283 1237 2334 tuom
1252 2275 1333 2332 dicit.
1345 2276 1438 2333 Trade
1453 2276 1590 2348 eumqui
1604 2275 1750 2348 percussit
1764 2276 1822 2332 tra·

122 2365 300 2427 diadematis
314 2381 419 2422 eurum
430 2371 458 2423 et
468 2382 601 2438 gemmas
611 2366 753 2424 conflasse
763 2371 792 2423 et
806 2382 949 2440 purgasse
1003 2371 1076 2423 trem
1092 2382 1190 2422 suum.
1203 2387 1218 2416 ιι
1232 2365 1394 2422 inveritate
1403 2370 1511 2433 autem,
1524 2369 1558 2420 nt
1572 2365 1681 2422 Hebraei
1693 2364 1824 2432 traduat,

123 2456 233 2514 dicitur
246 2454 336 2512 David
348 2455 512 2512 secundum
527 2453 632 2526 legem,
649 2459 678 2510 st
693 2455 796 2512 lenisse
811 2454 867 2511 siti
881 2455 949 2512 inde
1003 2455 1062 2512 haec
1078 2455 1281 2512 niulicrvidua
1294 2455 1368 2511 duos
1381 2455 1579 2521 lilioshabuit,
1591 2453 1641 2527 qui
1656 2453 1740 2509 rixati
1755 2457 1825 2510 suat

122 2546 268 2611 diadema,
285 2543 362 2617 quod
378 2543 425 2599 hic
441 2542 569 2616 pesitum
585 2559 673 2617 super
687 2547 775 2617 caput
798 2545 861 2614 ejus
876 2543 948 2600 dici·
1003 2544 1032 2602 in
1049 2559 1118 2617 egro
1133 2559 1220 2616 super
1235 2541 1403 2600 hereditate
1418 2543 1510 2616 petris
1526 2543 1582 2612 sui,
1600 2549 1628 2598 et
1642 2542 1767 2600 alteram
1792 2543 1831 2600 en

120 2640 181 2692 tur.
1002 2632 1092 2690 altero
1107 2632 1325 2704 interemptum.
1343 2630 1477 2704 Seipsam
1489 2632 1708 2690 tameneedem
1735 2631 1826 2690 vidua

158 2724 252 2796 (Vere.
282 2722 339 2794 3l.)
356 2743 371 2774 ιι
386 2719 530 2795 Populum
555 2738 674 2796 quoque
704 2723 770 2793 ojus
798 2722 948 2779 adducens
1002 2723 1031 2778 in
1048 2738 1173 2795 persona
1195 2721 1285 2777 David
1314 2720 1422 2793 posuit,
1452 2725 1480 2777 et
1502 2722 1576 2778 duos
1604 2720 1679 2777 lilios
1702 2737 1773 2778 suos
1795 2720 1825 2777 ia

118 2813 255 2878 serravit,
271 2817 299 2868 et
313 2810 484 2883 circumegit
500 2826 650 2882 supernos
667 2810 774 2868 serrata
799 2815 945 2883 carpenta,
1002 2828 1127 2884 porsena
1154 2811 1266 2868 lmueu
1287 2813 1316 2866 et
1338 2809 1497 2868 absalom:
1519 2810 1721 2884 cognationem
1747 2825 1827 2878 vere,

119 2902 280 2973 divisitque
294 2899 396 2957 cultris
410 2903 439 2954 et
448 2898 614 2956 transduxit
635 2899 665 2954 in
688 2905 757 2973 typo
782 2904 920 2956 laterum.
933 2921 947 2950 ιι
1002 2919 1065 2976 que
1081 2900 1262 2958 consurrexit
1273 2900 1413 2957 adversus
1428 2899 1522 2957 lilium
1541 2917 1640 2968 suum,
1657 2900 1686 2956 in
1703 2915 1827 2973 persone

119 2990 248 3048 serravit
263 2989 342 3048 enim
356 3003 406 3046 eos
422 2988 537 3045 terratis
551 2988 707 3060 carpentis,
723 2995 753 3044 et
766 2987 865 3045 divisit
884 2988 947 3045 oul-
1002 2997 1172 3048 ceterorum
1187 2988 1317 3046 filiorum
1332 2989 1434 3046 David.

122 3080 189 3147 tris,
207 3079 283 3138 sicut
297 3076 502 3138 latoresdisidi
515 3078 619 3149 solent,
633 3077 684 3150 qui
695 3094 730 3134 ex
741 3077 833 3151 paleis
846 3083 875 3134 et
886 3078 948 3136 luto
1038 3081 1129 3153 (Vere.
1143 3079 1183 3152 9.)
1196 3102 1210 3130 ιι
1228 3079 1259 3134 ln
1284 3095 1341 3146 mc,
1370 3077 1487 3135 domino
1518 3079 1557 3134 mi
1578 3095 1637 3145 rex,
1666 3077 1824 3150 iniquitas:

120 3169 328 3226 conficiuntur.
963 3142 985 3211 G
1002 3177 1032 3228 et
1046 3171 1075 3227 in
1090 3171 1177 3226 domo
1191 3167 1283 3241 putris
1299 3167 1377 3224 mei:
1394 3185 1444 3224 roa
1458 3172 1566 3238 autem,
1581 3173 1610 3224 et
1623 3167 1748 3223 thronus
1763 3166 1828 3237 ejus

159 3261 240 3330 (Cap.
257 3255 480 3314 xiil-Vera
496 3255 553 3328 37.)
567 3279 581 3307 ιι
593 3255 681 3312 Ροιιο
694 3254 821 3314 Abselen
833 3257 949 3330 tugiam
1003 3261 1040 3318 sit
1068 3261 1217 3316 innocens.
1248 3258 1317 3313 »Ae
1346 3255 1370 3312 si
1400 3252 1830 3330 diceret,proeoquodulter.

121 3347 243 3408 abiitad
264 3344 398 3403 Thelmei
413 3343 507 3402 lilium
522 3344 719 3416 Amiburtms.
735 3345 834 3416 Amul)
850 3363 949 3419 regem
1003 3349 1082 3404 lilius
1098 3363 1182 3405 meus
1192 3344 1522 3404 consurrexitadrersus
1536 3345 1672 3402 alterum:
1687 3344 1718 3401 in
1734 3361 1781 3401 me
1791 3343 1832 3416 sit

122 3439 244 3494 Gessur.
263 3458 278 3486 ιι
292 3433 424 3492 'tholmai
437 3438 514 3507 peter
533 3433 590 3490 luit
603 3433 722 3492 Moscha
737 3434 839 3490 matris
857 3436 949 3492 Absa-
1003 3437 1155 3509 iniquitas,
1170 3436 1197 3492 ai
1212 3440 1310 3494 tamen
1325 3434 1424 3507 alique
1438 3451 1502 3492 esse
1517 3435 1612 3491 debet.
1629 3434 1659 3490 ln
1674 3439 1704 3491 te
1718 3439 1828 3498 autem.

123 3527 197 3592 lom,
213 3540 301 3597 quem
316 3523 418 3579 dicunt
432 3522 543 3578 Hebroei
555 3539 572 3578 a
583 3522 673 3579 David
685 3523 713 3578 in
723 3522 821 3597 prelio
834 3515 949 3596 captam
1004 3545 1020 3583 u
1035 3541 1084 3582 rea
1094 3523 1196 3590 David,
1213 3522 1294 3578 nulla
1308 3523 1347 3578 sit
1360 3522 1516 3594 iniquitas:
1533 3523 1603 3594 quie
1619 3523 1728 3595 absque
1742 3521 1830 3594 culpa

123 3619 154 3671 et
166 3613 291 3670 casaria
306 3617 335 3668 et
363 3611 513 3685 unguibus
527 3610 667 3683 precisis,
678 3611 840 3668 secundum
855 3611 949 3684 legem
1004 3631 1045 3679 es,
1061 3629 1094 3670 eo
1109 3610 1187 3684 quod
1202 3609 1341 3667 absalem
1356 3616 1472 3666 amnon
1488 3610 1610 3682 dignum
1626 3613 1721 3666 morte
1740 3607 1830 3664 inter·

123 3704 212 3774 (Dent.
228 3719 287 3771 xxi,
301 3700 397 3771 40-13)
413 3716 478 3758 eam
494 3716 614 3760 uxorem
639 3699 695 3756 sibi
720 3699 810 3758 David
841 3699 950 3757 socias-
1004 3703 1080 3760 iecit.
1096 3703 1130 3758 lit
1144 3701 1222 3756 sicut
1235 3715 1288 3773 ego
1303 3698 1415 3770 absque
1429 3696 1516 3770 eulpa
1530 3714 1596 3754 sum
1621 3713 1673 3770 pro
1688 3713 1722 3753 eo
1748 3694 1827 3767 quod

123 3809 157 3849 se
172 3795 201 3848 et
214 3807 249 3848 ex
262 3807 297 3848 ea
309 3803 465 3864 generasse
478 3789 607 3848 Thamar
616 3792 645 3846 et
657 3788 796 3846 absalom
812 3789 849 3861 (ll
875 3790 947 3861 Rep:
1005 3795 1063 3850 duo
1079 3789 1131 3847 tilii
1147 3789 1204 3846 mei
1221 3788 1465 3844 consurrexerunt
1492 3785 1525 3859 (J)
1553 3785 1708 3844 adversum
1733 3801 1776 3852 se,
1801 3787 1831 3842 et

123 3897 168 3938 111.
185 3884 219 3950 ³3
234 3882 248 3936 l
262 3879 357 3938 Paret.
368 3895 410 3947 111,
426 3878 453 3950 2)
966 3942 974 3952 ⁸
1005 3881 1176 3938 interiectus
1191 3881 1236 3935 est
1249 3875 1325 3934 alter
1347 3876 1383 3934 ab
1408 3873 1516 3932 altero:
1532 3875 1573 3933 ita
1602 3879 1630 3931 ct
1657 3878 1690 3931 tu
1718 3873 1832 3945 absque

162 3969 258 4042 (vers.
269 3967 327 4040 39.)
343 3990 358 4019 a
373 3966 502 4026 Gessarit
516 3968 616 4041 itaque
630 3967 722 4025 David
738 3985 788 4026 rex
817 3969 951 4041 persequi
1006 3970 1093 4043 culpa
1106 3985 1148 4037 es,
1162 3985 1214 4042 pro
1228 3983 1261 4024 eo
1276 3965 1356 4040 quod
1370 3963 1509 4022 Absdom
1529 3969 1558 4022 et
1571 3966 1686 4024 Amnon
1708 3962 1834 4036 dignum

123 4057 273 4116 absalom.
286 4079 300 4108 ιι
318 4057 348 4112 ln
359 4056 478 4116 liebree
493 4055 621 4130 legitur:
639 4079 652 4108 ιι
668 4057 906 4131 cessavititaque
917 4059 952 4131 (ι)
1006 4064 1099 4118 morte
1110 4056 1263 4114 interiecit.

124 4147 217 4206 Dauid
234 4163 282 4204 rex
297 4145 375 4204 exire
388 4150 457 4217 pest
470 4144 620 4219 abadon,
630 4169 644 4197 ιι
660 4145 793 4207 Voluisse
803 4146 882 4203 idem
899 4153 952 4204 tta·
1043 4147 1135 4222 (vers.
1159 4149 1215 4214 ll.)
1231 4167 1245 4198 ιι
1262 4147 1330 4212 Qun
1358 4143 1415 4201 eit:
1446 4143 1624 4200 Reeordotur
1649 4158 1699 4199 rea
1713 4137 1832 4200 Domini

123 4238 173 4295 rid
189 4237 267 4294 exire
281 4235 462 4309 perhibetur,
492 4238 525 4290 ut
547 4235 698 4294 reduceret
719 4235 870 4294 absalom.
897 4237 952 4294 Sed
1008 4238 1126 4306 Deisui,
1143 4241 1247 4292 utnon
1263 4232 1498 4308 multiplicentur
1525 4231 1649 4305 pmaimi
1675 4228 1830 4304 sanguinis

126 4329 310 4401 pertractans
325 4325 355 4382 iu
380 4323 466 4381 corde
481 4339 546 4393 suu,
567 4324 644 4397 qued
661 4324 774 4397 quoties
797 4342 864 4385 eum
879 4326 955 4384 vide·
1009 4329 1044 4386 ad
1061 4325 1274 4393 ulciscendum,
1289 4328 1318 4382 et
1334 4337 1520 4394 nequaquam
1536 4321 1711 4378 interficient
1739 4317 1835 4378 silium

126 4421 181 4482 nst,
193 4415 279 4472 toties
295 4412 426 4470 dolorem
442 4413 545 4474 mortis
556 4414 671 4472 Amnon
686 4413 712 4470 ei
728 4413 764 4470 ad
782 4415 954 4473 memoriam
1009 4433 1119 4474 meum.
1133 4437 1147 4468 ιι
1164 4413 1334 4472 Recordatio
1349 4411 1396 4468 hic
1411 4427 1461 4483 pro
1472 4412 1641 4484 juramento
1656 4410 1753 4483 posita
1778 4412 1833 4468 ost.

128 4505 290 4572 reduceret,
307 4501 415 4560 idcireo
430 4502 664 4562 cessaredicitur
678 4501 755 4560 exire
784 4507 850 4577 post
861 4505 954 4562 Absa-
970 4510 994 4576 Ι)
1009 4509 1047 4564 Ac
1063 4505 1088 4561 si
1104 4504 1230 4560 diceret:
1252 4502 1432 4559 Recordetur
1459 4517 1508 4558 rex
1536 4498 1740 4572 promissionis
1763 4513 1835 4564 sira,

125 4593 203 4652 lum:
221 4592 408 4658 subauditur,
435 4596 469 4648 ut
492 4607 560 4648 cum
585 4593 621 4647 ed
650 4592 769 4664 proprie
798 4600 959 4655 revocaret.
1015 4595 1074 4652 ime
1087 4590 1246 4666 juramenti
1262 4589 1318 4657 sui,
1332 4607 1390 4662 quo
1406 4588 1478 4646 mihi
1494 4607 1546 4662 por
1561 4589 1716 4646 Dominum
1743 4587 1837 4644 Deum

127 4681 211 4750 Quod
228 4697 293 4738 vero
308 4680 367 4740 eit:
384 4703 398 4731 ιι
415 4679 454 4736 lio
468 4680 547 4752 quod
569 4678 740 4738 consolatus
773 4687 851 4740 esset
872 4701 962 4759 super
1015 4699 1103 4742 suum
1119 4679 1267 4755 pollicitus
1279 4684 1334 4748 est,
1350 4683 1382 4735 ut
1398 4696 1456 4735 nen
1471 4675 1838 4752 multiplicenturproximp

125 4769 415 4837 Amneninteritu,»
444 4767 669 4842 intelligendum
697 4775 751 4842 est,
785 4771 856 4844 quia
878 4779 961 4847 post·
1016 4769 1446 4846 sangrrinisedulciscoudum.

125 4875 216 4934 quem
233 4858 414 4916 noluitexire
428 4857 655 4930 postAbselom,
671 4859 867 4919 utreduoeret
881 4879 963 4940 oum,
1052 4863 1145 4931 (Vere.
1174 4859 1229 4930 13.)
1245 4881 1257 4910 ιι
1276 4857 1410 4930 Dixitque
1440 4855 1562 4912 mulier:
1587 4855 1681 4920 Quare
1706 4852 1842 4928 cogifflll

127 4949 322 5007 strideretur
349 4948 445 5018 eboc,
463 4947 551 5019 coepit
578 4948 723 5004 consolari
753 4965 843 5022 super
868 4959 962 5009 morte
1017 4947 1184 5009 istiusmodi
1198 4963 1258 5004 rem
1275 4953 1376 5006 eontra
1404 4946 1546 5019 populum
1570 4944 1641 5002 llei‘l
1667 4943 1701 5000 Et
1725 4942 1843 5012 locutus

127 5042 256 5096 Amnon.
273 5037 419 5102 Quamdiu
434 5036 512 5092 euim
529 5036 688 5108 putabatur
715 5035 792 5094 idem
822 5041 961 5098 absalom
1017 5045 1062 5099 est
1076 5055 1126 5095 rex
1137 5037 1258 5094 verbum
1275 5035 1352 5092 istud
1368 5040 1401 5092 ut
1415 5040 1513 5108 peccet
1527 5041 1560 5091 ut
1574 5050 1632 5090 uon
1651 5032 1771 5089 reducet
1785 5032 1842 5104 eje!

168 5193 176 5228 ¹
196 5189 240 5246 lte
258 5186 361 5262 legunt
373 5187 487 5245 codices
503 5203 587 5256 mss.;
604 5186 673 5243 editi
688 5205 755 5245 vere
769 5190 887 5248 dedidio.
902 5193 976 5260 Quid
993 5192 1032 5250 sit
1046 5195 1170 5248 Memaer
1185 5187 1251 5244 vide
1261 5187 1378 5244 Denter.
1395 5203 1477 5256 axin,
1514 5228 1520 5242 .

165 5333 206 5416 (ci
222 5332 253 5386 ln
269 5347 333 5387 meo
349 5347 405 5387 ms.
438 5334 470 5386 ut
499 5331 647 5401 ambros,
677 5331 813 5396 illidium:
843 5334 954 5392 liuban.
1046 5334 1084 5478 qd)
1100 5331 1249 5396 Martiam,
1265 5346 1316 5400 per
1330 5330 1470 5386 Atratum.
1755 5399 1760 5412 υ
1823 5399 1828 5414 .

127 5403 245 5461 ididam.
1058 5407 1083 5476 e)
1102 5403 1185 5476 Apud
1202 5403 1327 5460 italien..
1346 5404 1464 5458 Petatur
1479 5407 1571 5458 aetem
1593 5399 1626 5457 ab
1651 5399 1772 5458 Delirare
1798 5415 1842 5456 vt·

166 5477 207 5542 lo)
223 5474 347 5540 liuban,
361 5483 427 5536 tunc
441 5475 545 5531 auteur
559 5474 700 5530 scribitur.
1010 5479 1079 5544 dae,
1097 5481 1152 5530 etc.

165 5529 202 5621 lot
218 5549 316 5621 ipsum
330 5547 417 5604 Dauid
429 5562 533 5602 neuma
549 5545 578 5602 iu
596 5563 660 5602 mco
676 5563 730 5604 ms.
746 5553 775 5606 et

127 5621 244 5679 benum
260 5617 290 5675 in
307 5617 426 5676 Hebraeo
442 5634 499 5674 non
510 5616 611 5678 haberi
622 5618 747 5692 dicitur,
764 5565 956 5687 lalaetameu.
1012 5627 1064 5680 tros
1078 5620 1151 5678 inter
1164 5559 1399 5692 secundinarum.

300 5747 434 5816 Person.
460 5743 573 5814 xxltt.
1647 5740 1687 5815 st

810 5565 879 5608 oues
903 5549 958 5609 lte·
1048 5543 1255 5622 (s)Prol1isle
1277 5543 1619 5620 itltaban.,leeoqaed
1646 5543 1795 5616 illiricos
1827 5567 1840 5582 ·
