4078 6162
159 291 218 354 'liti

779 289 812 351 S.
835 287 991 354 EUSEBll
1012 287 1246 352 lllEllONYlll.

1798 286 1861 346 '1¹6

158 422 252 497 priani
267 426 296 478 et
310 419 451 478 Africanae
467 399 569 496 synodi
584 422 690 496 dogma
714 422 899 478 consentiens
910 423 930 488 ¹,
946 422 982 476 ds
996 424 1022 488 Α
1037 424 1085 474 τοῦ
1104 424 1256 496 Κυπριανοῖι
1281 418 1326 473 καὶ
1345 424 1395 487 τῆς
1416 419 1548 496 Ἀφρικῆς
1572 413 1684 473 συνόδου
1714 419 1860 484 σοναινιῖιν,

158 511 302 567 hereticis
316 511 544 582 rebaptizandis,
556 511 591 567 ad
607 511 737 568 diversos
748 508 891 582 plurimas
902 509 984 565 misit

159 598 308 672 epistolas,
321 617 386 672 quae
401 616 495 672 usque
511 600 595 656 bodie
611 605 775 668 exstant,et
788 601 823 656 sd
842 599 983 654 Eubium²

161 689 348 746 Antiocheae
363 687 445 746 urbis
460 689 629 762 episcopum
645 687 763 762 scripsit
785 683 824 743 de'
841 687 982 760 poeniten·

161 779 212 846 tia,
228 782 257 834 et
271 778 307 834 ad
324 778 471 834 Romanos
495 795 547 850 per
570 777 757 851 Hippolytum
783 777 924 833 alterum:
946 776 982 832 ud

162 869 238 927 θθθ
267 865 400 940 Xystum,
434 866 485 938 qui
516 865 664 939 Stephano
690 870 881 934 successerat,
909 865 983 921 dues

160 955 331 1031 epistolas³,
349 959 377 1011 et
399 956 435 1012 ad
461 953 661 1012 Philemonem
687 961 715 1012 st
739 957 775 1011 ad
802 952 983 1028 Dionysium,

165 1047 300 1102 Romane
316 1043 449 1100 Ecclesiae
474 1044 669 1118 presbyteros,
685 1044 759 1100 diras
783 1042 931 1116 epistolas,
956 1047 985 1098 et

162 1136 198 1192 ad
214 1133 350 1190 eumdem
368 1132 548 1204 Dionysium,
575 1137 676 1206 postca
691 1133 788 1189 liomre
803 1133 983 1204 episcopum,

162 1225 191 1279 et
204 1223 241 1279 ad
256 1221 449 1278 Novatiauum
461 1221 665 1288 ‘causantem
678 1221 756 1292 quod
768 1221 876 1277 invitus
887 1221 985 1276 Rome

162 1312 317 1384 episcopus
354 1309 508 1366 ordinatus
537 1314 626 1374 esset,
663 1312 749 1381 cujus
777 1309 906 1382 epistole
930 1309 986 1364 hoc

162 1399 312 1457 exordium
329 1399 411 1454 esti:
428 1421 441 1448 ο
459 1397 615 1469 Dionysius
630 1398 789 1454 Novatinno
810 1397 891 1453 tratri
907 1396 986 1452 solu·

163 1495 234 1546 tem.
250 1489 278 1544 Si
293 1487 412 1558 invitus,
438 1493 471 1542 ut
493 1486 577 1555 dicis,
605 1487 757 1543 ordinatus
778 1503 820 1555 os,
836 1486 985 1559 probabis,

164 1596 231 1636 cum
242 1576 342 1634 volens
353 1575 535 1632 secesseds‘.
546 1575 618 1631 Nem
632 1575 761 1648 oportuit
770 1575 887 1648 quidvis
898 1577 986 1630 ctiam

164 1667 219 1724 hac
233 1665 328 1740 gratio
341 1664 464 1738 perpeti,
480 1681 516 1720 ne
541 1664 754 1721 discinderetur
778 1663 905 1720 Ecclesia
926 1664 987 1720 Dei.

164 1758 263 1829 Neque
279 1754 379 1810 minus
394 1752 565 1826 praclarum
589 1769 624 1809 ex
648 1752 702 1810 hoe
721 1753 892 1824 contigisset
905 1753 987 1808 teeti·
1004 1793 1028 1856 B

165 1845 309 1910 monium,
321 1842 398 1916 quod
410 1841 555 1898 noluisses
571 1840 729 1898 dissidium
740 1840 887 1907 inducere,
900 1857 989 1913 quam

165 1931 310 2008 proticisci
325 1930 400 1988 solet
414 1946 448 1986 ex
462 1946 495 1986 eo
514 1932 535 1998 ⁷,
550 1930 576 1986 si
603 1929 670 2002 quis
696 1934 809 1987 recuset
823 1927 990 1986 simulacris

164 2021 328 2087 immolare,
357 2023 444 2093 atque
472 2019 544 2076 adeo
582 2019 750 2092 praeclurius
788 2019 887 2088 etiam,
926 2033 989 2074 mea

165 2111 285 2185 quidem
300 2109 455 2176 sententia,
482 2108 629 2180 siquidem
658 2107 717 2164 illic
738 2107 788 2163 uni
809 2108 991 2180 proprieque

166 2199 331 2258 consulitur
354 2198 471 2269 enimse,
493 2197 542 2253 hic
564 2196 654 2253 totius
678 2196 812 2254 Ecclesie
841 2198 990 2270 negotium

166 2289 273 2362 egitur.
298 2286 427 2344 Tametsi
453 2301 530 2342 nunc
559 2301 676 2357 quoquo
704 2286 729 2342 si
759 2285 949 2358 persuaseris,
965 2284 991 2340 si

166 2375 346 2451 compuleris
360 2375 464 2432 fratres
479 2374 508 2430 in
524 2374 709 2432 concordium
725 2375 830 2442 redire,
847 2374 914 2447 plus
929 2389 993 2447 ege·

167 2467 209 2524 ris
224 2465 330 2534 cilicio,
347 2480 436 2537 quam
449 2464 579 2538 peccaris
591 2466 795 2536 erratoatque
804 2463 859 2521 hoc
871 2463 991 2536 quidem

168 2556 247 2613 heud
272 2553 477 2627 imputabitur,
507 2552 578 2609 illud
607 2569 674 2610 vero
709 2551 846 2608 laudibus
873 2553 991 2609 seretur.

169 2645 310 2700 Caeterum
321 2642 346 2698 si
362 2659 419 2698 uon
435 2641 704 2713 obtemperantibus
725 2641 784 2698 illis
800 2642 899 2698 miuus
913 2657 992 2698 asse-

169 2731 270 2805 queris
286 2729 363 2804 quod
378 2730 434 2799 vis,
449 2737 548 2786 temen
559 2730 603 2786 iac
616 2730 711 2787 modis
721 2730 858 2786 omnibus
869 2733 901 2786 ut
911 2735 992 2786 tuam

172 2822 266 2896 ipsius
292 2835 390 2878 serves
414 2819 554 2876 animam.
571 2843 585 2870 ι
602 2819 653 2875 Est
668 2819 732 2891 ejus
747 2819 782 2876 ad
799 2819 994 2892 θῖοιιγαίιιιιι8

168 2915 197 2968 et
221 2912 258 2966 ad
282 2910 439 2983 Didymum
467 2908 557 2965 altera
579 2907 712 2979 epistola,
728 2913 756 2964 et
775 2907 943 2982 ἑορταστικαὶ
959 2909 994 2964 de

172 3001 283 3058 Psschu
295 2997 440 3072 plurimas,
451 2994 658 3053 declamatorio
670 3012 803 3052 sermono
813 2997 993 3069 conscriptes,

172 3096 201 3146 ct
224 3089 261 3146 sd
285 3086 510 3145 Alexandrinam
535 3084 693 3141 Ecclesiam
720 3086 756 3141 de
783 3084 899 3156 Exsilio,
916 3086 993 3143 etad

1036 510 1098 584 περὶ
1128 510 1268 585 αίρετικων
1299 502 1627 580 ἀναύαπτισθησομένων,
1655 503 1763 567 πολλὰς
1790 505 1861 580 πρὸς

1037 595 1183 675 διαφόρους
1213 594 1368 650 ἀπέστειλεν
1396 595 1552 664 ἐπιστολαῖς,
1581 598 1629 656 τὰς
1656 595 1701 649 καὶ
1725 591 1790 669 ἄχρι
1811 597 1864 648 τοῦ

1037 686 1171 761 παρόντος
1196 685 1404 761 τυγχανούσας·
1429 685 1473 739 καί
1498 685 1567 759 πρὸς
1587 679 1741 738 Φλαδιανὸν
1757 679 1784 736 δέ
1799 687 1863 736 Ἀν-

1037 775 1159 851 τιοχείας
1175 773 1320 830 ἐπίσκοπον
1349 775 1448 851 γράφει
1470 774 1532 847 περὶ
1558 772 1711 847 μετανοίας,
1733 773 1865 847 καὶπρὸς

1035 863 1187 936 Ῥωμαίους
1217 860 1261 918 διὰ
1287 860 1448 918 Ἱππολύτου
1469 861 1571 937 έτέραν,
1591 863 1636 916 καὶ
1665 862 1733 937 πρὸς
1756 859 1865 914 Ξύστον

1039 950 1228 1026 διαδεξάμενον
1259 955 1393 1030 Στέφανον
1428 955 1505 1010 010
1535 948 1681 1012 ἐπιστολὰς
1710 947 1769 1019 δύο,
1793 950 1867 1024 πρὸς

1039 1044 1188 1115 Φιλήμονα
1201 1042 1245 1095 καὶ
1278 1039 1415 1095 Διονύσιον
1450 1048 1500 1109 τῆς
1534 1039 1559 1094 έν
1579 1041 1670 1113 Ῥώμῃ
1697 1036 1867 1107 Ἐκκλησίας

1039 1125 1238 1206 πρεσύυτέροος
1273 1127 1418 1190 ἐπιστολαῖς
1448 1127 1506 1198 δύο,
1536 1129 1581 1183 καὶ
1610 1129 1679 1205 πρὸς
1711 1129 1756 1183 τὸν
1782 1126 1866 1182 αὑτὸν

1040 1217 1203 1290 Διονύσιον,
1229 1218 1337 1294 ὕστερον
1377 1218 1486 1290 Ῥώμης
1521 1216 1691 1289 ἐπίσκοπον,
1720 1216 1765 1272 καὶ
1794 1217 1866 1291 πρὸς

1040 1302 1213 1362 Νωδατιανὸν
1230 1307 1401 1380 αἰτιώμενον,
1428 1307 1465 1368 ὡς
1486 1305 1556 1361 ἄκων
1579 1307 1605 1361 έν
1627 1310 1662 1380 τῇ
1683 1305 1775 1379 Ῥώμη
1792 1305 1868 1382 ἔχει·

1041 1399 1174 1473 ροτοιήθη
1191 1395 1348 1468 ἐπίσκοπος,
1375 1399 1483 1464 ἧστινος
1504 1393 1652 1465 ἐπιπολῆς
1669 1395 1700 1449 τὸ
1716 1394 1866 1471 προοίμιον

1041 1482 1099 1562 ’ἔχει
1119 1485 1206 1547 οὕτως
1223 1505 1228 1516 ·
1248 1510 1261 1535 u
1291 1484 1429 1548 Διονύσιος
1459 1482 1662 1560 Ἀλεξανδρείας
1684 1480 1865 1556 Νωὸατιανῷ.

1042 1571 1072 1626 Ei
1090 1569 1172 1640 ἄκων,
1196 1572 1234 1634 ὡς
1258 1571 1323 1647 ιρῂς,
1342 1569 1445 1646 ἤγθης,
1470 1569 1557 1645 δείξης
1579 1572 1760 1647 ἀναχωρήσας
1783 1573 1867 1629 ἑκών.

1041 1658 1115 1715 Ἐδει
1133 1660 1180 1734 μέν
1201 1661 1252 1736 γὰρ
1276 1661 1321 1715 καί
1345 1667 1397 1716 πᾶν
1422 1662 1511 1716 dcto-iu
1537 1662 1641 1730 παθεῖν,
1664 1661 1730 1737 ὑπέρ
1753 1666 1801 1715 τοῦ
1825 1664 1865 1735 μὴ

1043 1747 1170 1823 διακόψαι
1192 1750 1242 1819 τὴν
1269 1747 1431 1819 Ἐκκλησίαν
1455 1754 1503 1803 τοῦ
1523 1755 1600 1820 θεοῦ,
1616 1751 1662 1804 καὶ
1681 1751 1713 1819 ἦν
1737 1748 1865 1806 ούκᾶδο-

1043 1839 1138 1915 ξοτέρα
1151 1845 1202 1908 τῆς
1221 1835 1309 1894 ένεκεν
1323 1842 1372 1893 τοιῖ
1390 1840 1428 1911 μὴ
1454 1836 1689 1914 είδωλολατρῆσαι
1706 1841 1864 1914 γινομένης,

1042 1924 1161 1997 ηένεκεν
1189 1931 1237 1982 τοῦ
1266 1929 1303 2000 μὴ
1335 1927 1427 2004 σγίσαι
1458 1928 1601 2004 μαρτυρία,
1617 1929 1675 1983 κατ’
1705 1927 1751 2001 ἐμὲ
1774 1925 1862 1982 δὲκαὶ

1046 2017 1154 2091 μείζων.
1171 2017 1244 2071 Ἐκεῖ
1260 2017 1307 2089 μέν
1328 2017 1379 2092 γὰρ
1397 2017 1462 2092 ὑπὲρ
1478 2022 1542 2090 μιᾶς
1564 2023 1614 2086 τῆς
1641 2017 1736 2072 ἑαυτοῦ
1757 2019 1862 2094 ψυχῆς,

1044 2107 1156 2162 ἐνταῦθα
1184 2103 1213 2160 δέ
1233 2106 1299 2180 ὑπὲρ
1328 2103 1397 2176 ὅλης
1426 2113 1476 2176 τῆς
1506 2103 1679 2177 Ἐκκλησίας·
1699 2109 1744 2162 καὶ
1765 2113 1812 2164 νῦν
1837 2105 1867 2164 δέ

1044 2196 1067 2250 εἱ
1087 2194 1204 2264 πείσαις,
1224 2195 1270 2249 καὶ
1290 2194 1312 2249 εί
1344 2195 1450 2268 βιασαις
1478 2195 1542 2257 τοὺς
1570 2192 1704 2274 ἀδελφοὺς
1732 2196 1771 2260 εἷς
1798 2198 1812 2252 δ
1837 2196 1865 2254 ό-

1043 2305 1118 2339 νοιαν
1135 2281 1234 2353 ἐλθεῖν,
1257 2288 1348 2356 μεῖζον
1366 2279 1439 2338 ἔσται
1455 2304 1497 2338 σοι
1511 2289 1559 2338 τοῦ
1583 2282 1743 2362 σφάλματος
1756 2287 1789 2340 τὸ
1802 2307 1866 2342 κατ-

1045 2373 1166 2448 όρθωμα.
1184 2371 1234 2426 Καὶ
1248 2373 1279 2427 τὸ
1301 2373 1348 2445 μὲν
1371 2371 1401 2427 ού
1425 2370 1628 2447 λογισθήσεται,
1653 2374 1684 2429 τὸ
1711 2372 1740 2429 ut
1764 2373 1867 2432 ἐπαινε-

1045 2464 1164 2534 θήσεται.
1182 2461 1213 2516 El
1230 2459 1259 2516 δέ
1278 2460 1459 2516 ἀπειθούντων
1484 2459 1655 2536 ἀδυνατοίης,
1683 2463 1776 2534 σώξων
1798 2469 1868 2534 σῶζε

1045 2553 1094 2621 τὴν
1132 2549 1226 2605 ἑαυτοῦ
1256 2552 1358 2626 ψυχήν,
1377 2573 1391 2600 ο
1407 2553 1496 2604 Ἔστιν
1523 2549 1603 2605 αὐτοῦ
1633 2551 1701 2627 πρὸς
1730 2552 1867 2609 Διονύσιον

1045 2639 1091 2694 καί
1115 2635 1232 2713 Δίδυμον
1262 2635 1334 2707 ἂλλη
1365 2636 1508 2708 ἐπιστολὴ,
1534 2639 1579 2693 καὶ
1610 2640 1779 2716 ἑορταστικαί
1807 2644 1868 2720 περὶ

1045 2732 1094 2784 τοῦ
1111 2729 1207 2803 θαίσχα
1221 2724 1336 2798 πολλαὶ,
1357 2724 1448 2801 λόγων
1470 2728 1570 2803 κρίτος
1590 2723 1711 2805 έχοοσαι,
1736 2731 1868 2807 καὶπρὸς

1047 2819 1096 2886 τὴν
1126 2813 1324 2892 Ἀλεξανδρέων
1355 2814 1518 2887 Ἐκκλησίαν
1559 2818 1620 2891 περὶ
1659 2819 1805 2896 Ἐξορίας,
1825 2823 1867 2876 καί

1047 2907 1116 2982 πρὸς
1139 2906 1243 2981 Ἰέρακα
1272 2903 1411 2980 Αἰγύπτου
1441 2905 1605 2976 ἐπίσκοπον,
1632 2907 1677 2962 καὶ
1706 2906 1779 2979 tilis,
1808 2911 1868 2988 περὶ

1049 2997 1175 3064 Θνησεως
1203 2994 1248 3048 καί
1278 2988 1436 3065 Σαδύάτου,
1464 2995 1510 3049 καὶ
1538 2997 1599 3072 περίΙ
1632 2997 1796 3071 Γυμνασίου,
1826 3001 1869 3055 καί

1049 3084 1117 3158 πρὸς
1129 3084 1326 3156 Ἐρμάμμωνα,
1357 3084 1402 3137 καὶ
1432 3081 1503 3154 ἄλλη
1529 3086 1590 3161 περὶ
1613 3091 1742 3162 Διωγμοῡ
1765 3089 1870 3160 Δεκίου,

172 3177 344 3234 Hieracam⁹
363 3175 392 3230 ln
417 3175 537 3248 AEgyplo
552 3173 734 3246 episcopum,
750 3178 778 3230 et
801 3173 857 3229 ulia
871 3175 907 3230 de
922 3178 994 3232 llor-
1010 3157 1031 3225 C
1050 3172 1096 3228 καί
1116 3169 1164 3226 δύο
1180 3169 1260 3246 λόγοι
1275 3173 1342 3226 κατὰ
1366 3173 1493 3234 Νέπωτος
1516 3173 1662 3228 ἐπισκόπου
1683 3179 1731 3230 τοῦ
1751 3195 1870 3253 συγγρα-

212 3296 494 3371 ¹Eerusepistolis‚
506 3313 580 3369 quus
590 3297 638 3352 hic
650 3296 726 3353 Hier.
736 3297 847 3362 laudat,
863 3298 942 3354 baud
958 3299 998 3354 its

178 3370 415 3428 constituendum
432 3369 575 3434 videntur,
609 3367 755 3440 siquidem
786 3369 906 3426 minime
930 3370 996 3434 sibi,

178 3443 228 3498 sed
240 3438 305 3498 aliis
315 3439 470 3514 episcopis,
484 3439 681 3511 Cappadociae,
692 3439 797 3496 Cilicio}
813 3441 996 3512 aliorumque

176 3511 710 3588 provinciarum,tradit,Atricenorum
720 3514 894 3568 sententiam
907 3513 997 3568 luisse

175 3589 335 3712 acceptam.
360 3583 496 3649 Quinimo
525 3583 610 3667 epist.
635 3583 671 3638 ud
687 3582 798 3638 sixtum
815 3587 894 3655 pont.
911 3584 995 3666 ltorn3

174 3675 243 3786 sti
259 3655 647 3785 .l⁰rtb.th⁰s.lszt⁶i
661 3655 995 3795 {stertisset}

172 3805 237 3856 tum
253 3816 284 3855 se
299 3799 361 3865 diu,
375 3803 408 3853 ut
423 3813 489 3853 eum
506 3796 602 3852 denuo
616 3796 787 3870 baptizaret.
803 3797 881 3878 quod
897 3802 994 3854 tamon

170 3871 204 3926 dc
220 3873 324 3940 iuthro
350 3885 482 3925 renouare
505 3884 562 3924 noc
582 3884 666 3924 ausos
688 3870 731 3924 sit.
758 3868 799 3924 ita
812 3886 840 3924 ια
857 3868 916 3936 illa,
931 3885 994 3940 quse

171 3945 217 3996 est
244 3941 280 3996 ad
309 3938 508 3995 Philemonem
546 3937 625 4012 Xysti
663 3940 876 4011 presbyterum,
917 3940 993 4022 apud

171 4011 290 4079 Euseb,
307 4009 357 4066 ubi
371 4010 407 4067 rio
430 4009 590 4067 heresibus
619 4009 810 4066 interlocutus
825 4011 993 4083 Dionysius,

172 4097 203 4138 se
217 4080 349 4154 singulos
360 4080 510 4138 hereticos
523 4081 559 4136 od
569 4079 726 4138 Ecclesiam
738 4082 896 4149 venientes,
913 4081 993 4137 nollo

172 4153 291 4209 illorum
311 4151 457 4224 baptismo
478 4151 592 4220 iterato,
619 4153 744 4208 heracleo
769 4152 930 4209 decessoris
946 4153 993 4208 sui

170 4223 313 4297 exemplo,
329 4224 494 4297 suscepisse
508 4223 645 4280 declaret.
661 4229 783 4280 hemum
795 4223 894 4280 miruri
907 4241 938 4278 sc
953 4224 994 4278 ait

171 4297 297 4353 basilius
325 4296 461 4352 Caesareas
489 4295 585 4368 episco
609 4312 654 4362 us,
683 4295 769 4366 epist.
793 4293 932 4350 cononice
956 4295 991 4350 ad

166 4367 350 4440 amphiloch.
366 4384 429 4440 cap.
445 4369 472 4430 5.
488 4367 566 4438 quod
588 4311 796 4421 liereticorum
812 4365 991 4437 baptismum

168 4439 325 4510 Dionysius
340 4440 511 4511 susciperet,
541 4443 570 4492 et
586 4453 637 4492 noc
664 4435 746 4491 illum
764 4437 882 4508 quidem
899 4436 991 4510 Pepo-

1053 3295 1096 3350 ἐὰν
1113 3296 1294 3370 ἀνα-χωρήοης
1319 3296 1385 3350 έκών
1410 3292 1484 3350 ’ἔδει
1503 3297 1550 3370 μέν
1564 3299 1615 3373 γὰρ
1639 3300 1684 3353 καὶ
1704 3305 1754 3354 πᾶν
1782 3301 1873 3358 ὁτιοῦν

1052 3369 1144 3422 παθεῖν
1171 3368 1235 3443 ὑπὲρ
1255 3371 1302 3420 τοῦ
1334 3369 1371 3458 μὴ
1402 3365 1528 3442 διακόψαι
1556 3371 1605 3438 τὴν
1633 3368 1796 3439 Ἐκκλησίαν
1828 3381 1876 3430 τοῦ

1052 3442 1137 3495 Θεοῦ.
1173 3441 1221 3492 Καὶ
1251 3439 1283 3507 ἧν
1314 3459 1363 3492 ουκ
1391 3436 1535 3512 ἀδοξοτέρα
1561 3448 1612 3510 τῆς
1639 3439 1726 3497 ένεκεν
1756 3447 1806 3498 τοῦ
1839 3449 1877 3520 μὴ

1053 3507 1299 3585 είδωλολατρεῦσαι
1328 3512 1478 3582 γενομένης
1505 3507 1628 3579 ήένεκεν
1656 3517 1704 3568 τοῦ
1721 3514 1759 3586 μή
1782 3517 1879 3590 σχίσει

1054 3581 1197 3658 μαρτυρία,
1217 3582 1275 3635 κατ’
1297 3578 1344 3654 ἐμὲ
1372 3579 1399 3635 δέ
1427 3582 1535 3655 μείζων.
1558 3584 1630 3637 Ἐκεῖ
1655 3585 1701 3657 μέν
1751 3587 1784 3660 ἄρ
1812 3592 1880 3667 ὑπὲρ

1054 3658 1116 3724 μιᾶς
1131 3659 1181 3722 τῆς
1204 3653 1299 3706 ἑαυτοῦ
1324 3655 1427 3728 ψυχῆς,
1453 3651 1563 3708 ἐνταῦθα
1585 3651 1613 3708 δὲ
1637 3655 1701 3730 ύπέρ
1728 3605 1802 3726 lis:
1828 3669 1882 3732 τῆς

1049 3721 1212 3793 Ἐκκλησίας
1249 3731 1402 3796 μαρτυρεῖ.
1433 3725 1482 3779 Καὶ
1517 3729 1562 3780 νῦν
1597 3722 1626 3780 δέ
1661 3727 1684 3780 εἰ
1712 3727 1829 3786 πείσαιο
1864 3735 1882 3804 ἢ

1051 3795 1158 3862 pitseo
1185 3793 1248 3856 τοὺς
1278 3791 1411 3872 ἀδελφούς
1441 3795 1479 3858 εἰς
1508 3796 1635 3869 ὁμόνοιαν
1657 3797 1756 3870 ἐλθεῖν,
1780 3809 1883 3873 μεῖζον

1049 3862 1123 3920 ἔσται
1153 3887 1195 3920 σοι
1223 3869 1271 3919 τού
1301 3863 1463 3943 σφάλματος
1487 3867 1518 3920 τὸ
1553 3867 1739 3943 κατόρθωμα,
1769 3874 1816 3925 καί
1848 3879 1884 3932 τὸ

1051 3937 1098 4026 μέν
1128 3936 1159 3990 ού
1188 3935 1391 4011 λογισθήσεται,
1418 3938 1449 3992 τδ
1483 3934 1511 3992 δέ
1538 3937 1751 4010 ἐπαινεθήσεται.
1781 3941 1816 3996 El
1848 3943 1883 4004 δὲ

1049 4007 1229 4062 απειθούντων
1255 4004 1427 4078 ἁδυνατοίης,
1459 4010 1552 4078 σώζων
1582 4015 1651 4079 σῶζε
1678 4013 1727 4080 τὴν
1759 4025 1885 4076 σεαυτοῦ

1048 4080 1149 4154 ψυχὴν.
1179 4113 1214 4120 -
1249 4081 1290 4134 Ad
1322 4082 1467 4152 Dionysius
1496 4083 1609 4138 addunt
1637 4083 1760 4155 quidam
1788 4091 1887 4150 codd.

1047 4150 1251 4207 ,theandricae
1275 4153 1434 4224 episcopus,·
1462 4157 1525 4209 tum
1548 4154 1651 4212 vitiose
1682 4159 1792 4228 noster,
1821 4179 1893 4222 cum

1047 4224 1145 4278 notens
1156 4224 1308 4278 recesseris.

1082 4295 1174 4359 ‘Qus
1189 4293 1293 4347 exinde
1308 4299 1473 4365 sequuntur
1498 4293 1590 4364 hujus
1613 4295 1742 4367 epistolis
1758 4304 1894 4364 uncinis

1052 4363 1168 4420 inclusa
1194 4364 1290 4432 verba,
1319 4381 1396 4421 unus
1427 4369 1574 4421 tuntume
1598 4367 1759 4440 codicibus,
1774 4375 1899 4443 quibus

1049 4437 1171 4502 utimur,
1188 4435 1346 4492 Vaticanus
1360 4437 1455 4492 habet
1482 4435 1666 4495 Mortianeeus
1680 4455 1804 4514 quoque
1821 4463 1893 4506 res.

169 4525 307 4565 cenorum
332 4508 863 4580 rc'iceret,quiinPutrcrnetFtliorr.
888 4507 1030 4586 Monta-p
1047 4507 1111 4590 puit
1134 4511 1162 4562 ct
1184 4508 1316 4579 quosdam
1344 4514 1410 4563 aute
1445 4508 1529 4564 iilum
1562 4509 1729 4568 editiones:
1758 4513 1892 4578 Graecus

167 4597 245 4646 num,
268 4525 478 4650 Priscillomque
504 4578 691 4648 baptizabunt.
720 4579 802 4634 Certo
825 4595 876 4634 nec
892 4577 991 4635 Resilii

170 4651 328 4707 auctoritas
353 4649 517 4776 llieronpmi
543 4650 709 4705 testimonio
734 4649 923 4714 estinierior,
940 4667 993 4706 nec

168 4721 266 4781 nisisi
282 4722 428 4778 memoris
468 4737 572 4792 apsum
584 4719 614 4775 iu
631 4721 802 4794 hieronymo
818 4721 885 4793 quis
902 4727 992 4791 putet,

168 4793 314 4852 conciliari
331 4793 391 4849 hec
407 4795 573 4864 potuerunt.

203 4869 213 4902 ²
231 4867 341 4922 Vitiose
364 4881 429 4920 cum
453 4863 565 4936 aliquot
580 4880 651 4919 mss.
668 4863 854 4920 Martienreus
865 4863 911 4919 hic
927 4863 991 4920 Flo-

166 4940 291 5008 rt'cnum,
309 4936 359 5011 qui
374 4941 471 4992 tamen
488 4951 577 5007 supra
589 4951 614 4990 o.
630 4937 666 4990 66
681 4934 849 5008 praetulerat
862 4934 989 4990 Fabium.

95 5027 98 5034 ’
167 5009 260 5082 liujus
275 5009 362 5078 epist.
386 5008 458 5064 satis
488 5005 585 5078 amplo
612 5006 774 5080 fragmenta
791 5006 869 5079 opud
885 5006 989 5061 Euseb.

167 5086 520 5207 su'pll'lsellnclimmcmorat
545 5149 699 5217 Eusebius,
724 5148 773 5220 qui
800 5165 834 5204 ex
849 5147 945 5230 primo
959 5151 989 5202 et

166 5221 296 5276 secunda
309 5223 441 5293 quaedau:
458 5222 542 5277 alleri
565 5221 638 5288 loca,
658 5239 708 5289 vir,
724 5222 751 5288 5,
766 5221 795 5284 6,
809 5221 838 5291 θ,
855 5224 886 5275 ut
901 5223 988 5275 ettam

165 5307 181 5344 e
196 5290 310 5346 diiabus
325 5308 388 5363 quie
405 5296 580 5364 sequuntur.

202 5361 355 5417 ‘itaetin
385 5363 508 5418 Eusebio
537 5379 588 5434 pro
608 5379 641 5419 eo
670 5363 747 5434 quod
768 5361 990 5417 obtinetNouotr'

166 5432 294 5500 nomine,
311 5434 494 5488 Novotionom
523 5440 597 5489 recte
626 5435 732 5489 lectum
761 5433 988 5504 obilieronymo

165 5501 329 5564 verosimile
348 5507 401 5558 est.

200 5576 309 5650 ‘apud
337 5573 452 5634 uussb.
480 5591 528 5642 νι,
559 5575 594 5634 45
625 5589 631 5631 :
662 5572 801 5640 Διονύσιος
831 5577 988 5649 Νοοατιανῷ

163 5643 327 5731 τῷίιδελρῷ
337 5643 453 5724 χαίρειν.
469 5643 501 5698 Εί
523 5641 605 5716 ἄκων,
631 5643 669 5706 ὡς
695 5643 758 5722 ρης,
774 5645 876 5720 ῆχθης,
892 5641 987 5718 δείξεις

1047 4583 1191 4650 interpres
1205 4578 1310 4634 iisdem
1335 4595 1369 4635 ex
1393 4579 1514 4636 Eusebio
1538 4581 1635 4638 verbis
1665 4582 1819 4654 describit,
1847 4607 1890 4648 ex

1048 4666 1105 4720 quo
1122 4665 1238 4704 rursum
1251 4648 1373 4722 colligas
1383 4651 1412 4706 in
1425 4651 1648 4722 ilieronymiuno
1664 4654 1770 4712 Latino
1781 4671 1893 4718 exem·

1047 4721 1120 4792 pluri
1138 4738 1194 4775 nou
1211 4721 1367 4778 exstitisse.

1081 4793 1091 4828 ⁷
1129 4791 1234 4858 Verba,
1276 4795 1324 4846 τοῦ
1375 4793 1412 4864 pi,
1462 4787 1707 4868 ειδωλολατρεύσαι
1760 4803 1892 4873 γενομέ.

1046 4883 1096 4930 sq<
1111 4861 1140 4935 ᾑ,
1157 4879 1221 4934 quse
1236 4864 1313 4934 opud
1331 4865 1486 4918 Eusebium
1511 4865 1548 4918 ob
1570 4866 1702 4934 ejusdem
1717 4870 1802 4926 vocis
1820 4869 1889 4928 ἕνα·

1045 4953 1088 4986 κεν
1105 4951 1258 4990 occursum
1275 4935 1396 4989 solemni
1413 4935 1597 4990 librariorum
1620 4935 1704 5009 lapsu
1720 4939 1813 4998 facile
1832 4963 1888 5003 ex·

1046 5005 1186 5070 uiderent,
1204 5005 1240 5060 cl.
1256 5005 1433 5062 Fabriciuse
1449 5007 1609 5078 liicopboro
1626 5008 1753 5081 supplet.

1080 5077 1167 5131 8Νοιι
1190 5076 1279 5131 habet
1305 5076 1340 5132 od
1372 5079 1532 5148 Dionysium
1569 5077 1747 5136 Veronensis
1787 5081 1886 5153 liber,

1046 5147 1885 5226 proquovidelurcl.FabriciolegeudurnodDomitium,

1044 5224 1074 5273 et
1088 5221 1244 5344 θγίίριιικιιι.
1267 5219 1392 5276 Consule
1416 5221 1521 5276 Euseb.
1545 5238 1595 5286 vri,
1619 5225 1646 5289 2,
1669 5227 1698 5278 et
1712 5223 1886 5298 Nicephor.

1044 5307 1090 5396 ul
1106 5295 1147 5416 ila
1169 5363 1314 5416 llierrrom
1339 5361 1524 5432 reposuimus
1549 5380 1583 5418 ex
1608 5363 1700 5420 Votic.
1740 5382 1821 5426 mss.
1853 5351 1897 5428 et

1045 5431 1177 5496 Eusebio.
1206 5432 1250 5484 καί
1275 5431 1405 5505 Ἰέρακι...
1436 5433 1494 5486 κατ’
1537 5431 1673 5489 ,thomos
1713 5435 1871 5514 έπισκύπιμ

1045 5503 1136 5576 ipsius
1166 5503 1292 5574 denique
1321 5503 1358 5560 cl.
1389 5503 1510 5560 Fabricii
1545 5487 1760 5567 emendatione.
1791 5489 1883 5574 uuiti

1043 5579 1128 5632 autea
1142 5573 1286 5634 lleraclcm
1300 5574 1403 5634 vitiosa
1419 5576 1620 5651 proterebant.
