4064 6158
159 310 232 418 ἰιι
785 349 831 410 s.
853 347 1009 412 nasson
1031 346 1253 414 ιιιιιοιιιιιιι
1515 361 1518 367 ’
1814 351 1874 414 ιιι

174 500 258 542 suam
273 485 395 542 credens
410 482 574 557 baptizatus
590 485 643 540 est.
661 481 693 539 0.
712 481 822 538 Novam
836 495 897 538 rem
916 496 996 538 asse·
1011 486 1038 553 Α
1053 498 1117 554 que
1146 469 1281 541 contento
1319 500 1406 541 nervo
1438 483 1586 558 dirigitur,
1610 481 1729 540 difficile
1765 481 1874 540 vitatur

173 569 226 641 ris,
241 577 274 632 ιιι
287 572 471 631 Christianus
486 571 645 646 quisquam
660 571 755 626 iactus
771 570 809 626 sit
823 570 859 626 ab
883 586 928 637 co,
945 569 996 642 qui
1050 573 1123 627 Ante
1138 572 1216 628 cuim
1232 573 1268 628 ad
1283 589 1361 640 eum,
1378 574 1413 629 ad
1443 589 1530 645 quem
1552 573 1634 644 jacta
1660 576 1707 628 est
1732 571 1872 644 pervenit,

171 669 232 720 non
254 662 311 719 luit
331 661 528 720 Christianus.
552 661 700 717 decedens
723 660 760 716 ad
783 659 906 714 Arianos
930 660 949 727 ¹,
967 658 996 713 in
1050 675 1139 732 quam
1154 661 1235 718 obice
1250 659 1335 734 clipei
1351 661 1552 718 frustremini}
1574 659 1721 716 contrario
1740 663 1797 716 ture
1810 676 1876 732 pro·

173 768 232 824 que
246 751 303 808 ilde
317 751 482 824 baptizalus
497 749 567 806 est‘l
582 748 692 821 Nempe
707 748 737 803 in
750 763 784 804 ea
799 762 888 819 quam
904 746 997 803 habe·
1052 749 1222 821 positiones,
1245 748 1315 823 quia
1334 750 1397 806 sine
1412 750 1480 806 lerri
1495 749 1631 806 acumine
1648 748 1875 816 mittuntur,ho·

172 838 367 898 bantllriani.
390 842 448 896 Aut
472 840 497 896 si
521 838 585 908 jam
615 837 678 910 ipse
708 836 782 892 bene
809 835 953 903 credebat,
969 838 998 891 et
1050 841 1125 894 stem
1146 853 1202 894 non
1227 836 1323 894 valent
1346 839 1502 910 perforare.
1534 837 1614 894 llanc
1643 836 1734 910 igitur
1758 836 1874 896 hastam

172 919 269 987 sciens
284 929 320 986 ab
335 927 478 986 hereticis
493 925 660 1000 baptizatus
683 929 737 992 est,
758 923 866 980 erroris
880 922 995 980 veniam
1050 942 1139 999 qnam
1153 925 1223 982 totis
1236 925 1347 982 viribus
1368 925 1486 995 misisti,
1505 927 1540 982 de
1564 943 1622 998 qua
1647 925 1733 982 nobis
1757 925 1874 982 minita-

172 1034 231 1074 non
247 1013 384 1076 meretur.
399 1016 509 1073 Verum
524 1015 579 1071 hoc
594 1014 713 1086 penitus
728 1013 888 1069 absurdum
903 1015 996 1082 estut
1050 1014 1101 1084 ris,
1115 1031 1184 1082 uno,
1201 1018 1234 1069 ut
1246 1014 1338 1084 aiunt,
1352 1014 1476 1086 digitulo
1500 1013 1649 1087 repellam.
1667 1013 1766 1086 Neque
1790 1015 1869 1070 enim

172 1106 337 1182 discipulus
356 1106 392 1162 ad
409 1102 583 1178 magistrum
608 1102 718 1159 vadens
742 1103 809 1158 ante
834 1100 873 1157 sit
892 1100 996 1157 artifex
1049 1103 1105 1159 hoc
1120 1103 1207 1159 modo
1222 1103 1375 1177 quaeritur,
1392 1120 1428 1160 an
1450 1103 1605 1177 episeopus
1634 1101 1778 1176 poenitens
1805 1119 1872 1162 esse

172 1211 262 1272 quam
276 1195 435 1261 doceatur;
453 1195 485 1248 ut
500 1191 586 1247 modo
602 1192 638 1248 ab
654 1190 799 1246 idolorum
811 1189 996 1246 veneratione
1049 1207 1108 1248 non
1120 1192 1222 1264 possit,
1239 1191 1368 1250 etlaicus
1379 1191 1471 1265 possit
1485 1191 1499 1248 ‘i
1526 1193 1576 1250 sed
1590 1209 1625 1250 an
1636 1191 1790 1248 hereticus
1801 1192 1873 1262 bap-

171 1297 341 1350 conversus,
357 1279 469 1338 noverit
483 1278 632 1337 Christum
648 1277 754 1335 melius
768 1295 856 1352 qnam
872 1277 922 1334 ille
945 1279 995 1350 qui
1049 1280 1138 1337 tisma
1152 1281 1259 1338 hebeat
1272 1281 1286 1336 ‘l
1301 1281 1351 1355 qui
1375 1282 1412 1352 si,
1435 1285 1468 1337 ut
1491 1285 1615 1346 constat,
1640 1281 1788 1354 baptisma
1811 1297 1871 1338 non

171 1370 283 1450 doceat.
295 1372 333 1426 At
347 1367 421 1445 dicis
436 1385 443 1423 :
458 1367 636 1442 Simpliciter
651 1368 681 1423 in
703 1366 798 1434 Patre,
817 1371 847 1423 ct
869 1365 951 1437 Filio,
967 1368 996 1422 et
1048 1368 1146 1437 habet,
1162 1369 1308 1441 quomodo
1328 1373 1425 1442 potest
1445 1386 1510 1427 esse
1533 1370 1689 1442 poenitens,
1714 1373 1874 1442 antequam

169 1458 281 1531 Spiritu
297 1461 399 1515 sancto
414 1456 537 1514 credidit
551 1459 580 1514 et
603 1456 668 1513 ideo
693 1455 841 1528 baptisma
860 1471 995 1512 consecu·
1048 1458 1258 1515 christianus?
1279 1459 1372 1515 Proba
1400 1459 1473 1516 mihi
1502 1460 1538 1516 ab
1566 1459 1682 1516 Arianis
1708 1458 1875 1516 venientem

169 1550 288 1605 tuaest.
305 1549 372 1614 Qum
387 1547 510 1616 estista,
536 1561 647 1619 queso,
671 1543 858 1618 simplicitas,
883 1543 995 1601 nescire
1049 1548 1156 1604 laicum
1167 1547 1274 1604 habere
1290 1549 1482 1621 baptismum,
1496 1554 1525 1604 ct
1537 1552 1608 1604 tunc
1624 1547 1649 1604 ci
1665 1548 1874 1622 poenitentiam

170 1636 247 1710 quod
263 1635 388 1692 eredas?
401 1633 580 1709 Simpliciter
594 1633 731 1690 credidit.
751 1632 825 1699 Quid
846 1632 995 1689 credidit?
1050 1653 1106 1692 non
1123 1636 1245 1708 negabo.
1262 1635 1292 1692 Si
1306 1653 1372 1692 vero
1392 1635 1576 1692 Christianus
1601 1653 1658 1692 non
1680 1642 1735 1706 est,
1759 1635 1784 1693 si
1813 1653 1874 1693 non

170 1719 246 1781 certe
261 1726 313 1781 aut
325 1724 382 1780 tria
397 1722 517 1781 nomina
530 1721 664 1792 audiens,
686 1725 746 1778 tres
767 1722 836 1777 deos
860 1719 993 1787 credidit,
1049 1723 1184 1781 hahuerit
1199 1726 1380 1782 sacerdotem
1396 1726 1447 1798 qui
1461 1741 1529 1781 eom
1540 1725 1647 1782 laceret
1656 1723 1872 1794 Christianum,

169 1817 199 1871 et
212 1811 368 1870 idololatra
382 1813 502 1870 allectus
521 1814 582 1880 est;
603 1815 654 1867 aut
677 1810 707 1866 in
729 1810 823 1866 tribus
844 1808 994 1866 vocabulis
1050 1815 1279 1888 quomodoaget
1309 1813 1510 1886 poenitentiam
1539 1813 1639 1880 homo,
1664 1813 1715 1886 qui
1744 1813 1872 1870 necdum

88 1901 89 1904 ’
169 1901 360 1960 trinominem
389 1901 512 1959 credens
542 1902 644 1969 Deum,
669 1898 699 1954 in
728 1897 994 1955 Sabelliiheresim
1049 1901 1169 1958 credit?

169 1989 364 2048 incurritdut
378 1989 499 2047 edoctus
514 1989 552 2045 ab
569 1987 797 2054 llriunis,uunm
813 2003 876 2044 esse
891 2003 993 2044 verum
1083 1992 1128 2047 ll.
1144 1993 1175 2046 l..
1191 1991 1246 2047 Oro
1263 1995 1290 2048 te
1307 1996 1348 2058 ut,
1361 1991 1605 2064 philosophorum
1618 1990 1872 2064 argumentatione

169 2077 261 2138 Deum
276 2079 402 2146 Patrem,
419 2077 537 2146 Filium,
552 2081 581 2135 et
593 2076 734 2150 Spiritum
751 2081 885 2134 sanctum
901 2076 994 2133 credi·
1048 2079 1189 2153 deposita,
1205 2080 1370 2138 Christiana
1384 2096 1500 2136 mecum
1522 2079 1710 2153 simplicitate
1730 2078 1874 2152 loqueris,

169 2167 213 2225 dit
228 2172 387 2226 creaturas.
404 2169 549 2224 Autextra
562 2167 623 2222 haee
638 2167 708 2244 quid
724 2167 841 2222 credere
856 2164 993 2238 potuerit,
1047 2169 1072 2223 si
1085 2174 1182 2225 tamen
1197 2186 1256 2225 non
1282 2169 1450 2226 dialecticos
1475 2169 1609 2241 sequaris
1633 2171 1687 2240 (rt.
1716 2168 1873 2241 sequeris).

169 2257 286 2314 nescio:
303 2256 361 2314 nisi
377 2257 450 2312 lorte
465 2255 553 2312 homo
564 2255 627 2327 jam
643 2257 767 2312 eductus
792 2255 821 2310 in
840 2253 992 2326 Capitolio,
1047 2257 1098 2313 sed
1113 2257 1283 2330 piscatores.
1297 2258 1462 2328 AEquumne
1477 2257 1529 2313 tibi
1542 2256 1666 2326 videtur,
1693 2261 1724 2312 ut
1745 2256 1874 2312 Arianos

168 2345 344 2403 homousion
361 2344 503 2401 didicerat
526 2343 712 2400 Trinitatem.
728 2342 842 2400 Sciebat
865 2343 991 2412 Patrem,
1046 2345 1201 2418 episcopus
1216 2347 1280 2402 sit?
1294 2347 1323 2404 0.
1340 2347 1383 2402 To
1398 2363 1466 2402 eum
1480 2347 1650 2419 episcopum
1665 2346 1782 2419 probos,
1800 2345 1873 2418 quia

168 2433 286 2504 sitium,
302 2438 332 2491 et
346 2433 487 2507 Spiritum
497 2436 644 2500 sanctum,
662 2449 719 2489 non
737 2437 851 2502 nutura,
864 2432 915 2488 sed
932 2449 993 2505 per·
1046 2435 1082 2490 ab
1093 2451 1126 2490 eo
1142 2434 1449 2507 recipisbaptiaatum‚
1463 2439 1492 2490 et
1520 2435 1549 2490 in
1580 2435 1634 2490 hoc
1658 2434 1873 2507 reprehenden-

167 2525 249 2582 sonis
263 2539 328 2581 esse
342 2523 461 2581 divisos.
476 2522 591 2579 Sciebat
604 2525 634 2578 et
645 2521 710 2578 Filii
726 2537 832 2578 nomen
853 2521 882 2577 in
906 2525 991 2578 Patre
1046 2524 1102 2580 dus
1117 2541 1159 2592 es,
1177 2540 1267 2597 quare
1282 2542 1299 2579 a
1315 2524 1399 2580 nobis
1415 2522 1576 2596 parietibus
1587 2524 1743 2596 separaris,
1759 2539 1828 2580 eum
1840 2522 1872 2578 in

167 2615 197 2669 et
210 2612 306 2668 Patris
322 2628 428 2668 nomen
444 2611 474 2666 in
491 2610 565 2667 Filio
580 2612 600 2666 ¹.
621 2610 756 2666 Ridicula
766 2610 990 2684 penitususser-
1046 2611 1103 2668 lide
1117 2616 1146 2668 et
1166 2613 1196 2668 in
1220 2613 1400 2668 ,arianorum
1429 2609 1584 2668 nobiscum
1614 2611 1777 2684 receptione
1804 2627 1872 2667 oon·

167 2699 218 2770 tio,
235 2706 302 2758 ante
316 2701 352 2756 de
368 2701 425 2756 lide
436 2699 605 2773 quempiam
629 2699 791 2772 disputare,
817 2715 906 2772 quam
929 2714 992 2755 cre·
1046 2700 1179 2756 sentias?
1194 2702 1223 2756 l..
1239 2699 1304 2756 lum
1316 2705 1344 2756 et
1358 2701 1495 2772 superius
1511 2701 1620 2774 rogavi,
1642 2703 1674 2756 ut
1690 2717 1748 2756 non
1773 2699 1870 2772 philo·

169 2789 254 2858 dere;
271 2791 338 2845 ante
353 2789 526 2862 mysterium
550 2787 634 2854 scire,
652 2803 741 2860 quam
769 2787 904 2844 initiatus
933 2789 989 2856 sit;
1046 2787 1177 2862 sophica,
1192 2790 1242 2845 sed
1259 2789 1423 2846 Christiane
1439 2807 1556 2848 mecum
1571 2788 1874 2862 loquaristtttiscere

166 2876 251 2935 aliter
266 2879 301 2934 de
316 2877 374 2934 Deo
390 2877 498 2934 sentire
513 2875 720 2950 baptizantem,
736 2880 765 2932 et
788 2875 873 2934 aliter
896 2876 990 2948 bapti·
1044 2878 1098 2946 vis,
1116 2895 1153 2932 un
1168 2878 1321 2935 contendis
1335 2879 1349 2934 l
1363 2883 1394 2934 l..
1407 2879 1513 2951 Utique
1527 2879 1683 2948 contendo,
1709 2878 1778 2952 quia
1801 2878 1872 2934 sacti

166 2971 276 3025 zatum.
310 2966 451 3024 Praeterea
482 2983 550 3022 cum
580 2965 710 3024 solemne
747 2967 785 3021 sit
817 2964 846 3020 in
876 2964 990 3022 lavacro
1045 2968 1164 3024 tuiote
1180 2983 1276 3039 quaero
1292 2967 1445 3024 rationem.
1462 2969 1492 3025 0.
1509 2969 1537 3024 Si
1552 2968 1715 3036 contendis,
1727 2969 1791 3040 jam
1815 2967 1872 3026 tibi

166 3059 234 3132 post
257 3055 409 3112 Trinitatis
436 3053 649 3112 contessionem
676 3054 865 3127 interrogare.
890 3054 990 3110 Credis
1045 3073 1219 3128 responsum
1236 3061 1289 3112 est.
1306 3057 1414 3114 Eadem
1429 3057 1508 3114 euim
1520 3057 1631 3114 ratione
1646 3057 1816 3130 episcopum
1833 3056 1872 3113 ab

106 3161 111 3168 ·
166 3149 300 3203 sanctam
316 3143 637 3201 Ecclesiam³toredis
657 3141 861 3200 remissionem
886 3159 988 3216 poooa·
1045 3145 1161 3201 Arianis
1172 3144 1353 3218 recipio,qua
1364 3151 1395 3201 tu
1407 3146 1512 3218 recipis
1523 3145 1746 3219 baptizatum.Si
1757 3145 1872 3202 discere

165 3237 264 3290 torum
277 3232 293 3288 ‘l
307 3234 399 3299 Quam
426 3231 589 3289 ¹Ecclesiam
618 3231 778 3288 credidisse
806 3247 873 3288 eum
888 3231 961 3288 dicis
975 3221 1025 3288 ‘lC
1045 3235 1138 3306 cupis,
1155 3233 1185 3289 in
1204 3251 1300 3290 meam
1322 3234 1413 3290 aciem
1441 3235 1655 3307 transgredere.
1677 3233 1872 3292 Adversarius

167 3319 640 3378 Arianorumisednonhabent.
653 3321 885 3377 Nostramtsed
909 3325 991 3378 extra
1045 3323 1123 3378 enim
1138 3323 1274 3390 vincitur,
1301 3323 1465 3396 discipulus
1494 3323 1624 3382 docetur.
1654 3324 1730 3380 180
1760 3322 1871 3380 L.Non

166 3409 420 3484 hancbaplizatus
441 3425 500 3466 nou
528 3411 623 3482 potuit
650 3426 714 3466 eam
744 3410 870 3478 credere,
899 3427 989 3482 quam
1044 3427 1165 3484 possum
1189 3416 1256 3468 ante
1284 3428 1347 3468 esse
1376 3410 1550 3485 discipulus,
1578 3429 1667 3484 quam
1693 3411 1871 3485 magistrum

166 3498 299 3556 nescivit.
1043 3500 1162 3556 audiam
1184 3501 1401 3579 predicantem.
1428 3502 1458 3557 0.
1484 3502 1627 3566 Quoniam
1652 3500 1871 3574 tergiversaris,

201 3573 989 3662 13.l.0uoniumedomniaargumentaris,etemissa
1043 3593 1070 3644 et
1084 3589 1212 3646 siovisa
1231 3607 1277 3646 me
1305 3591 1414 3660 doceri,
1445 3596 1478 3646 ut
1505 3590 1705 3648 adversarium
1735 3589 1765 3645 in
1796 3589 1872 3646 iute-

164 3694 182 3734 ι
200 3676 285 3734 dobis
299 3675 413 3750 spicula
427 3681 510 3734 scuto
526 3676 666 3734 orationis
687 3675 793 3745 eludis,
819 3693 907 3732 unam
935 3676 986 3732 ha·
1041 3688 1093 3750 'gro
1108 3679 1301 3736 habeasltuo
1316 3680 1453 3737 animote
1470 3681 1590 3736 docebo.
1618 3677 1825 3735 Consentimns
1836 3677 1869 3733 in

163 3770 240 3824 ιιιιῐι
255 3765 370 3839 jaciam,
387 3783 451 3839 que
468 3767 627 3822 umbonem
642 3765 781 3838 tegminis
793 3764 846 3834 tui,
857 3769 885 3821 et
900 3763 987 3820 verba
1042 3768 1108 3834 fide,
1123 3769 1324 3824 consentimus
1340 3770 1369 3824 in
1385 3768 1530 3825 hereticis
1541 3767 1726 3840 recipiendis,
1742 3782 1869 3824 consen·

164 3855 347 3929 crepitantia,
373 3855 399 3910 vi
428 3871 483 3911 sua
512 3859 653 3927 penetret,
670 3871 723 3910 nec
752 3853 863 3910 diutius
892 3853 987 3926 patiar
1041 3836 1254 3914 tiamosetiam
1272 3858 1301 3912 in
1318 3861 1471 3914 conventu.
1488 3859 1517 3912 l..
1534 3857 1666 3913 llocncn
1688 3860 1732 3912 est
1751 3856 1870 3924 docere,

164 3943 365 4000 fortitudinem
382 3942 600 4017 artesuperari.
617 3943 693 4000 185
710 3942 917 3999 Laicusetiam
941 3960 986 3999 ex·
1040 3946 1090 4001 scd
1107 3945 1316 4018 argumentari.
1335 3945 1364 4001 0.
1392 3946 1465 4012 Quia
1491 3951 1523 4002 tu
1553 3961 1654 4019 pacem
1679 3961 1747 4001 cum
1776 3947 1868 4002 scuto

162 4035 209 4089 tra
223 4031 382 4090 llcolcsiam
403 4032 460 4090 lide
474 4032 639 4106 baptizatus
650 4032 819 4106 &poenitens
831 4031 982 4105 recipitur:
1040 4034 1124 4106 petis,
1141 4038 1170 4090 et
1184 4051 1237 4092 nos
1251 4034 1330 4090 clirae
1346 4035 1567 4108 ramumgladio
1589 4033 1758 4091 inserimus.
1775 4035 1805 4088 L.
1823 4033 1870 4092 Eu

161 4121 398 4195 episcopuerero
420 4125 471 4178 aot
495 4121 697 4194 poenitentiam
717 4138 775 4177 non
792 4121 861 4194 agit,
888 4126 917 4176 et
937 4137 983 4178 sa·
1039 4123 1109 4180 tollo
1126 4140 1243 4192 manus,
1257 4123 1455 4190 cedo‚vicisti.
1470 4123 1579 4180 Verum
1608 4139 1675 4180 cum
1702 4139 1784 4180 arma
1813 4122 1870 4178 de:

161 4211 398 4280 cerdoscst,aul
426 4211 451 4266 si
481 4209 682 4284 poeniteutiam
700 4210 802 4282 egerit,
831 4226 896 4266 esse
922 4203 1008 4282 epi·'
1039 4213 1359 4280 ponam,sacramenti‚
1374 4213 1405 4268 in
1421 4213 1499 4286 quod
1515 4228 1562 4268 me
1580 4213 1681 4285 jurare
1708 4209 1866 4284 compellis

160 4315 267 4374 scopus
282 4300 400 4357 desinit.
416 4300 611 4364 Quamobrem
632 4304 708 4355 recte
737 4315 790 4354 nos
817 4298 925 4354 laicum
955 4303 983 4355 et
1037 4317 1134 4374 quaero
1149 4303 1301 4358 rationem.
1320 4303 1349 4358 0.
1364 4300 1501 4358 Gratulor
1515 4302 1633 4358 iuterim
1652 4301 1714 4370 tibi,
1730 4305 1759 4356 et
1779 4299 1868 4358 Chri-

159 4389 340 4463 suscipimus
355 4389 563 4463 poenitentem
579 4391 608 4445 et
627 4387 808 4460 episcopum,
831 4386 856 4443 si
879 4386 908 4442 in
932 4405 981 4444 sa·
1036 4396 1082 4446 sto
1099 4391 1155 4446 ileo
1171 4407 1235 4446 meo
1251 4391 1361 4464 gratias
1375 4407 1439 4464 ego,
1454 4391 1523 4462 quia
1545 4391 1643 4448 animo
1659 4390 1735 4446 bono
1763 4405 1780 4447 a
1806 4389 1868 4446 l'al-

160 4477 287 4535 cerdotio
304 4493 488 4552 perseverare
501 4476 573 4547 vult,
591 4476 791 4550 repudiamus.
818 4475 847 4530 0.
871 4476 982 4550 Sagitta
1036 4479 1122 4535 sitatc
1137 4479 1296 4535 Sardorum
1311 4481 1322 4515 ⁶
1337 4480 1372 4535 ad
1389 4480 1480 4536 totius
1496 4480 1575 4536 orbis
1586 4484 1614 4536 te
1638 4494 1772 4552 saporem
1792 4493 1865 4536 oon-

196 4619 570 4678 ¹Contrariosensuvelus
599 4617 686 4676 editio
715 4618 845 4674 Accedent
862 4595 1087 4689 Ανίιιιιιῦιιι
1107 4617 1251 4686 lormula;
1283 4619 1439 4676 naminlra
1467 4621 1522 4677 sub
1551 4619 1708 4676 orthodoxi
1736 4635 1867 4746 persona

158 4691 188 4749 id
205 4697 250 4750 est
264 4692 300 4748 ab
315 4691 560 4750 Arianisvcnicns
576 4692 612 4748 od
622 4691 770 4748 orthcxos.
1040 4695 1174 4746 constare
1189 4691 1306 4757 dicitur,
1316 4689 1466 4748 haereticos
1479 4691 1659 4774 baptismum
1671 4707 1728 4746 uon
1761 4692 1866 4760 abere,

194 4765 205 4798 ¹
231 4763 314 4829 Quod
338 4762 479 4820 nimirum
508 4763 590 4819 Pater
621 4763 721 4834 nequit
750 4761 882 4834 cogitari,
913 4763 984 4834 quin
1040 4777 1090 4816 eos
1105 4777 1210 4844 nempe
1225 4778 1258 4818 ex
1271 4761 1387 4818 Arianis
1401 4764 1450 4835 qui
1469 4763 1531 4819 liilir
1555 4763 1737 4820 divinitatem
1760 4762 1789 4817 in
1815 4779 1867 4820 ea-

158 4833 222 4891 Filii
239 4834 377 4908 cogitatio
392 4839 535 4892 occurrat.
547 4832 685 4899 llilarius,
698 4831 747 4888 lib.
765 4833 851 4889 vnde
866 4835 962 4890 Triarii.
977 4853 983 4891 :
1040 4839 1181 4888 crementi
1195 4832 1292 4890 verbis
1304 4833 1512 4890 inficiareotur.

158 4905 180 4958 κ’
190 4907 261 4976 Quia
275 4911 301 4964 et
313 4923 410 4963 acmen
426 4911 519 4964 Palm
534 4905 615 4962 tedet
626 4907 655 4960 ιἰι
669 4919 697 4980 ae
710 4903 780 4958 Filii
793 4920 901 4960 nemea.
920 4928 934 4954 a
1074 4904 1084 4938 ι
1099 4904 1217 4970 Eadem,
1230 4906 1421 4961 aduersarium
1436 4907 1465 4961 in
1478 4916 1554 4974 serpo
1567 4905 1691 4970 lrclecm,
1707 4907 1763 4960 eto.
1784 4917 1786 4922 ·

193 4979 315 5035 ‘crectis
329 4989 463 5045 sunctum,
481 4983 534 5034 etc.
551 4977 582 5032 ln
595 4974 760 5046 praepositio
776 4975 823 5030 irie
834 4975 983 5047 superllca
1073 4975 1253 5046 ⁶ilscteitotc
1274 4977 1436 5032 Sardorum.
1466 4980 1627 5050 Corruptus
1656 4981 1701 5032 est
1729 4974 1863 5032 multum

159 5049 255 5106 deleta
269 5055 313 5106 est
329 5049 358 5106 i'n
374 5049 474 5106 codiee
495 5045 700 5114 Cluniecansi;
718 5046 895 5102 Serbonicus
917 5063 981 5104 eam
1037 5044 1084 5101 hic
1101 5045 1182 5104 locus
1196 5048 1225 5102 iu
1240 5052 1326 5102 antea
1341 5048 1427 5104 oditis
1442 5048 1535 5116 libris,
1551 5048 1601 5121 qui
1617 5047 1749 5120 legunto
1769 5047 1863 5117 solsi-

157 5136 218 5182 non
232 5121 302 5192 legit
320 5121 349 5176 in
380 5117 630 5192 consequentibus
658 5121 723 5189 post
749 5117 837 5173 credis
865 5119 896 5173 in
915 5134 981 5173 san·
1035 5119 1218 5182 iatisardcre,
1235 5117 1456 5188 velasotaitotis
1481 5121 1571 5188 odore,
1601 5123 1656 5175 etc.
1685 5116 1862 5176 cluniacen·

156 5195 228 5248 olom
243 5195 400 5250 Ecclesiam.
414 5192 467 5246 Sed
484 5189 544 5244 siro
559 5187 682 5261 legatur,
698 5187 757 5244 sive
773 5205 831 5243 non
855 5187 979 5262 legatur,
1036 5188 1077 5244 sis
1093 5191 1180 5245 codex
1197 5207 1300 5262 puram
1316 5191 1421 5246 retinet
1432 5190 1595 5259 lectionem,
1612 5189 1767 5259 asetsitate
1790 5189 1861 5246 Sor-

155 5262 232 5320 idem
246 5269 292 5320 est
307 5261 581 5319 censusstlmraa.
602 5291 636 5300 —
665 5259 922 5316 llouetVictorios
951 5263 981 5316 in
1035 5261 1153 5328 doresm3
1182 5261 1211 5316 in
1237 5277 1295 5330 qua
1327 5279 1430 5334 nempe
1461 5264 1615 5318 tenebatur
1646 5259 1860 5318 luciferianus.

153 5335 287 5393 voculam
304 5334 413 5406 pluries
430 5331 477 5388 hic
493 5331 643 5402 repetitam
657 5336 808 5402 propterca
823 5331 978 5400 amovisse,
1034 5331 1161 5386 --Olim
1189 5337 1251 5386 crat
1274 5349 1289 5385 o
1315 5332 1454 5403 salsitatis
1475 5335 1583 5398 retulere,
1610 5331 1654 5388 vel
1681 5331 1771 5386 orioro.
1802 5333 1861 5390 Sed

154 5406 233 5478 quod
249 5405 449 5462 emendatiora
473 5401 649 5473 exemplaria
671 5419 800 5458 eumnon
825 5403 977 5466 haberent.
1033 5417 1128 5474 noque
1144 5403 1221 5457 istud
1246 5421 1262 5455 c
1283 5405 1405 5471 {rricitctr
1427 5407 1587 5471 Sardorum,
1606 5403 1683 5476 quod
1708 5401 1860 5459 eCluniu-

154 5483 183 5534 et
198 5477 317 5544 rectius,
334 5483 366 5531 ut
380 5481 425 5531 est
441 5475 469 5530 in
486 5473 699 5548 Symbolc,uoi
728 5478 841 5529 tuntum
867 5479 922 5529 llec
942 5475 976 5530 ud
1033 5474 1632 5547 cerieims.llurtiuruucsreposuit,setis
1656 5477 1726 5546 pulo
1755 5489 1859 5534 emen·
1942 5487 1948 5498 ·

154 5547 531 5656 exprimendammajorem
548 5545 635 5600 fidem
650 5551 825 5627 ¹apponatur.
891 5619 895 5629 Ι
1032 5543 1154 5624 datum;
1171 5561 1238 5600 nam
1255 5551 1287 5598 ιιι
1311 5547 1459 5626 Sardorum
1472 5562 1590 5632 'nomen
1613 5547 1678 5602 Orbi
1701 5544 1860 5617 elegantis-

223 5623 315 5677 Vetus
344 5619 415 5675 edit.
444 5621 523 5674 extro
551 5617 681 5673 Ecclesiae
708 5615 791 5685 sidem
820 5619 975 5688 duplicatos
1031 5629 1106 5670 sime
1128 5631 1144 5670 c
1167 5619 1303 5688 ponatur,
1339 5623 1380 5674 itu
1406 5617 1528 5690 [otsztatt
1556 5622 1653 5691 inepte
1679 5616 1859 5689 respondeat

152 5690 227 5752 Pota
239 5690 271 5750 lu
285 5691 431 5768 impressa
443 5689 566 5750 lectione
581 5686 638 5744 dici
665 5684 792 5766 fideliter,
823 5689 883 5748 sire
899 5689 974 5748 inte·
1029 5701 1119 5766 sopor.
1138 5631 1221 5748 lportc
1235 5689 1389 5750 iacultitote
1404 5690 1553 5770 scripserit
1568 5689 1646 5752 ilier.
1662 5705 1715 5768 pro
1732 5686 1858 5752 latitate
