4056 6156
178 173 237 239 {ST
795 161 827 226 S.
851 156 1009 227 eusanii
1032 153 1266 226 bibebatur.
1826 153 1885 228 iae

176 307 254 375 bilis,
271 300 434 362 secundum
450 301 598 375 naturam,
613 300 732 353 ostensa
745 297 790 352 eet
812 293 951 350 Trinitas.
968 294 999 350 ln
1015 294 1042 361 A
1056 295 1092 350 ab
1107 293 1163 351 alio
1178 293 1352 369 sapentiam,
1379 307 1473 368 neque
1500 306 1553 369 per
1577 291 1732 368 cujusdam
1761 292 1884 352 alterius

176 394 233 452 alic
249 409 366 468 quoque
381 373 536 463 Evangelio
548 383 670 442 dicitur:
684 406 699 436 «
710 383 773 442 Non
783 382 1000 440 enimvosestis
1055 383 1204 456 sapientie
1219 383 1484 457 participationem,
1500 383 1618 457 sapiens
1642 381 1820 440 nominatur.
1838 381 1883 439 Si·

176 483 227 556 qui
242 477 409 554 loquimini,
424 475 475 533 scd
486 469 719 546 SpiritusPatris
734 469 822 527 vestri
837 467 888 541 qui
905 468 1001 548 loqui·
1055 472 1174 544 quidem
1189 470 1274 529 multi
1289 473 1436 545 sapientes
1465 471 1614 542 dicuntur,
1629 489 1687 528 non
1712 487 1882 528 exsucca·

175 574 224 627 tur
239 571 268 626 in
279 568 361 626 vobis
371 568 403 622 ⁹².
415 587 430 617 n
447 564 476 621 Si
492 561 694 638 ergoSpiritus
710 558 804 616 Patris
815 559 844 615 in
860 556 1001 631 apostolis
1054 565 1130 630 tura,
1162 561 1212 618 sed
1238 577 1273 617 ex
1301 561 1567 618 communicatione
1605 557 1764 634 sapientie.
1807 563 1883 617 Deus

175 659 315 732 loquitur,
331 641 502 713 docensaos
531 650 737 724 quadebeant
765 647 952 720 respondere,
972 650 1001 702 et
1053 665 1120 706 vero
1150 667 1208 706 non
1239 649 1361 706 ulterius
1389 649 1539 723 sapientie
1568 648 1791 724 participatione
1831 665 1882 706 ne·

176 749 428 823 quadocentura
456 741 568 816 Spiritu
592 737 806 812 sapientiaest,
824 751 912 808 quam
941 749 1000 791 nun
1055 755 1112 812 que
1141 737 1257 794 aliunde
1287 739 1405 812 sapiens
1444 739 1574 806 effectus,
1605 737 1701 794 dictus
1729 741 1774 794 est
1803 735 1883 794 solus

175 852 336 911 possumus
351 834 440 891 aliam
455 835 558 905 praeter
573 827 679 885 Filium
700 824 873 898 intelligere,
888 823 999 896 liquido
1054 827 1182 900 sapiens,
1226 831 1254 882 et
1284 843 1428 901 generans
1471 826 1659 900 sapientiam,
1687 831 1716 882 et
1744 824 1817 882 alios
1838 826 1882 882 la-

175 921 438 1000 apparetejusdcm
455 921 565 976 nature
588 915 730 988 Spiritum
752 911 999 978 essecumriiic,
1053 915 1306 988 cienssapiontes.
1336 918 1403 983 Oua
1431 915 1575 988 sapientie
1592 916 1732 972 Dominus
1756 918 1801 971 cet
1830 931 1880 970 no-

173 1018 203 1070 et
217 1030 283 1071 cum
300 1015 394 1081 Patre,
411 1009 496 1080 cujus
512 1003 639 1080 Spiritus
657 1007 711 1070 cst,
737 1002 823 1058 Porro
851 1003 935 1057 Pater
972 1003 1001 1056 ei
1054 1004 1213 1061 sterlesus
1240 1003 1373 1061 Ghristus
1401 1002 1451 1077 qni
1469 1003 1576 1061 dicitur
1590 1003 1640 1061 Dei
1659 1003 1762 1072 virtus,
1779 1006 1808 1059 ct
1831 1004 1882 1060 Dei

176 1095 266 1159 ruins
280 1117 373 1157 unum
389 1101 469 1154 sunt.
486 1095 578 1167 igitur
593 1091 723 1148 Trinitas
745 1089 916 1147 substantiae
931 1089 1000 1146 uni-

174 1193 232 1247 tete
248 1189 388 1246 sociatur.

208 1279 254 1335 20.
270 1281 324 1332 Per
339 1273 418 1331 aliud
434 1285 551 1346 quoque
578 1271 796 1343 scripturarum
821 1267 999 1340 exemplum,

175 1364 327 1423 Trinitatis
343 1363 442 1420 unitas
457 1366 485 1418 et
499 1365 604 1418 nature
619 1359 688 1432 (ic),
705 1362 734 1415 et
761 1357 856 1414 virtus
870 1355 1000 1414 ostendi-

173 1459 232 1513 tur.
249 1453 340 1510 Tilius
354 1457 382 1510 et
398 1467 513 1519 manus,
529 1455 557 1506 et
586 1449 715 1512 dextera,
730 1453 759 1504 et
776 1444 931 1503 brachium
946 1450 1000 1501 Pa·

1054 1092 1242 1166 sapientiali.
1258 1092 1385 1165 Spiritus
1413 1109 1530 1166 quoque
1558 1097 1679 1150 sanctus
1699 1093 1806 1149 dicitur
1834 1109 1881 1149 sa-

1055 1181 1164 1255 pientia
1179 1181 1247 1255 (ie).
1265 1181 1418 1254 Siquidem
1433 1185 1462 1237 et
1477 1182 1506 1236 in
1523 1179 1668 1238 veteribus
1687 1180 1771 1238 libris
1794 1180 1882 1238 reler-

1056 1275 1115 1339 tur,
1131 1271 1277 1346 repletum
1304 1287 1369 1328 esse
1383 1271 1484 1328 lesum
1501 1271 1577 1328 Nave
1593 1289 1610 1329 a
1636 1270 1760 1328 Domino
1776 1270 1880 1344 spiritu

1054 1359 1215 1434 sapientie.
1232 1359 1313 1416 Sicut
1328 1374 1398 1432 ergo
1414 1358 1495 1415 solus
1512 1357 1629 1431 sapiens
1654 1357 1743 1428 Deus,
1759 1373 1817 1414 nnn
1834 1374 1879 1414 ao-

1056 1449 1168 1522 cipiens
1182 1449 1300 1506 aliunde
1315 1447 1554 1521 sapientiam,sed
1570 1448 1717 1521 sepientes
1733 1447 1842 1504 taciens
1852 1451 1882 1504 et

174 1545 228 1600 tris
257 1539 585 1600 dictiunsicutcreuro
615 1537 780 1606 docuimus,
797 1553 831 1593 eii
853 1535 999 1592 bisvcca·
1055 1553 1198 1613 generans
1214 1537 1408 1611 sapientiam:
1426 1536 1710 1609 sclusestsapiens,
1727 1541 1883 1593 extraem-

173 1630 262 1701 bulis,
278 1632 368 1689 unius
382 1635 492 1690 natura
504 1626 700 1685 indifferentia
715 1627 934 1682 demonstratur
949 1624 999 1696 [cl.
1056 1644 1107 1684 nes
1123 1625 1174 1700 qui
1200 1643 1251 1701 per
1267 1625 1516 1698 nuncupationem
1532 1625 1596 1697 ejus
1618 1625 1765 1699 sapientes
1780 1624 1880 1682 dicun·

173 1721 401 1778 indifferentiam
457 1716 676 1786 demonstraril.
729 1714 857 1789 Spiritus
930 1729 998 1770 san·
1054 1712 1881 1787 tur:nMultitudoquippesapientiumsalusmnndi⁹⁷;a

176 1814 252 1878 ctus,
268 1810 380 1884 digitus
397 1806 622 1876 bei,secundum
639 1804 876 1877 conjunctionem
887 1807 999 1859 nature
1053 1809 1092 1873 et,
1107 1827 1122 1856 «
1139 1805 1192 1871 Qui
1207 1803 1381 1876 semetipsos
1395 1807 1585 1877 cognoscunt,
1612 1802 1642 1858 hi
1671 1806 1742 1860 sunt
1767 1801 1882 1876 sapien·

174 1900 268 1956 Patris
287 1903 316 1955 et
343 1895 409 1954 Filii
437 1897 615 1953 nominetur.
643 1893 793 1967 Siquidem
823 1891 852 1948 in
880 1907 940 1947 uno
964 1890 1000 1946 de
1052 1897 1096 1950 tes
1110 1895 1151 1964 ’ῦς
1167 1915 1181 1942 a
1197 1897 1353 1950 etrursum
1370 1907 1376 1947 :
1395 1912 1409 1942 n
1424 1891 1496 1948 Cum
1507 1890 1597 1948 fueris
1605 1907 1673 1948 cum
1684 1891 1883 1965 sapientibus,

173 1986 336 2061 livangeliis
345 1987 486 2043 adversus
498 1999 547 2041 ecs
562 1983 612 2056 qui
628 1983 720 2057 signis
732 1980 849 2039 Domini
865 1979 998 2036 detrahe·
1054 1982 1171 2055 sapiens
1184 1981 1242 2038 eris
1258 1979 1298 2035 ⁰⁹:
1316 2002 1330 2033 >i
1348 1979 1391 2037 sic
1405 1983 1434 2037 et
1450 1979 1577 2052 Spiritus
1592 1983 1712 2037 sanctus
1735 1996 1793 2036 non
1809 1979 1881 2036 acci-

173 2077 255 2145 bant,
270 2075 401 2132 dicentes
417 2092 424 2131 :
439 2097 453 2125 «
471 2075 502 2130 ln
517 2073 677 2130 Beelzebub
692 2069 823 2145 principe
842 2067 999 2125 demonio·
1054 2071 1137 2145 piens
1153 2069 1272 2128 aliunde
1296 2069 1483 2143 sapientiam,
1499 2069 1596 2126 dictus
1623 2074 1668 2126 est
1683 2067 1804 2142 spiritus
1831 2083 1880 2125 sa·

178 2182 244 2221 rum
256 2163 336 2237 ejicit
350 2164 495 2220 damonia
508 2163 540 2230 ⁹³,
557 2183 571 2213 »
589 2161 746 2218 sciscitans
774 2157 907 2215 Salvator
933 2157 997 2213 ait:
1054 2149 1188 2234 pientiae;
1205 2159 1261 2215 lico
1276 2157 1354 2216 cuim
1370 2158 1468 2230 ipsum
1489 2157 1567 2230 quod
1598 2156 1743 2226 subsistit,
1759 2156 1881 2230 spiritus

174 2276 188 2304 a
204 2254 233 2308 Si
248 2269 302 2327 ego
316 2254 345 2307 iii
361 2251 522 2310 Beelzebub
536 2250 621 2323 ejicio
637 2249 792 2318 daemonia,
802 2246 854 2303 lilii
868 2245 956 2302 vestri
968 2246 997 2301 in
1053 2247 1203 2322 sapientia
1219 2252 1265 2306 est
1281 2264 1287 2303 :
1304 2250 1333 2304 et
1346 2251 1453 2303 natura
1469 2247 1545 2319 ejus,
1575 2245 1647 2301 nihil
1661 2250 1705 2302 est
1729 2244 1808 2302 aliud
1824 2244 1881 2302 nisi

173 2337 232 2416 quo
247 2331 391 2414 ejiciant?
405 2339 435 2397 Si
451 2345 549 2397 autem
565 2356 617 2414 ego
633 2338 765 2412 indigitc
781 2335 832 2393 Dei
846 2335 928 2407 ejicio
944 2334 999 2390 de·
1053 2339 1180 2411 Spiritus
1194 2337 1325 2394 veritatis
1340 2339 1368 2392 ct
1381 2335 1509 2409 Spiritus
1534 2334 1597 2402 Dei,
1619 2334 1655 2392 de
1685 2334 1792 2408 quibus
1816 2335 1889 2408 jani

173 2430 380 2504 moniaiergo
395 2427 565 2502 supervenit
578 2427 607 2483 in
637 2444 688 2484 vos
718 2442 841 2499 regnum
858 2424 908 2481 Dei
933 2423 965 2478 ⁹⁸.
985 2445 998 2472 v
1053 2428 1237 2485 abundanter
1252 2426 1282 2482 in
1306 2426 1447 2482 Scotorum
1472 2422 1620 2480 volumine
1649 2421 1878 2498 disputavimus.

173 2519 405 2576 llunceumdem
434 2519 543 2587 locum,
572 2517 648 2573 nlius
677 2515 855 2588 evangelista
886 2511 998 2570 descri-
1053 2513 1463 2588 Undeneeademsuperllue
1486 2512 1820 2587 replecemus‚contenti
1837 2513 1881 2569 si-

174 2609 256 2678 beos,
267 2608 436 2680 loquentem
451 2606 551 2662 intulit
566 2605 670 2662 uilium
688 2621 694 2660 :
715 2629 725 2654 ι
742 2604 769 2659 Si
786 2608 884 2659 autem
899 2617 952 2675 ego
968 2600 998 2656 in
1053 2622 1119 2662 mus
1135 2604 1333 2678 disputatione
1347 2603 1503 2676 preterita.

176 2696 286 2770 Spiritu
303 2696 352 2752 Dei
367 2695 451 2768 ejicio
466 2694 610 2750 damonia
624 2695 655 2749 ⁹⁵.
681 2715 695 2744 a
711 2693 750 2748 lia
778 2693 886 2764 quibus
901 2695 997 2747 osten·
1086 2697 1131 2750 22.
1149 2694 1205 2768 (ii)
1217 2693 1289 2758 Ouia
1303 2692 1393 2767 igitur
1406 2691 1533 2764 Spiritus
1543 2691 1694 2764 sapientire
1705 2694 1735 2747 et
1750 2691 1880 2748 veritatis

174 2786 254 2841 ditur
277 2783 403 2857 digitum
420 2783 470 2840 Dei
486 2799 550 2840 esse
564 2783 706 2856 Spiritum
722 2785 867 2838 sanctum.
883 2777 913 2836 Si
929 2795 998 2854 ergo
1052 2782 1291 2856 inseparabiliter
1305 2797 1373 2837 cnm
1388 2778 1459 2836 Filio
1483 2784 1538 2850 est,
1555 2779 1617 2852 ipse
1632 2795 1748 2854 quoque
1764 2782 1880 2856 snpien-

173 2875 349 2946 conjunctus
362 2876 408 2930 est
422 2871 533 2946 digitus
549 2872 661 2942 manui,
676 2875 704 2927 et
733 2870 884 2928 manasei
913 2874 997 2944 cujus
1052 2875 1093 2932 tia
1107 2871 1244 2929 subsistit
1259 2875 1288 2928 et
1302 2871 1418 2927 veritas.
1431 2869 1461 2926 Si
1477 2869 1557 2926 enim
1573 2886 1664 2943 capax
1678 2873 1756 2927 esset
1767 2871 1882 2942 supien-

176 2977 282 3018 mitons
297 2965 359 3030 est3
374 2963 403 3018 et
415 2959 525 3034 digitus
540 2961 603 3017 sine
617 2960 706 3017 dubio
729 2959 764 3016 ad
782 2961 846 3031 ejus
861 2960 997 3017 substan·
1051 2963 1097 3020 tia
1108 2966 1137 3020 et
1149 2959 1291 3028 veritatis,
1307 2959 1337 3015 in
1352 2959 1382 3014 id
1390 2957 1548 3027 aliquando
1560 2958 1750 3015 descenderet
1760 2959 1837 3015 1²¹)
1849 2963 1883 3014 ut

175 3051 247 3109 tiam
262 3049 395 3118 retertur,
412 3052 497 3122 cujus
512 3049 623 3124 digitus
638 3055 691 3108 est.
1012 3029 1034 3097 G
1053 3051 1199 3109 desineret
1214 3049 1320 3106 babere
1333 3049 1410 3122 quod
1424 3047 1545 3105 aliunde
1556 3047 1768 3120 susceperat,id
1782 3052 1884 3105 estse.

209 3139 254 3195 ai.
271 3139 379 3215 Verum
395 3155 462 3194 cave
479 3153 516 3194 ne
533 3139 569 3196 ad
584 3138 707 3196 humilia
735 3140 865 3214 dejectus
879 3145 908 3198 ct
923 3141 995 3198 obli·
1051 3141 1193 3216 pientiam
1208 3147 1235 3195 et
1250 3137 1411 3194 veritatem.
1427 3137 1462 3193 Et
1479 3135 1568 3212 ¹filine
1596 3136 1742 3210 sapientia
1770 3143 1798 3194 et
1810 3137 1884 3196 veri-

175 3232 224 3285 tus
238 3226 393 3294 sermonis,
410 3227 446 3282 de
474 3243 532 3300 quo
561 3243 639 3284 nunc
662 3227 840 3302 disputatur,
856 3231 997 3305 depingas
1052 3236 1097 3288 tas
1113 3231 1175 3304 ipse
1191 3228 1370 3295 subsistens,
1388 3228 1611 3299 conseparatur
1625 3243 1642 3282 a
1656 3230 1750 3296 Patre,
1771 3228 1820 3301 qui
1836 3245 1884 3286 eo·

174 3316 205 3373 iii
221 3316 320 3373 animo
336 3320 387 3372 tuo
401 3313 598 3387 corporalium
618 3321 735 3374 artuum
750 3319 952 3390 diversitates;
969 3323 999 3377 et
1052 3319 1099 3376 lus
1114 3319 1232 3392 sapiens
1247 3321 1277 3373 et
1291 3317 1408 3384 veritas,
1425 3314 1644 3388 scripturarum
1671 3317 1791 3374 vocibus
1810 3335 1883 3391 pres-

175 3404 299 3478 incipias
326 3403 380 3460 tibi
408 3405 637 3477 magnitudines,
665 3411 693 3463 et
718 3393 940 3480 inaequalitates,
970 3413 998 3465 et
1053 3409 1176 3464 dicatur.
1193 3405 1335 3462 Tumdem
1352 3402 1495 3460 circulum
1508 3402 1630 3462 unitatis
1643 3409 1730 3478 atque
1745 3407 1883 3463 substan-

174 3497 280 3550 caitera
294 3509 449 3567 corporum
462 3495 574 3565 majora
587 3493 632 3551 vel
648 3495 760 3552 minora
787 3497 917 3553 membra
933 3513 999 3554 con-
1053 3498 1099 3554 tia
1111 3496 1237 3570 Spiritus
1252 3495 1346 3550 sancti
1361 3494 1424 3566 [leg.
1435 3492 1577 3566 Spiritum
1593 3493 1751 3569 sanctnml,
1776 3511 1883 3552 secun-

175 3583 295 3656 fingere;
312 3582 413 3640 dicens
428 3582 554 3656 digitum
572 3599 703 3654 amana,
725 3588 753 3640 et
769 3601 888 3641 manum
905 3588 941 3642 ub
965 3602 999 3643 ec
1054 3588 1125 3644 dum
1151 3585 1179 3642 id
1197 3584 1273 3658 qnod
1290 3583 1439 3656 sapientia
1450 3585 1479 3638 et
1494 3581 1622 3639 veritatis
1637 3585 1681 3639 est
1709 3583 1887 3656 spirituavi-

173 3671 398 3744 cujueeetssss
410 3670 1000 3746 manus,multisinequalitatibusdisere·
1055 3677 1159 3732 demus
1176 3673 1283 3730 habere
1299 3687 1367 3728 cum
1383 3670 1455 3728 Filio
1472 3672 1539 3744 (45),
1554 3675 1583 3728 et
1597 3688 1716 3729 rursum
1732 3671 1839 3730 Filium
1867 3690 1888 3730 a

175 3777 255 3833 pare,
279 3761 349 3833 quia
363 3761 399 3816 de
426 3760 658 3834 incorporalibus
683 3778 760 3818 nunc
787 3763 938 3836 Scriptura
957 3764 999 3820 lo·
1055 3764 1150 3820 Patris
1162 3779 1218 3820 non
1231 3761 1398 3833 discrepare
1410 3759 1671 3817 substantialium
1685 3763 1782 3817 autem
1795 3759 1887 3818 lilius

176 3852 285 3922 quitur,
302 3847 445 3906 unitatem
460 3853 575 3907 tantum
590 3850 700 3923 volens,
716 3867 774 3907 non
803 3851 891 3908 etiarn
916 3869 1000 3908 men·
1054 3853 1152 3925 imago
1167 3851 1207 3908 eit
1222 3849 1271 3906 Dei
1285 3846 1451 3917 invisibilis,
1469 3851 1497 3905 et
1511 3847 1606 3905 torma
1621 3847 1792 3906 substantia
1807 3849 1886 3920 ejus,

176 3929 276 3996 suram
288 3937 461 3994 substantiae
476 3937 696 3996 demonstrare:
713 3940 881 4022 sicutenim
896 3957 1000 3998 manus
1055 3941 1223 4014 quicunque
1238 3938 1274 3994 ed
1289 3939 1366 3994 hanc
1381 3937 1553 4011 imaginem,
1568 3936 1614 3993 vel
1629 3937 1753 3994 formam
1778 3936 1886 4010 imagi-

176 4041 234 4082 nun
250 4025 390 4081 dividitur
404 4043 420 4082 e
435 4042 565 4100 corpore,
582 4043 634 4102 per
648 4045 737 4102 quam
763 4034 870 4086 cuncta
888 4028 1001 4102 perlicit
1055 4033 1173 4094 nentur,
1190 4030 1277 4100 atque
1292 4026 1657 4097 formantur,adducuntur
1671 4027 1701 4083 in
1716 4024 1886 4083 similitudi-

176 4119 205 4172 et
217 4117 363 4188 operatur,
379 4115 448 4172 etin
465 4132 498 4172 eo
512 4120 566 4188 est,
583 4119 668 4190 cujus
684 4123 728 4175 est
755 4135 861 4175 manus
885 4135 892 4174 ε
916 4119 958 4175 sic
973 4122 1002 4174 et
1055 4135 1121 4175 nem
1137 4117 1186 4179 Dei
1201 4134 1207 4174 :
1221 4117 1307 4189 juxta
1320 4117 1395 4172 vires
1410 4118 1509 4172 tamen
1524 4113 1648 4171 humani
1664 4115 1821 4188 proiectus,
1844 4115 1887 4172 ia·

176 4194 288 4278 digitus
303 4218 362 4260 non
377 4209 562 4277 separatura
591 4222 691 4276 manu,
707 4208 792 4280 cujus
807 4211 852 4263 est
879 4206 999 4281 digitus.
1054 4205 1195 4264 tiusmodi
1209 4205 1333 4262 formum
1347 4208 1376 4261 et
1390 4203 1550 4278 imaginem
1565 4203 1889 4276 consequentes.Sinii·

177 4293 279 4364 ltaque
295 4291 382 4364 rejice
394 4293 608 4366 inequalitates
635 4300 665 4351 et
688 4312 853 4364 mensuras,
870 4312 937 4351 curn
966 4297 1001 4353 de
1055 4297 1121 4353 liter
1136 4300 1164 4352 et
1177 4295 1306 4368 Spiritus
1321 4297 1441 4350 sanctus
1469 4308 1537 4350 cum
1553 4293 1591 4350 sit
1606 4292 1791 4368 signaculum
1819 4293 1884 4366 Dei,

177 4381 236 4437 Deo
251 4381 374 4454 cogitas,
388 4385 417 4438 et
431 4381 561 4456 intellige
584 4381 668 4456 digiti
684 4387 713 4438 et
728 4399 843 4451 manus,
868 4386 897 4441 et
911 4385 1001 4442 totius
1016 4398 1039 4464 Ι)
1054 4385 1084 4442 hi
1099 4385 1150 4458 qui
1166 4385 1292 4440 sormam
1303 4385 1332 4438 et
1341 4381 1500 4456 imaginem
1511 4382 1562 4440 Dei
1578 4382 1817 4457 capiunt,signati
1832 4397 1889 4456 per

178 4469 349 4527 substantie
364 4469 507 4526 unitatem
526 4487 533 4525 :
550 4486 608 4543 quo
623 4470 714 4544 digito
738 4471 784 4529 lex
799 4473 855 4547 (ii)
871 4473 901 4529 in
916 4474 1001 4531 tabu·
1057 4491 1135 4544 eum,
1151 4474 1182 4530 in
1196 4489 1230 4530 eo
1244 4471 1439 4529 ducunturad
1455 4472 1641 4545 signaculum
1652 4471 1759 4529 Christi
1769 4473 1891 4545 sapien·

178 4557 216 4614 lis
231 4556 370 4630 lapeideis
384 4555 494 4632 scripta
506 4564 559 4616 cet.
576 4563 630 4615 Per
640 4559 728 4617 aliam
743 4578 860 4635 quoque
876 4562 1003 4637 Scripta·
1057 4565 1103 4621 tia
1118 4569 1147 4620 et
1162 4560 1426 4634 scientiae,insuper
1440 4561 1496 4617 tide
1508 4560 1595 4634 pleni.
1609 4585 1623 4612 «ι
1635 4561 1709 4617 Nam
1725 4561 1890 4619 divisiones

178 4661 254 4714 rain,
271 4645 338 4702 lldei
354 4651 458 4702 nostre
470 4647 670 4720 probationem
686 4656 849 4707 monstrare
870 4652 1004 4725 perfacile
1058 4653 1261 4725 operationum
1284 4653 1364 4720 sunt,
1381 4650 1460 4707 idem
1476 4654 1574 4707 cutem
1602 4650 1666 4723 ipse
1680 4649 1808 4724 Spiritus
1834 4650 1893 4723 qui

179 4739 234 4792 est.
250 4733 334 4792 Solus
347 4735 464 4808 sepiens
480 4736 577 4793 dictus
592 4742 637 4794 est
651 4738 730 4796 Deus
747 4757 753 4796 :
770 4756 828 4796 nori
858 4742 1005 4814 accipiens
1059 4746 1197 4814 operatur
1210 4741 1311 4798 omnia
1325 4740 1355 4796 in
1371 4739 1509 4796 omnibus
1525 4740 1533 4774 ¹
1550 4740 1618 4813 (ie).
1636 4763 1650 4791 ι(
1666 4740 1893 4813 Operantcergo

182 4835 205 4871 ⁰·
234 4834 336 4890 uarii.
367 4850 395 4904 x,
423 4835 469 4890 20.
495 4823 518 4870 '⁰³
543 4836 612 4893 uuo.
643 4853 684 4904 n,
710 4838 755 4895 i5.
786 4839 808 4874 ν*
835 4838 905 4894 inii.
931 4839 975 4909 ic,
1004 4841 1049 4895 20.
1077 4840 1099 4875 ⁹⁵
1138 4839 1241 4898 unctu.
1272 4857 1322 4910 in,
1351 4838 1385 4893 ie
1409 4838 1431 4872 u
1460 4837 1471 4893 i
1503 4837 1568 4894 cor.
1597 4854 1617 4894 1.
1632 4839 1676 4895 ei.
1703 4839 1724 4874 u
1753 4839 1820 4911 sap.
1846 4855 1894 4908 vi,

181 4907 227 4962 26.
243 4907 264 4942 ’θ
277 4910 344 4978 Sap.
360 4922 407 4974 riv,
422 4907 448 4963 3.
466 4907 489 4942 ⁹⁹
502 4912 586 4964 Prcv.
602 4925 664 4976 xiii,
680 4909 726 4964 20.
743 4911 751 4944 ¹
768 4910 779 4964 l
794 4911 859 4967 tior.
877 4927 926 4978 iii,
943 4913 970 4966 6.
1718 4925 1720 4930 ’

218 5004 275 5076 (iii)
290 5003 381 5060 Vetus
396 4995 465 5062 edit.
481 5021 549 5062 cum
577 5006 695 5065 Tholos.
713 5025 782 5078 ms,
800 5033 813 5060 v
831 5025 889 5067 una
903 5013 932 5064 ct
955 5026 1006 5065 na-

183 5079 260 5143 tura,
278 5095 293 5124 n
308 5077 362 5130 etc.

219 5163 277 5235 (tl)
291 5161 399 5218 Eadem
427 5181 493 5222 cum
508 5169 584 5234 Vct,
601 5191 616 5220 κ
638 5169 728 5226 totius
752 5169 883 5242 corporis
912 5168 1008 5226 unita·

1063 5025 1119 5083 quc
1132 5008 1298 5093 interpretis
1313 5011 1452 5066 mentem.
1466 5007 1531 5067 Vid.
1544 5009 1692 5084 praelixam
1713 5007 1783 5065 huic
1808 4993 1896 5080 operi

1062 5081 1334 5226 Aqq'qnpqqqpeoppt,
1350 5173 1365 5203 «
1378 5150 1514 5209 videmus
1528 5151 1646 5220 habere,
1660 5151 1805 5208 habemus
1819 5163 1894 5207 eum

183 5237 313 5306 tamquo
328 5233 419 5307 digito
430 5241 458 5291 et
471 5236 527 5305 lex,
542 5261 556 5290 n
573 5244 628 5297 ato,
1064 5222 1145 5308 Filio.
1165 5247 1175 5308 3
1193 5223 1274 5288 Quod
1290 5221 1591 5305 barthius,expnncte
1601 5223 1731 5308 primum
1742 5237 1811 5278 voce
1825 5221 1894 5293 Spi-

203 5329 277 5406 ι(42)
292 5330 345 5386 MS¹
361 5329 479 5390 Tholos·
510 5356 524 5385 α
541 5337 668 5410 Spiritus
683 5338 791 5396 dicitur
805 5339 957 5414 sapientia·
976 5361 990 5389 n
1064 5301 1150 5363 ritus,
1165 5299 1207 5350 ita
1219 5295 1369 5351 contendit
1394 5295 1623 5378 emaqdandum.
1641 5295 1800 5351 «vidimus
1819 5307 1892 5351 eum

484 5376 494 5418 l
1064 5366 1172 5422 habere
1186 5365 1328 5422 hactenus
1339 5381 1406 5421 cnm
1425 5365 1503 5422 lilio.
1520 5389 1534 5418 n

222 5429 1010 5520 (iil-ll)Hincsecuudumlibrumauspicanturhucus-
1096 5438 1157 5568 (46)
1178 5436 1358 5522 ,ΡΙεηίυειὶυ
1384 5436 1476 5496 Vetic.
1507 5454 1562 5496 ms.
1585 5454 1619 5496 ac
1639 5436 1729 5522 veteri
1751 5429 1895 5506 editione,

187 5517 244 5582 que
258 5501 329 5561 editi
343 5506 515 5566 contraius.
533 5504 621 5568 tidem
635 5523 790 5586 ipsiusque
816 5511 954 5584 auctoris,
970 5515 1011 5571 at·
1065 5531 1080 5564 a
1119 5523 1258 5570 iussiones
1273 5523 1380 5588 quippe
1395 5507 1587 5577 donationum
1602 5513 1684 5586 sunt,
1695 5509 1773 5570 idem
1789 5511 1893 5574 cubui
