<?xml version="1.0" encoding="UTF-8"?>
<!DOCTYPE html PUBLIC "-//W3C//DTD XHTML 1.0 Transitional//EN"
    "http://www.w3.org/TR/xhtml1/DTD/xhtml1-transitional.dtd">
<html xmlns="http://www.w3.org/1999/xhtml" xml:lang="en" lang="en">
 <head>
  <title>
</title>
<meta http-equiv="Content-Type" content="text/html;charset=utf-8" />
  <meta name='ocr-system' content='tesseract 3.04.00' />
  <meta name='ocr-capabilities' content='ocr_page ocr_carea ocr_par ocr_line ocrx_word'/>
</head>
<body>
  <div class='ocr_page' id='page_1' title='image "./patrologiaecurs01goog_0116.png"; bbox 0 0 4064 6158; ppageno 0'>
   <div class='ocr_carea' id='block_1_1' title="bbox 138 292 1833 385">
    <p class='ocr_par' dir='ltr' id='par_1_1' title="bbox 138 292 1833 385">
     <span class='ocr_line' id='line_1_1' title="bbox 138 292 1833 385; baseline -0.001 -8"><span class='ocrx_word' id='word_1_1' title='bbox 138 307 191 377; x_wconf 79' lang='lat' dir='ltr'><strong>itt</strong></span> <span class='ocrx_word' id='word_1_2' title='bbox 469 299 678 376; x_wconf 72' lang='lat' dir='ltr'>ADVERSUS</span> <span class='ocrx_word' id='word_1_3' title='bbox 700 301 1073 373; x_wconf 73' lang='lat' dir='ltr'><strong>tovlntantttttntttt</strong></span> <span class='ocrx_word' id='word_1_4' title='bbox 1094 292 1490 371; x_wconf 81' lang='lat' dir='ltr'><strong>oon-nottonlvto.</strong></span> <span class='ocrx_word' id='word_1_5' title='bbox 1772 303 1833 385; x_wconf 64' lang='lat'><strong>210</strong></span> 
     </span>
    </p>
   </div>
   <div class='ocr_carea' id='block_1_2' title="bbox 127 439 1834 2030">
    <p class='ocr_par' dir='ltr' id='par_1_2' title="bbox 132 439 1834 1319">
     <span class='ocr_line' id='line_1_2' title="bbox 139 439 1833 515; baseline 0.001 -12"><span class='ocrx_word' id='word_1_6' title='bbox 139 446 219 504; x_wconf 78' lang='lat' dir='ltr'><strong>lineis</strong></span> <span class='ocrx_word' id='word_1_7' title='bbox 230 449 260 504; x_wconf 86' lang='lat' dir='ltr'><strong>et</strong></span> <span class='ocrx_word' id='word_1_8' title='bbox 273 443 374 506; x_wconf 66' lang='lat' dir='ltr'><strong>amicis</strong></span> <span class='ocrx_word' id='word_1_9' title='bbox 384 447 518 515; x_wconf 77' lang='lat' dir='ltr'><strong>castitas,</strong></span> <span class='ocrx_word' id='word_1_10' title='bbox 529 456 557 503; x_wconf 88' lang='lat' dir='ltr'><strong>et</strong></span> <span class='ocrx_word' id='word_1_11' title='bbox 573 447 739 503; x_wconf 75' lang='lat' dir='ltr'><strong>Atrebatem</strong></span> <span class='ocrx_word' id='word_1_12' title='bbox 749 450 778 500; x_wconf 86' lang='lat' dir='ltr'><strong>et</strong></span> <span class='ocrx_word' id='word_1_13' title='bbox 796 441 948 500; x_wconf 77' lang='lat' dir='ltr'><strong>Laodiceae</strong></span> <span class='ocrx_word' id='word_1_14' title='bbox 961 439 1136 499; x_wconf 86' lang='lat' dir='ltr'><strong>indarnentis</strong></span> <span class='ocrx_word' id='word_1_15' title='bbox 1159 445 1283 498; x_wconf 85' lang='lat' dir='ltr'><strong>ornatas</strong></span> <span class='ocrx_word' id='word_1_16' title='bbox 1293 440 1502 507; x_wconf 69' lang='lat' dir='ltr'><strong>iactantiam</strong></span> <span class='ocrx_word' id='word_1_17' title='bbox 1518 441 1604 502; x_wconf 86' lang='lat' dir='ltr'><strong>etiam</strong></span> <span class='ocrx_word' id='word_1_18' title='bbox 1615 445 1644 503; x_wconf 77' lang='lat' dir='ltr'><strong>S.</strong></span> <span class='ocrx_word' id='word_1_19' title='bbox 1659 443 1833 511; x_wconf 78' lang='lat' dir='ltr'><strong>Ambrosius</strong></span> 
     </span>
     <span class='ocr_line' id='line_1_3' title="bbox 139 529 1832 610; baseline 0 -16"><span class='ocrx_word' id='word_1_20' title='bbox 139 537 165 594; x_wconf 89' lang='lat' dir='ltr'><strong>in</strong></span> <span class='ocrx_word' id='word_1_21' title='bbox 182 536 331 610; x_wconf 77' lang='lat' dir='ltr'><strong>Rescripta</strong></span> <span class='ocrx_word' id='word_1_22' title='bbox 341 538 378 592; x_wconf 88' lang='lat' dir='ltr'><strong>ad</strong></span> <span class='ocrx_word' id='word_1_23' title='bbox 393 535 536 608; x_wconf 79' lang='lat' dir='ltr'><strong>syricium</strong></span> <span class='ocrx_word' id='word_1_24' title='bbox 554 553 562 591; x_wconf 91' lang='lat'>:</span> <span class='ocrx_word' id='word_1_25' title='bbox 577 539 615 592; x_wconf 84' lang='lat' dir='ltr'><strong>Se</strong></span> <span class='ocrx_word' id='word_1_26' title='bbox 627 534 737 600; x_wconf 85' lang='lat' dir='ltr'><strong>dotent,</strong></span> <span class='ocrx_word' id='word_1_27' title='bbox 747 532 855 604; x_wconf 92' lang='lat' dir='ltr'><strong>inquit,</strong></span> <span class='ocrx_word' id='word_1_28' title='bbox 862 532 911 588; x_wconf 89' lang='lat' dir='ltr'><strong>isti</strong></span> <span class='ocrx_word' id='word_1_29' title='bbox 921 529 1078 602; x_wconf 81' lang='lat' dir='ltr'><strong>(loviniani</strong></span> <span class='ocrx_word' id='word_1_30' title='bbox 1095 529 1222 602; x_wconf 78' lang='lat' dir='ltr'><strong>assertae)</strong></span> <span class='ocrx_word' id='word_1_31' title='bbox 1233 530 1330 604; x_wconf 81' lang='lat' dir='ltr'><strong>atiquo</strong></span> <span class='ocrx_word' id='word_1_32' title='bbox 1340 536 1469 604; x_wconf 86' lang='lat' dir='ltr'><strong>tempore</strong></span> <span class='ocrx_word' id='word_1_33' title='bbox 1483 548 1541 592; x_wconf 83' lang='lat' dir='ltr'><strong>esse</strong></span> <span class='ocrx_word' id='word_1_34' title='bbox 1557 538 1752 605; x_wconf 85' lang='lat' dir='ltr'><strong>maceratos,et</strong></span> <span class='ocrx_word' id='word_1_35' title='bbox 1760 553 1832 610; x_wconf 79' lang='lat' dir='ltr'><strong>pro·</strong></span> 
     </span>
     <span class='ocr_line' id='line_1_4' title="bbox 136 620 1832 698; baseline 0.001 -18"><span class='ocrx_word' id='word_1_36' title='bbox 136 626 228 698; x_wconf 83' lang='lat' dir='ltr'><strong>priam</strong></span> <span class='ocrx_word' id='word_1_37' title='bbox 241 627 423 682; x_wconf 76' lang='lat' dir='ltr'><strong>ulciscenter</strong></span> <span class='ocrx_word' id='word_1_38' title='bbox 437 624 579 696; x_wconf 81' lang='lat' dir='ltr'><strong>injuriata</strong></span> <span class='ocrx_word' id='word_1_39' title='bbox 591 623 824 697; x_wconf 72' lang='lat' dir='ltr'><strong>quotidianisque</strong></span> <span class='ocrx_word' id='word_1_40' title='bbox 838 620 973 677; x_wconf 85' lang='lat' dir='ltr'><strong>conviviis</strong></span> <span class='ocrx_word' id='word_1_41' title='bbox 986 635 1093 690; x_wconf 80' lang='lat' dir='ltr'><strong>usuque</strong></span> <span class='ocrx_word' id='word_1_42' title='bbox 1109 620 1234 676; x_wconf 77' lang='lat' dir='ltr'><strong>lusoriae</strong></span> <span class='ocrx_word' id='word_1_43' title='bbox 1245 620 1374 679; x_wconf 81' lang='lat' dir='ltr'><strong>latorem</strong></span> <span class='ocrx_word' id='word_1_44' title='bbox 1383 621 1566 679; x_wconf 73' lang='lat' dir='ltr'><strong>abstinentiae</strong></span> <span class='ocrx_word' id='word_1_45' title='bbox 1572 624 1744 696; x_wconf 83' lang='lat' dir='ltr'><strong>propulsare</strong></span> <span class='ocrx_word' id='word_1_46' title='bbox 1753 626 1832 686; x_wconf 82' lang='lat' dir='ltr'><strong>desi-</strong></span> 
     </span>
     <span class='ocr_line' id='line_1_5' title="bbox 136 707 1832 788; baseline 0.001 -16"><span class='ocrx_word' id='word_1_47' title='bbox 136 717 242 772; x_wconf 85' lang='lat' dir='ltr'><strong>derant.</strong></span> <span class='ocrx_word' id='word_1_48' title='bbox 258 715 315 788; x_wconf 80' lang='lat' dir='ltr'><strong>Hgo</strong></span> <span class='ocrx_word' id='word_1_49' title='bbox 329 714 360 770; x_wconf 92' lang='lat' dir='ltr'><strong>in</strong></span> <span class='ocrx_word' id='word_1_50' title='bbox 377 719 534 786; x_wconf 87' lang='lat' dir='ltr'><strong>utramque</strong></span> <span class='ocrx_word' id='word_1_51' title='bbox 550 717 661 786; x_wconf 89' lang='lat' dir='ltr'><strong>partem</strong></span> <span class='ocrx_word' id='word_1_52' title='bbox 677 712 766 784; x_wconf 91' lang='lat' dir='ltr'><strong>recipi</strong></span> <span class='ocrx_word' id='word_1_53' title='bbox 781 710 884 767; x_wconf 84' lang='lat' dir='ltr'><strong>isthec</strong></span> <span class='ocrx_word' id='word_1_54' title='bbox 897 715 927 766; x_wconf 92' lang='lat' dir='ltr'><strong>et</strong></span> <span class='ocrx_word' id='word_1_55' title='bbox 941 708 1046 765; x_wconf 89' lang='lat' dir='ltr'><strong>disseri</strong></span> <span class='ocrx_word' id='word_1_56' title='bbox 1062 724 1148 782; x_wconf 87' lang='lat' dir='ltr'><strong>posse</strong></span> <span class='ocrx_word' id='word_1_57' title='bbox 1177 707 1233 766; x_wconf 88' lang='lat' dir='ltr'><strong>alo.</strong></span> <span class='ocrx_word' id='word_1_58' title='bbox 1263 709 1293 766; x_wconf 88' lang='lat' dir='ltr'><strong>Si</strong></span> <span class='ocrx_word' id='word_1_59' title='bbox 1323 709 1684 782; x_wconf 88' lang='lat' dir='ltr'><strong>quimonasticamvitem</strong></span> <span class='ocrx_word' id='word_1_60' title='bbox 1697 715 1832 776; x_wconf 87' lang='lat' dir='ltr'><strong>moribus</strong></span> 
     </span>
     <span class='ocr_line' id='line_1_6' title="bbox 136 797 1831 874; baseline 0.001 -14"><span class='ocrx_word' id='word_1_61' title='bbox 136 804 283 871; x_wconf 85' lang='lat' dir='ltr'><strong>inliciatur,</strong></span> <span class='ocrx_word' id='word_1_62' title='bbox 297 803 342 859; x_wconf 90' lang='lat' dir='ltr'><strong>illi</strong></span> <span class='ocrx_word' id='word_1_63' title='bbox 357 801 420 859; x_wconf 91' lang='lat' dir='ltr'><strong>vale</strong></span> <span class='ocrx_word' id='word_1_64' title='bbox 435 802 543 859; x_wconf 81' lang='lat' dir='ltr'>dixisse</span> <span class='ocrx_word' id='word_1_65' title='bbox 572 800 722 873; x_wconf 86' lang='lat' dir='ltr'><strong>putandas</strong></span> <span class='ocrx_word' id='word_1_66' title='bbox 749 802 804 866; x_wconf 88' lang='lat' dir='ltr'><strong>est,</strong></span> <span class='ocrx_word' id='word_1_67' title='bbox 819 797 991 854; x_wconf 87' lang='lat' dir='ltr'><strong>lovinianus</strong></span> <span class='ocrx_word' id='word_1_68' title='bbox 1020 797 1182 854; x_wconf 86' lang='lat' dir='ltr'><strong>monaahus</strong></span> <span class='ocrx_word' id='word_1_69' title='bbox 1196 811 1263 854; x_wconf 87' lang='lat' dir='ltr'><strong>csse·</strong></span> <span class='ocrx_word' id='word_1_70' title='bbox 1286 797 1421 855; x_wconf 88' lang='lat' dir='ltr'><strong>destitit:</strong></span> <span class='ocrx_word' id='word_1_71' title='bbox 1440 803 1540 862; x_wconf 89' lang='lat' dir='ltr'><strong>contra</strong></span> <span class='ocrx_word' id='word_1_72' title='bbox 1569 800 1595 856; x_wconf 92' lang='lat' dir='ltr'><strong>si</strong></span> <span class='ocrx_word' id='word_1_73' title='bbox 1620 801 1831 874; x_wconf 66' lang='lat' dir='ltr'>professionem</span> 
     </span>
     <span class='ocr_line' id='line_1_7' title="bbox 134 885 1829 966; baseline 0.002 -19"><span class='ocrx_word' id='word_1_74' title='bbox 134 893 202 948; x_wconf 89' lang='lat' dir='ltr'><strong>vitia</strong></span> <span class='ocrx_word' id='word_1_75' title='bbox 215 909 268 948; x_wconf 92' lang='lat' dir='ltr'><strong>non</strong></span> <span class='ocrx_word' id='word_1_76' title='bbox 282 893 451 957; x_wconf 86' lang='lat' dir='ltr'><strong>destruunt,</strong></span> <span class='ocrx_word' id='word_1_77' title='bbox 468 889 631 946; x_wconf 87' lang='lat' dir='ltr'><strong>monachus</strong></span> <span class='ocrx_word' id='word_1_78' title='bbox 646 888 784 946; x_wconf 86' lang='lat' dir='ltr'><strong>continuo</strong></span> <span class='ocrx_word' id='word_1_79' title='bbox 799 886 864 944; x_wconf 85' lang='lat' dir='ltr'><strong>luit.</strong></span> <span class='ocrx_word' id='word_1_80' title='bbox 881 887 916 942; x_wconf 82' lang='lat' dir='ltr'><strong>Ht</strong></span> <span class='ocrx_word' id='word_1_81' title='bbox 930 885 1108 944; x_wconf 83' lang='lat' dir='ltr'><strong>monachum</strong></span> <span class='ocrx_word' id='word_1_82' title='bbox 1124 901 1156 942; x_wconf 89' lang='lat' dir='ltr'><strong>se</strong></span> <span class='ocrx_word' id='word_1_83' title='bbox 1171 885 1290 957; x_wconf 91' lang='lat' dir='ltr'><strong>quidem</strong></span> <span class='ocrx_word' id='word_1_84' title='bbox 1317 886 1504 959; x_wconf 88' lang='lat' dir='ltr'><strong>impudenter</strong></span> <span class='ocrx_word' id='word_1_85' title='bbox 1515 890 1648 960; x_wconf 86' lang='lat' dir='ltr'><strong>jactabat</strong></span> <span class='ocrx_word' id='word_1_86' title='bbox 1662 890 1735 964; x_wconf 89' lang='lat' dir='ltr'><strong>ipss,</strong></span> <span class='ocrx_word' id='word_1_87' title='bbox 1751 893 1829 966; x_wconf 92' lang='lat' dir='ltr'><strong>quod</strong></span> 
     </span>
     <span class='ocr_line' id='line_1_8' title="bbox 135 973 1832 1052; baseline 0.002 -18"><span class='ocrx_word' id='word_1_88' title='bbox 135 981 322 1052; x_wconf 77' lang='lat' dir='ltr'>Hieronymus</span> <span class='ocrx_word' id='word_1_89' title='bbox 336 979 426 1052; x_wconf 80' lang='lat' dir='ltr'><strong>priori</strong></span> <span class='ocrx_word' id='word_1_90' title='bbox 440 978 503 1036; x_wconf 91' lang='lat' dir='ltr'><strong>loco</strong></span> <span class='ocrx_word' id='word_1_91' title='bbox 517 979 601 1052; x_wconf 83' lang='lat' dir='ltr'><strong>exegi</strong></span> <span class='ocrx_word' id='word_1_92' title='bbox 615 982 657 1046; x_wconf 88' lang='lat' dir='ltr'><strong>at,</strong></span> <span class='ocrx_word' id='word_1_93' title='bbox 672 975 758 1050; x_wconf 86' lang='lat' dir='ltr'><strong>quasi</strong></span> <span class='ocrx_word' id='word_1_94' title='bbox 773 974 946 1050; x_wconf 85' lang='lat' dir='ltr'><strong>ementitum</strong></span> <span class='ocrx_word' id='word_1_95' title='bbox 961 973 1099 1046; x_wconf 90' lang='lat' dir='ltr'><strong>operibus</strong></span> <span class='ocrx_word' id='word_1_96' title='bbox 1114 990 1231 1030; x_wconf 91' lang='lat' dir='ltr'><strong>nomen.</strong></span> <span class='ocrx_word' id='word_1_97' title='bbox 1258 975 1398 1034; x_wconf 88' lang='lat' dir='ltr'><strong>Mutatam</strong></span> <span class='ocrx_word' id='word_1_98' title='bbox 1414 992 1481 1032; x_wconf 90' lang='lat' dir='ltr'><strong>vera</strong></span> <span class='ocrx_word' id='word_1_99' title='bbox 1506 977 1543 1032; x_wconf 89' lang='lat' dir='ltr'><strong>ab</strong></span> <span class='ocrx_word' id='word_1_100' title='bbox 1558 994 1592 1036; x_wconf 85' lang='lat' dir='ltr'><strong>eo</strong></span> <span class='ocrx_word' id='word_1_101' title='bbox 1607 983 1730 1049; x_wconf 88' lang='lat' dir='ltr'><strong>vestem,</strong></span> <span class='ocrx_word' id='word_1_102' title='bbox 1761 986 1832 1048; x_wconf 84' lang='lat' dir='ltr'><strong>sant</strong></span> 
     </span>
     <span class='ocr_line' id='line_1_9' title="bbox 133 1062 1833 1143; baseline 0.002 -19"><span class='ocrx_word' id='word_1_103' title='bbox 133 1069 178 1140; x_wconf 90' lang='lat' dir='ltr'><strong>qui</strong></span> <span class='ocrx_word' id='word_1_104' title='bbox 192 1069 231 1124; x_wconf 88' lang='lat' dir='ltr'><strong>ita</strong></span> <span class='ocrx_word' id='word_1_105' title='bbox 244 1069 359 1125; x_wconf 90' lang='lat' dir='ltr'><strong>dictum</strong></span> <span class='ocrx_word' id='word_1_106' title='bbox 376 1067 554 1141; x_wconf 81' lang='lat' dir='ltr'><strong>intelligant,</strong></span> <span class='ocrx_word' id='word_1_107' title='bbox 569 1071 602 1123; x_wconf 88' lang='lat' dir='ltr'><strong>at</strong></span> <span class='ocrx_word' id='word_1_108' title='bbox 625 1070 692 1122; x_wconf 89' lang='lat' dir='ltr'><strong>ante</strong></span> <span class='ocrx_word' id='word_1_109' title='bbox 706 1081 873 1140; x_wconf 84' lang='lat' dir='ltr'><strong>perversam</strong></span> <span class='ocrx_word' id='word_1_110' title='bbox 900 1062 1139 1137; x_wconf 81' lang='lat' dir='ltr'><strong>predicationem</strong></span> <span class='ocrx_word' id='word_1_111' title='bbox 1168 1063 1306 1122; x_wconf 82' lang='lat' dir='ltr'><strong>affectate</strong></span> <span class='ocrx_word' id='word_1_112' title='bbox 1336 1064 1436 1122; x_wconf 85' lang='lat' dir='ltr'><strong>sardes</strong></span> <span class='ocrx_word' id='word_1_113' title='bbox 1462 1082 1529 1122; x_wconf 84' lang='lat' dir='ltr'><strong>curn</strong></span> <span class='ocrx_word' id='word_1_114' title='bbox 1553 1073 1707 1143; x_wconf 88' lang='lat' dir='ltr'><strong>assumpta</strong></span> <span class='ocrx_word' id='word_1_115' title='bbox 1736 1069 1833 1138; x_wconf 85' lang='lat' dir='ltr'><strong>molli·</strong></span> 
     </span>
     <span class='ocr_line' id='line_1_10' title="bbox 132 1151 1834 1232; baseline 0 -18"><span class='ocrx_word' id='word_1_116' title='bbox 132 1158 168 1214; x_wconf 91' lang='lat' dir='ltr'><strong>tis</strong></span> <span class='ocrx_word' id='word_1_117' title='bbox 202 1158 276 1214; x_wconf 87' lang='lat' dir='ltr'><strong>aeris</strong></span> <span class='ocrx_word' id='word_1_118' title='bbox 317 1158 540 1230; x_wconf 73' lang='lat' dir='ltr'><strong>exprobrentur.</strong></span> <span class='ocrx_word' id='word_1_119' title='bbox 571 1156 715 1213; x_wconf 77' lang='lat' dir='ltr'><strong>Fortassis</strong></span> <span class='ocrx_word' id='word_1_120' title='bbox 738 1158 837 1212; x_wconf 89' lang='lat' dir='ltr'><strong>autem</strong></span> <span class='ocrx_word' id='word_1_121' title='bbox 866 1154 921 1210; x_wconf 91' lang='lat' dir='ltr'><strong>sub</strong></span> <span class='ocrx_word' id='word_1_122' title='bbox 950 1167 1007 1228; x_wconf 89' lang='lat' dir='ltr'><strong>qao</strong></span> <span class='ocrx_word' id='word_1_123' title='bbox 1037 1152 1161 1227; x_wconf 88' lang='lat' dir='ltr'><strong>quisque</strong></span> <span class='ocrx_word' id='word_1_124' title='bbox 1189 1151 1279 1210; x_wconf 88' lang='lat' dir='ltr'><strong>voluit</strong></span> <span class='ocrx_word' id='word_1_125' title='bbox 1307 1151 1480 1216; x_wconf 84' lang='lat' dir='ltr'><strong>indumento</strong></span> <span class='ocrx_word' id='word_1_126' title='bbox 1505 1156 1683 1218; x_wconf 86' lang='lat' dir='ltr'><strong>monachum</strong></span> <span class='ocrx_word' id='word_1_127' title='bbox 1720 1163 1834 1232; x_wconf 69' lang='lat' dir='ltr'><strong>poterin</strong></span> 
     </span>
     <span class='ocr_line' id='line_1_11' title="bbox 134 1248 1808 1319; baseline -0.002 -16"><span class='ocrx_word' id='word_1_128' title='bbox 134 1248 264 1319; x_wconf 79' lang='lat' dir='ltr'><strong>profiteri.</strong></span> <span class='ocrx_word' id='word_1_129' title='bbox 1581 1300 1584 1307; x_wconf 79' lang='grc'>,</span> <span class='ocrx_word' id='word_1_130' title='bbox 1807 1295 1808 1300; x_wconf 73' lang='grc'>,</span> 
     </span>
    </p>

    <p class='ocr_par' dir='ltr' id='par_1_3' title="bbox 127 1331 1833 2030">
     <span class='ocr_line' id='line_1_12' title="bbox 169 1331 1830 1410; baseline 0.002 -17"><span class='ocrx_word' id='word_1_131' title='bbox 169 1337 195 1392; x_wconf 86' lang='grc'><strong>3.</strong></span> <span class='ocrx_word' id='word_1_132' title='bbox 208 1337 270 1394; x_wconf 86' lang='lat' dir='ltr'><strong>tam</strong></span> <span class='ocrx_word' id='word_1_133' title='bbox 285 1337 407 1395; x_wconf 79' lang='lat' dir='ltr'><strong>heresis</strong></span> <span class='ocrx_word' id='word_1_134' title='bbox 422 1337 487 1409; x_wconf 84' lang='lat' dir='ltr'><strong>ejus</strong></span> <span class='ocrx_word' id='word_1_135' title='bbox 502 1336 599 1410; x_wconf 88' lang='lat' dir='ltr'><strong>capita</strong></span> <span class='ocrx_word' id='word_1_136' title='bbox 614 1335 675 1393; x_wconf 79' lang='lat' dir='ltr'><strong>haic</strong></span> <span class='ocrx_word' id='word_1_137' title='bbox 690 1337 774 1392; x_wconf 90' lang='lat' dir='ltr'><strong>erant</strong></span> <span class='ocrx_word' id='word_1_138' title='bbox 791 1353 797 1391; x_wconf 92' lang='lat'><strong>:</strong></span> <span class='ocrx_word' id='word_1_139' title='bbox 814 1333 956 1401; x_wconf 85' lang='lat' dir='ltr'><strong>Primum,</strong></span> <span class='ocrx_word' id='word_1_140' title='bbox 972 1331 1109 1406; x_wconf 80' lang='lat' dir='ltr'><strong>virgines,</strong></span> <span class='ocrx_word' id='word_1_141' title='bbox 1124 1331 1236 1400; x_wconf 86' lang='lat' dir='ltr'><strong>viduas,</strong></span> <span class='ocrx_word' id='word_1_142' title='bbox 1266 1337 1295 1391; x_wconf 90' lang='lat' dir='ltr'><strong>et</strong></span> <span class='ocrx_word' id='word_1_143' title='bbox 1314 1333 1445 1404; x_wconf 89' lang='lat' dir='ltr'><strong>maritas,</strong></span> <span class='ocrx_word' id='word_1_144' title='bbox 1461 1351 1524 1408; x_wconf 81' lang='lat' dir='ltr'><strong>qno</strong></span> <span class='ocrx_word' id='word_1_145' title='bbox 1553 1334 1643 1393; x_wconf 88' lang='lat' dir='ltr'><strong>semel</strong></span> <span class='ocrx_word' id='word_1_146' title='bbox 1668 1336 1699 1393; x_wconf 92' lang='lat' dir='ltr'><strong>in</strong></span> <span class='ocrx_word' id='word_1_147' title='bbox 1714 1337 1830 1396; x_wconf 84' lang='lat' dir='ltr'><strong>Christo</strong></span> 
     </span>
     <span class='ocr_line' id='line_1_13' title="bbox 133 1421 1832 1499; baseline 0.002 -20"><span class='ocrx_word' id='word_1_148' title='bbox 133 1424 281 1493; x_wconf 78' lang='lat' dir='ltr'><strong>labescat,</strong></span> <span class='ocrx_word' id='word_1_149' title='bbox 298 1428 435 1499; x_wconf 87' lang='lat' dir='ltr'><strong>ejusdem</strong></span> <span class='ocrx_word' id='word_1_150' title='bbox 463 1441 527 1482; x_wconf 89' lang='lat' dir='ltr'><strong>esse</strong></span> <span class='ocrx_word' id='word_1_151' title='bbox 555 1425 664 1491; x_wconf 87' lang='lat' dir='ltr'><strong>meriti,</strong></span> <span class='ocrx_word' id='word_1_152' title='bbox 680 1425 705 1480; x_wconf 88' lang='lat' dir='ltr'><strong>si</strong></span> <span class='ocrx_word' id='word_1_153' title='bbox 734 1425 763 1480; x_wconf 91' lang='lat' dir='ltr'><strong>ia</strong></span> <span class='ocrx_word' id='word_1_154' title='bbox 792 1422 913 1495; x_wconf 88' lang='lat' dir='ltr'><strong>reliquis</strong></span> <span class='ocrx_word' id='word_1_155' title='bbox 927 1423 991 1482; x_wconf 79' lang='lat' dir='ltr'><strong>vita</strong></span> <span class='ocrx_word' id='word_1_156' title='bbox 1019 1423 1155 1496; x_wconf 88' lang='lat' dir='ltr'><strong>operibns</strong></span> <span class='ocrx_word' id='word_1_157' title='bbox 1171 1438 1228 1478; x_wconf 93' lang='lat' dir='ltr'><strong>non</strong></span> <span class='ocrx_word' id='word_1_158' title='bbox 1244 1421 1453 1496; x_wconf 88' lang='lat' dir='ltr'><strong>discreparent.</strong></span> <span class='ocrx_word' id='word_1_159' title='bbox 1470 1423 1608 1496; x_wconf 72' lang='lat' dir='ltr'><strong>Alterum,</strong></span> <span class='ocrx_word' id='word_1_160' title='bbox 1623 1441 1673 1482; x_wconf 89' lang='lat' dir='ltr'><strong>eos</strong></span> <span class='ocrx_word' id='word_1_161' title='bbox 1688 1425 1738 1498; x_wconf 93' lang='lat' dir='ltr'><strong>qui</strong></span> <span class='ocrx_word' id='word_1_162' title='bbox 1766 1443 1832 1483; x_wconf 88' lang='lat' dir='ltr'><strong>vera</strong></span> 
     </span>
     <span class='ocr_line' id='line_1_14' title="bbox 131 1510 1831 1588; baseline 0.001 -18"><span class='ocrx_word' id='word_1_163' title='bbox 131 1515 258 1586; x_wconf 86' lang='lat' dir='ltr'><strong>baptizati</strong></span> <span class='ocrx_word' id='word_1_164' title='bbox 274 1523 360 1583; x_wconf 90' lang='lat' dir='ltr'><strong>sunt,</strong></span> <span class='ocrx_word' id='word_1_165' title='bbox 376 1532 393 1570; x_wconf 89' lang='lat' dir='ltr'><strong>a</strong></span> <span class='ocrx_word' id='word_1_166' title='bbox 408 1514 525 1572; x_wconf 91' lang='lat' dir='ltr'><strong>diaholo</strong></span> <span class='ocrx_word' id='word_1_167' title='bbox 539 1514 668 1572; x_wconf 89' lang='lat' dir='ltr'><strong>subverti</strong></span> <span class='ocrx_word' id='word_1_168' title='bbox 682 1514 761 1570; x_wconf 91' lang='lat' dir='ltr'><strong>haud</strong></span> <span class='ocrx_word' id='word_1_169' title='bbox 777 1529 872 1586; x_wconf 89' lang='lat' dir='ltr'><strong>posse.</strong></span> <span class='ocrx_word' id='word_1_170' title='bbox 885 1510 1104 1579; x_wconf 82' lang='lat' dir='ltr'><strong>Tertium,nihil</strong></span> <span class='ocrx_word' id='word_1_171' title='bbox 1120 1511 1229 1568; x_wconf 89' lang='lat' dir='ltr'><strong>distare</strong></span> <span class='ocrx_word' id='word_1_172' title='bbox 1240 1510 1488 1568; x_wconf 77' lang='lat' dir='ltr'><strong>internoscentam</strong></span> <span class='ocrx_word' id='word_1_173' title='bbox 1499 1514 1583 1583; x_wconf 91' lang='lat' dir='ltr'><strong>cibis,</strong></span> <span class='ocrx_word' id='word_1_174' title='bbox 1598 1518 1626 1570; x_wconf 93' lang='lat' dir='ltr'><strong>et</strong></span> <span class='ocrx_word' id='word_1_175' title='bbox 1635 1515 1831 1588; x_wconf 83' lang='lat' dir='ltr'>jejunantem,</span> 
     </span>
     <span class='ocr_line' id='line_1_15' title="bbox 129 1599 1831 1678; baseline 0 -18"><span class='ocrx_word' id='word_1_176' title='bbox 129 1604 152 1660; x_wconf 87' lang='lat' dir='ltr'><strong>si</strong></span> <span class='ocrx_word' id='word_1_177' title='bbox 162 1619 224 1660; x_wconf 89' lang='lat' dir='ltr'><strong>cum</strong></span> <span class='ocrx_word' id='word_1_178' title='bbox 234 1603 402 1676; x_wconf 87' lang='lat' dir='ltr'><strong>gratiarum</strong></span> <span class='ocrx_word' id='word_1_179' title='bbox 414 1603 527 1660; x_wconf 85' lang='lat' dir='ltr'><strong>actione</strong></span> <span class='ocrx_word' id='word_1_180' title='bbox 539 1603 684 1659; x_wconf 89' lang='lat' dir='ltr'><strong>comedat.</strong></span> <span class='ocrx_word' id='word_1_181' title='bbox 697 1601 891 1670; x_wconf 73' lang='lat' dir='ltr'><strong>Postremum,</strong></span> <span class='ocrx_word' id='word_1_182' title='bbox 903 1599 934 1656; x_wconf 91' lang='lat' dir='ltr'><strong>in</strong></span> <span class='ocrx_word' id='word_1_183' title='bbox 947 1616 1035 1672; x_wconf 86' lang='lat' dir='ltr'><strong>regno</strong></span> <span class='ocrx_word' id='word_1_184' title='bbox 1046 1599 1185 1656; x_wconf 76' lang='lat' dir='ltr'><strong>caelorum</strong></span> <span class='ocrx_word' id='word_1_185' title='bbox 1198 1617 1251 1673; x_wconf 89' lang='lat' dir='ltr'><strong>per</strong></span> <span class='ocrx_word' id='word_1_186' title='bbox 1265 1601 1398 1657; x_wconf 91' lang='lat' dir='ltr'><strong>omnium</strong></span> <span class='ocrx_word' id='word_1_187' title='bbox 1424 1602 1485 1660; x_wconf 88' lang='lat' dir='ltr'><strong>lore</strong></span> <span class='ocrx_word' id='word_1_188' title='bbox 1497 1603 1665 1675; x_wconf 79' lang='lat' dir='ltr'><strong>praemium,</strong></span> <span class='ocrx_word' id='word_1_189' title='bbox 1680 1603 1731 1678; x_wconf 89' lang='lat' dir='ltr'><strong>qui</strong></span> <span class='ocrx_word' id='word_1_190' title='bbox 1743 1621 1831 1661; x_wconf 90' lang='lat' dir='ltr'><strong>suum</strong></span> 
     </span>
     <span class='ocr_line' id='line_1_16' title="bbox 128 1688 1832 1766; baseline 0 -18"><span class='ocrx_word' id='word_1_191' title='bbox 128 1690 269 1766; x_wconf 86' lang='lat' dir='ltr'><strong>baptisma</strong></span> <span class='ocrx_word' id='word_1_192' title='bbox 284 1691 475 1750; x_wconf 87' lang='lat' dir='ltr'><strong>servaverint.</strong></span> <span class='ocrx_word' id='word_1_193' title='bbox 490 1695 615 1748; x_wconf 87' lang='lat' dir='ltr'><strong>Sanctus</strong></span> <span class='ocrx_word' id='word_1_194' title='bbox 625 1689 890 1764; x_wconf 80' lang='lat' dir='ltr'><strong>Augustinusduas</strong></span> <span class='ocrx_word' id='word_1_195' title='bbox 906 1693 1165 1762; x_wconf 79' lang='lat' dir='ltr'><strong>preterca,easque</strong></span> <span class='ocrx_word' id='word_1_196' title='bbox 1180 1689 1271 1746; x_wconf 89' lang='lat' dir='ltr'><strong>lerme</strong></span> <span class='ocrx_word' id='word_1_197' title='bbox 1279 1688 1458 1747; x_wconf 85' lang='lat' dir='ltr'><strong>exitiosiores</strong></span> <span class='ocrx_word' id='word_1_198' title='bbox 1473 1689 1675 1764; x_wconf 90' lang='lat' dir='ltr'><strong>blasphemias</strong></span> <span class='ocrx_word' id='word_1_199' title='bbox 1686 1691 1832 1748; x_wconf 82' lang='lat' dir='ltr'><strong>illi&#39;ascri-</strong></span> 
     </span>
     <span class='ocr_line' id='line_1_17' title="bbox 128 1775 1833 1854; baseline 0.001 -18"><span class='ocrx_word' id='word_1_200' title='bbox 128 1781 175 1849; x_wconf 88' lang='lat' dir='ltr'><strong>bit,</strong></span> <span class='ocrx_word' id='word_1_201' title='bbox 190 1797 320 1854; x_wconf 85' lang='lat' dir='ltr'><strong>quarum</strong></span> <span class='ocrx_word' id='word_1_202' title='bbox 334 1779 427 1840; x_wconf 83' lang='lat' dir='ltr'><strong>altera</strong></span> <span class='ocrx_word' id='word_1_203' title='bbox 441 1785 486 1836; x_wconf 89' lang='lat' dir='ltr'><strong>est</strong></span> <span class='ocrx_word' id='word_1_204' title='bbox 501 1799 508 1838; x_wconf 71' lang='grc' dir='ltr'><strong>ι</strong></span> <span class='ocrx_word' id='word_1_205' title='bbox 525 1780 630 1838; x_wconf 90' lang='lat' dir='ltr'><strong>Omnia</strong></span> <span class='ocrx_word' id='word_1_206' title='bbox 644 1783 764 1853; x_wconf 89' lang='lat' dir='ltr'><strong>peccata</strong></span> <span class='ocrx_word' id='word_1_207' title='bbox 777 1793 841 1835; x_wconf 83' lang='lat' dir='ltr'><strong>esre</strong></span> <span class='ocrx_word' id='word_1_208' title='bbox 857 1777 940 1852; x_wconf 89' lang='lat' dir='ltr'><strong>paria</strong></span> <span class='ocrx_word' id='word_1_209' title='bbox 957 1795 963 1833; x_wconf 95' lang='lat'><strong>:</strong></span> <span class='ocrx_word' id='word_1_210' title='bbox 981 1776 1082 1845; x_wconf 87' lang='lat' dir='ltr'><strong>altera,</strong></span> <span class='ocrx_word' id='word_1_211' title='bbox 1099 1775 1253 1851; x_wconf 86' lang='lat' dir='ltr'><strong>Delparam</strong></span> <span class='ocrx_word' id='word_1_212' title='bbox 1269 1777 1418 1851; x_wconf 83' lang='lat' dir='ltr'><strong>Virginem</strong></span> <span class='ocrx_word' id='word_1_213' title='bbox 1428 1777 1499 1834; x_wconf 84' lang='lat' dir='ltr'><strong>lesu</strong></span> <span class='ocrx_word' id='word_1_214' title='bbox 1511 1783 1636 1837; x_wconf 89' lang='lat' dir='ltr'><strong>matrem</strong></span> <span class='ocrx_word' id='word_1_215' title='bbox 1652 1797 1709 1836; x_wconf 90' lang='lat' dir='ltr'><strong>non</strong></span> <span class='ocrx_word' id='word_1_216' title='bbox 1722 1781 1753 1836; x_wconf 92' lang='lat' dir='ltr'><strong>in</strong></span> <span class='ocrx_word' id='word_1_217' title='bbox 1765 1797 1833 1838; x_wconf 92' lang='lat' dir='ltr'><strong>con·</strong></span> 
     </span>
     <span class='ocr_line' id='line_1_18' title="bbox 128 1865 1832 1944; baseline 0.002 -19"><span class='ocrx_word' id='word_1_218' title='bbox 128 1869 251 1942; x_wconf 90' lang='lat' dir='ltr'><strong>cipieado</strong></span> <span class='ocrx_word' id='word_1_219' title='bbox 267 1870 404 1942; x_wconf 91' lang='lat' dir='ltr'><strong>quidam,</strong></span> <span class='ocrx_word' id='word_1_220' title='bbox 420 1869 471 1926; x_wconf 90' lang='lat' dir='ltr'><strong>sed</strong></span> <span class='ocrx_word' id='word_1_221' title='bbox 489 1871 518 1924; x_wconf 93' lang='lat' dir='ltr'><strong>in</strong></span> <span class='ocrx_word' id='word_1_222' title='bbox 535 1869 674 1943; x_wconf 88' lang='lat' dir='ltr'><strong>pariendo</strong></span> <span class='ocrx_word' id='word_1_223' title='bbox 691 1867 781 1925; x_wconf 88' lang='lat' dir='ltr'><strong>luisse</strong></span> <span class='ocrx_word' id='word_1_224' title='bbox 795 1866 944 1924; x_wconf 88' lang='lat' dir='ltr'><strong>violatam.</strong></span> <span class='ocrx_word' id='word_1_225' title='bbox 975 1866 1039 1923; x_wconf 79' lang='lat' dir='ltr'><strong>Hae</strong></span> <span class='ocrx_word' id='word_1_226' title='bbox 1054 1867 1111 1922; x_wconf 92' lang='lat' dir='ltr'><strong>duo</strong></span> <span class='ocrx_word' id='word_1_227' title='bbox 1124 1865 1325 1940; x_wconf 83' lang='lat' dir='ltr'><strong>Hieronymus</strong></span> <span class='ocrx_word' id='word_1_228' title='bbox 1349 1866 1409 1923; x_wconf 87' lang='lat' dir='ltr'><strong>sere</strong></span> <span class='ocrx_word' id='word_1_229' title='bbox 1424 1867 1602 1936; x_wconf 81' lang='lat' dir='ltr'><strong>dissimulat,</strong></span> <span class='ocrx_word' id='word_1_230' title='bbox 1619 1872 1671 1924; x_wconf 89' lang='lat' dir='ltr'><strong>aut</strong></span> <span class='ocrx_word' id='word_1_231' title='bbox 1685 1873 1762 1927; x_wconf 81' lang='lat' dir='ltr'><strong>certa</strong></span> <span class='ocrx_word' id='word_1_232' title='bbox 1777 1885 1832 1944; x_wconf 85' lang='lat' dir='ltr'><strong>pe·</strong></span> 
     </span>
     <span class='ocr_line' id='line_1_19' title="bbox 127 1953 1833 2030; baseline 0.002 -18"><span class='ocrx_word' id='word_1_233' title='bbox 127 1958 223 2013; x_wconf 89' lang='lat' dir='ltr'><strong>culiari</strong></span> <span class='ocrx_word' id='word_1_234' title='bbox 232 1958 263 2014; x_wconf 93' lang='lat' dir='ltr'><strong>in</strong></span> <span class='ocrx_word' id='word_1_235' title='bbox 278 1957 364 2014; x_wconf 86' lang='lat' dir='ltr'><strong>hisce</strong></span> <span class='ocrx_word' id='word_1_236' title='bbox 374 1957 458 2014; x_wconf 90' lang='lat' dir='ltr'><strong>libris</strong></span> <span class='ocrx_word' id='word_1_237' title='bbox 473 1956 664 2029; x_wconf 80' lang='lat' dir='ltr'><strong>responsione</strong></span> <span class='ocrx_word' id='word_1_238' title='bbox 679 1973 738 2012; x_wconf 93' lang='lat' dir='ltr'><strong>non</strong></span> <span class='ocrx_word' id='word_1_239' title='bbox 753 1955 908 2029; x_wconf 86' lang='lat' dir='ltr'><strong>impugnat</strong></span> <span class='ocrx_word' id='word_1_240' title='bbox 924 1973 931 2010; x_wconf 92' lang='lat'>:</span> <span class='ocrx_word' id='word_1_241' title='bbox 946 1972 1009 2027; x_wconf 80' lang='lat' dir='ltr'><strong>quae</strong></span> <span class='ocrx_word' id='word_1_242' title='bbox 1038 1955 1152 2011; x_wconf 84' lang='lat' dir='ltr'><strong>Hrasmi</strong></span> <span class='ocrx_word' id='word_1_243' title='bbox 1167 1953 1351 2027; x_wconf 90' lang='lat' dir='ltr'><strong>aliorumque</strong></span> <span class='ocrx_word' id='word_1_244' title='bbox 1367 1959 1434 2030; x_wconf 91' lang='lat' dir='ltr'><strong>post</strong></span> <span class='ocrx_word' id='word_1_245' title='bbox 1448 1953 1533 2013; x_wconf 91' lang='lat' dir='ltr'><strong>illum</strong></span> <span class='ocrx_word' id='word_1_246' title='bbox 1549 1955 1622 2013; x_wconf 87' lang='lat' dir='ltr'><strong>ratio</strong></span> <span class='ocrx_word' id='word_1_247' title='bbox 1638 1961 1692 2026; x_wconf 88' lang='lat' dir='ltr'><strong>est,</strong></span> <span class='ocrx_word' id='word_1_248' title='bbox 1709 1962 1741 2014; x_wconf 93' lang='lat' dir='ltr'><strong>ut</strong></span> <span class='ocrx_word' id='word_1_249' title='bbox 1763 1957 1833 2016; x_wconf 90' lang='lat' dir='ltr'><strong>inde</strong></span> 
     </span>
    </p>
   </div>
   <div class='ocr_carea' id='block_1_3' title="bbox 130 2041 1921 2120">
    <p class='ocr_par' dir='ltr' id='par_1_4' title="bbox 130 2041 1921 2120">
     <span class='ocr_line' id='line_1_20' title="bbox 130 2041 1921 2120; baseline 0.002 -20"><span class='ocrx_word' id='word_1_250' title='bbox 130 2046 291 2115; x_wconf 82' lang='lat' dir='ltr'><strong>conficiant,</strong></span> <span class='ocrx_word' id='word_1_251' title='bbox 305 2046 506 2120; x_wconf 72' lang='lat' dir='ltr'><strong>augustinum</strong></span> <span class='ocrx_word' id='word_1_252' title='bbox 520 2046 673 2103; x_wconf 86' lang='lat' dir='ltr'><strong>Joviaiano</strong></span> <span class='ocrx_word' id='word_1_253' title='bbox 701 2045 835 2118; x_wconf 80' lang='lat' dir='ltr'><strong>quedam</strong></span> <span class='ocrx_word' id='word_1_254' title='bbox 859 2044 1006 2100; x_wconf 87' lang='lat' dir='ltr'><strong>immerito</strong></span> <span class='ocrx_word' id='word_1_255' title='bbox 1021 2042 1201 2112; x_wconf 78' lang='lat' dir='ltr'><strong>attribuisse,</strong></span> <span class='ocrx_word' id='word_1_256' title='bbox 1218 2060 1281 2116; x_wconf 81' lang='lat' dir='ltr'><strong>qua</strong></span> <span class='ocrx_word' id='word_1_257' title='bbox 1303 2061 1420 2100; x_wconf 91' lang='lat' dir='ltr'><strong>rumore</strong></span> <span class='ocrx_word' id='word_1_258' title='bbox 1453 2048 1568 2101; x_wconf 90' lang='lat' dir='ltr'><strong>tantam</strong></span> <span class='ocrx_word' id='word_1_259' title='bbox 1584 2045 1832 2119; x_wconf 83' lang='lat' dir='ltr'><strong>popularijactari</strong></span> <span class='ocrx_word' id='word_1_260' title='bbox 1917 2041 1921 2049; x_wconf 72' lang='grc'><strong>“</strong></span> 
     </span>
    </p>
   </div>
   <div class='ocr_carea' id='block_1_4' title="bbox 109 2132 1833 4428">
    <p class='ocr_par' dir='ltr' id='par_1_5' title="bbox 116 2132 1833 3448">
     <span class='ocr_line' id='line_1_21' title="bbox 128 2132 1832 2210; baseline 0.002 -21"><span class='ocrx_word' id='word_1_261' title='bbox 128 2135 165 2190; x_wconf 90' lang='lat' dir='ltr'><strong>de</strong></span> <span class='ocrx_word' id='word_1_262' title='bbox 178 2135 225 2191; x_wconf 93' lang='lat' dir='ltr'><strong>illa</strong></span> <span class='ocrx_word' id='word_1_263' title='bbox 237 2139 350 2192; x_wconf 76' lang='lat' dir='ltr'><strong>tamma</strong></span> <span class='ocrx_word' id='word_1_264' title='bbox 365 2135 528 2192; x_wconf 77' lang='lat' dir='ltr'><strong>didicisset.</strong></span> <span class='ocrx_word' id='word_1_265' title='bbox 544 2134 687 2208; x_wconf 76' lang='lat' dir='ltr'><strong>Equidem</strong></span> <span class='ocrx_word' id='word_1_266' title='bbox 702 2150 767 2206; x_wconf 85' lang='lat' dir='ltr'><strong>quae</strong></span> <span class='ocrx_word' id='word_1_267' title='bbox 784 2133 902 2206; x_wconf 81' lang='lat' dir='ltr'><strong>scripsit</strong></span> <span class='ocrx_word' id='word_1_268' title='bbox 916 2132 971 2189; x_wconf 91' lang='lat' dir='ltr'><strong>hac</strong></span> <span class='ocrx_word' id='word_1_269' title='bbox 984 2134 1020 2190; x_wconf 90' lang='lat' dir='ltr'><strong>de</strong></span> <span class='ocrx_word' id='word_1_270' title='bbox 1033 2132 1137 2189; x_wconf 81' lang='lat' dir='ltr'><strong>heresi</strong></span> <span class='ocrx_word' id='word_1_271' title='bbox 1152 2132 1308 2206; x_wconf 90' lang='lat' dir='ltr'><strong>episcopus</strong></span> <span class='ocrx_word' id='word_1_272' title='bbox 1327 2132 1534 2206; x_wconf 87' lang='lat' dir='ltr'><strong>Hipponensis,</strong></span> <span class='ocrx_word' id='word_1_273' title='bbox 1551 2134 1588 2191; x_wconf 91' lang='lat' dir='ltr'><strong>ab</strong></span> <span class='ocrx_word' id='word_1_274' title='bbox 1616 2134 1682 2192; x_wconf 90' lang='lat' dir='ltr'><strong>aliis</strong></span> <span class='ocrx_word' id='word_1_275' title='bbox 1708 2152 1748 2194; x_wconf 87' lang='lat' dir='ltr'><strong>se</strong></span> <span class='ocrx_word' id='word_1_276' title='bbox 1768 2151 1832 2210; x_wconf 90' lang='lat' dir='ltr'><strong>pro·</strong></span> 
     </span>
     <span class='ocr_line' id='line_1_22' title="bbox 128 2221 1829 2298; baseline 0.002 -20"><span class='ocrx_word' id='word_1_277' title='bbox 128 2224 221 2280; x_wconf 87' lang='lat' dir='ltr'><strong>litetur</strong></span> <span class='ocrx_word' id='word_1_278' title='bbox 245 2224 418 2298; x_wconf 80' lang='lat' dir='ltr'><strong>accepisse:</strong></span> <span class='ocrx_word' id='word_1_279' title='bbox 436 2223 528 2280; x_wconf 88' lang='lat' dir='ltr'><strong>nihilo</strong></span> <span class='ocrx_word' id='word_1_280' title='bbox 555 2224 652 2280; x_wconf 89' lang='lat' dir='ltr'><strong>secius</strong></span> <span class='ocrx_word' id='word_1_281' title='bbox 667 2223 731 2279; x_wconf 90' lang='lat' dir='ltr'><strong>lalsi</strong></span> <span class='ocrx_word' id='word_1_282' title='bbox 746 2222 858 2295; x_wconf 87' lang='lat' dir='ltr'><strong>aliquid</strong></span> <span class='ocrx_word' id='word_1_283' title='bbox 873 2222 985 2294; x_wconf 91' lang='lat' dir='ltr'><strong>imponi</strong></span> <span class='ocrx_word' id='word_1_284' title='bbox 1001 2221 1057 2278; x_wconf 88' lang='lat' dir='ltr'><strong>sibi</strong></span> <span class='ocrx_word' id='word_1_285' title='bbox 1073 2237 1204 2296; x_wconf 90' lang='lat' dir='ltr'><strong>passum,</strong></span> <span class='ocrx_word' id='word_1_286' title='bbox 1220 2225 1249 2277; x_wconf 89' lang='lat' dir='ltr'><strong>et</strong></span> <span class='ocrx_word' id='word_1_287' title='bbox 1263 2237 1354 2292; x_wconf 91' lang='lat' dir='ltr'><strong>supra</strong></span> <span class='ocrx_word' id='word_1_288' title='bbox 1368 2222 1446 2293; x_wconf 89' lang='lat' dir='ltr'><strong>qued</strong></span> <span class='ocrx_word' id='word_1_289' title='bbox 1460 2239 1563 2279; x_wconf 89' lang='lat' dir='ltr'><strong>verum</strong></span> <span class='ocrx_word' id='word_1_290' title='bbox 1577 2228 1665 2294; x_wconf 90' lang='lat' dir='ltr'><strong>esset,</strong></span> <span class='ocrx_word' id='word_1_291' title='bbox 1681 2225 1829 2284; x_wconf 85' lang='lat' dir='ltr'><strong>iovinisai</strong></span> 
     </span>
     <span class='ocr_line' id='line_1_23' title="bbox 124 2309 1832 2385; baseline 0.002 -17"><span class='ocrx_word' id='word_1_292' title='bbox 124 2329 228 2370; x_wconf 87' lang='lat' dir='ltr'><strong>ermres</strong></span> <span class='ocrx_word' id='word_1_293' title='bbox 242 2312 428 2380; x_wconf 88' lang='lat' dir='ltr'><strong>cumulasse,</strong></span> <span class='ocrx_word' id='word_1_294' title='bbox 445 2329 503 2369; x_wconf 89' lang='lat' dir='ltr'><strong>non</strong></span> <span class='ocrx_word' id='word_1_295' title='bbox 519 2316 599 2385; x_wconf 91' lang='lat' dir='ltr'><strong>puto.</strong></span> <span class='ocrx_word' id='word_1_296' title='bbox 616 2311 770 2368; x_wconf 84' lang='lat' dir='ltr'><strong>Hnimvero</strong></span> <span class='ocrx_word' id='word_1_297' title='bbox 785 2311 1001 2369; x_wconf 86' lang='lat' dir='ltr'><strong>ridiculum-de</strong></span> <span class='ocrx_word' id='word_1_298' title='bbox 1028 2316 1214 2385; x_wconf 88' lang='lat' dir='ltr'><strong>peccatorum</strong></span> <span class='ocrx_word' id='word_1_299' title='bbox 1242 2309 1408 2382; x_wconf 77' lang='lat' dir='ltr'><strong>equalitate</strong></span> <span class='ocrx_word' id='word_1_300' title='bbox 1437 2316 1636 2368; x_wconf 87' lang='lat' dir='ltr'><strong>commentam</strong></span> <span class='ocrx_word' id='word_1_301' title='bbox 1665 2329 1700 2370; x_wconf 89' lang='lat' dir='ltr'><strong>ex</strong></span> <span class='ocrx_word' id='word_1_302' title='bbox 1726 2313 1832 2371; x_wconf 90' lang='lat' dir='ltr'><strong>iisdem</strong></span> 
     </span>
     <span class='ocr_line' id='line_1_24' title="bbox 125 2398 1832 2472; baseline 0.003 -18"><span class='ocrx_word' id='word_1_303' title='bbox 125 2407 217 2457; x_wconf 88' lang='lat' dir='ltr'><strong>manat</strong></span> <span class='ocrx_word' id='word_1_304' title='bbox 231 2402 406 2458; x_wconf 85' lang='lat' dir='ltr'><strong>Stoicorum</strong></span> <span class='ocrx_word' id='word_1_305' title='bbox 422 2400 563 2465; x_wconf 88' lang='lat' dir='ltr'><strong>lontibus,</strong></span> <span class='ocrx_word' id='word_1_306' title='bbox 576 2399 654 2456; x_wconf 91' lang='lat' dir='ltr'><strong>unde</strong></span> <span class='ocrx_word' id='word_1_307' title='bbox 671 2399 982 2469; x_wconf 82' lang='lat' dir='ltr'><strong>hereticushauserat,</strong></span> <span class='ocrx_word' id='word_1_308' title='bbox 999 2403 1088 2471; x_wconf 88' lang='lat' dir='ltr'><strong>atque</strong></span> <span class='ocrx_word' id='word_1_309' title='bbox 1104 2416 1139 2455; x_wconf 81' lang='lat' dir='ltr'><strong>en</strong></span> <span class='ocrx_word' id='word_1_310' title='bbox 1154 2415 1188 2455; x_wconf 91' lang='lat' dir='ltr'><strong>ea</strong></span> <span class='ocrx_word' id='word_1_311' title='bbox 1204 2415 1294 2472; x_wconf 86' lang='lat' dir='ltr'><strong>quam</strong></span> <span class='ocrx_word' id='word_1_312' title='bbox 1310 2398 1568 2471; x_wconf 87' lang='lat' dir='ltr'><strong>impudentissime</strong></span> <span class='ocrx_word' id='word_1_313' title='bbox 1582 2401 1832 2470; x_wconf 73' lang='lat' dir='ltr'><strong>asserebatmeri-</strong></span> 
     </span>
     <span class='ocr_line' id='line_1_25' title="bbox 123 2485 1831 2564; baseline 0 -18"><span class='ocrx_word' id='word_1_314' title='bbox 123 2495 215 2547; x_wconf 87' lang='lat' dir='ltr'><strong>torum</strong></span> <span class='ocrx_word' id='word_1_315' title='bbox 229 2489 401 2564; x_wconf 81' lang='lat' dir='ltr'><strong>equalitate</strong></span> <span class='ocrx_word' id='word_1_316' title='bbox 417 2489 501 2562; x_wconf 89' lang='lat' dir='ltr'><strong>quasi</strong></span> <span class='ocrx_word' id='word_1_317' title='bbox 518 2489 683 2546; x_wconf 89' lang='lat' dir='ltr'><strong>necessario</strong></span> <span class='ocrx_word' id='word_1_318' title='bbox 698 2489 762 2546; x_wconf 87' lang='lat' dir='ltr'><strong>tluit</strong></span> <span class='ocrx_word' id='word_1_319' title='bbox 778 2507 784 2546; x_wconf 96' lang='lat'><strong>:</strong></span> <span class='ocrx_word' id='word_1_320' title='bbox 802 2489 877 2546; x_wconf 91' lang='lat' dir='ltr'><strong>hanc</strong></span> <span class='ocrx_word' id='word_1_321' title='bbox 891 2504 978 2562; x_wconf 92' lang='lat' dir='ltr'><strong>porro</strong></span> <span class='ocrx_word' id='word_1_322' title='bbox 993 2488 1188 2560; x_wconf 77' lang='lat' dir='ltr'><strong>Hieronymus</strong></span> <span class='ocrx_word' id='word_1_323' title='bbox 1202 2486 1271 2544; x_wconf 88' lang='lat' dir='ltr'><strong>totis</strong></span> <span class='ocrx_word' id='word_1_324' title='bbox 1295 2485 1379 2544; x_wconf 91' lang='lat' dir='ltr'><strong>libris</strong></span> <span class='ocrx_word' id='word_1_325' title='bbox 1395 2488 1555 2560; x_wconf 76' lang='lat' dir='ltr'><strong>redarguit.</strong></span> <span class='ocrx_word' id='word_1_326' title='bbox 1572 2487 1702 2546; x_wconf 81' lang='lat' dir='ltr'><strong>Alteram</strong></span> <span class='ocrx_word' id='word_1_327' title='bbox 1717 2491 1755 2547; x_wconf 87' lang='lat' dir='ltr'><strong>de</strong></span> <span class='ocrx_word' id='word_1_328' title='bbox 1768 2503 1831 2548; x_wconf 92' lang='lat' dir='ltr'><strong>cor·</strong></span> 
     </span>
     <span class='ocr_line' id='line_1_26' title="bbox 126 2570 1831 2654; baseline 0.002 -22"><span class='ocrx_word' id='word_1_329' title='bbox 126 2583 207 2649; x_wconf 90' lang='lat' dir='ltr'><strong>rupta</strong></span> <span class='ocrx_word' id='word_1_330' title='bbox 221 2579 250 2634; x_wconf 86' lang='lat' dir='ltr'><strong>B.</strong></span> <span class='ocrx_word' id='word_1_331' title='bbox 267 2578 370 2634; x_wconf 83' lang='lat' dir='ltr'><strong>Maria</strong></span> <span class='ocrx_word' id='word_1_332' title='bbox 384 2570 546 2649; x_wconf 71' lang='lat' dir='ltr'><strong>virginitati</strong></span> <span class='ocrx_word' id='word_1_333' title='bbox 561 2578 591 2632; x_wconf 92' lang='lat' dir='ltr'><strong>in</strong></span> <span class='ocrx_word' id='word_1_334' title='bbox 607 2581 704 2649; x_wconf 88' lang='lat' dir='ltr'><strong>partu,</strong></span> <span class='ocrx_word' id='word_1_335' title='bbox 720 2578 927 2651; x_wconf 83' lang='lat' dir='ltr'><strong>dignissimam</strong></span> <span class='ocrx_word' id='word_1_336' title='bbox 939 2575 1073 2634; x_wconf 90' lang='lat' dir='ltr'><strong>omnium</strong></span> <span class='ocrx_word' id='word_1_337' title='bbox 1084 2575 1282 2633; x_wconf 80' lang='lat' dir='ltr'><strong>exsecratione</strong></span> <span class='ocrx_word' id='word_1_338' title='bbox 1296 2581 1384 2649; x_wconf 87' lang='lat' dir='ltr'><strong>atque</strong></span> <span class='ocrx_word' id='word_1_339' title='bbox 1398 2576 1464 2633; x_wconf 91' lang='lat' dir='ltr'><strong>odio</strong></span> <span class='ocrx_word' id='word_1_340' title='bbox 1481 2576 1708 2650; x_wconf 83' lang='lat' dir='ltr'><strong>blasphemiam,</strong></span> <span class='ocrx_word' id='word_1_341' title='bbox 1720 2595 1756 2635; x_wconf 83' lang='lat' dir='ltr'><strong>ex</strong></span> <span class='ocrx_word' id='word_1_342' title='bbox 1765 2579 1831 2654; x_wconf 88' lang='lat' dir='ltr'><strong>ipsa</strong></span> 
     </span>
     <span class='ocr_line' id='line_1_27' title="bbox 123 2662 1832 2740; baseline 0.001 -18"><span class='ocrx_word' id='word_1_343' title='bbox 123 2667 148 2723; x_wconf 85' lang='lat' dir='ltr'><strong>S.</strong></span> <span class='ocrx_word' id='word_1_344' title='bbox 163 2667 310 2725; x_wconf 76' lang='lat' dir='ltr'><strong>Ambrosii</strong></span> <span class='ocrx_word' id='word_1_345' title='bbox 324 2666 479 2740; x_wconf 83' lang='lat' dir='ltr'><strong>Rescripta</strong></span> <span class='ocrx_word' id='word_1_346' title='bbox 495 2667 530 2724; x_wconf 90' lang='lat' dir='ltr'><strong>ad</strong></span> <span class='ocrx_word' id='word_1_347' title='bbox 546 2666 691 2740; x_wconf 82' lang='lat' dir='ltr'><strong>Syricium</strong></span> <span class='ocrx_word' id='word_1_348' title='bbox 706 2667 849 2723; x_wconf 81' lang='lat' dir='ltr'><strong>evincitur</strong></span> <span class='ocrx_word' id='word_1_349' title='bbox 864 2667 900 2722; x_wconf 90' lang='lat' dir='ltr'><strong>ab</strong></span> <span class='ocrx_word' id='word_1_350' title='bbox 917 2665 967 2721; x_wconf 95' lang='lat' dir='ltr'><strong>illo</strong></span> <span class='ocrx_word' id='word_1_351' title='bbox 981 2665 1103 2738; x_wconf 89' lang='lat' dir='ltr'><strong>suisque</strong></span> <span class='ocrx_word' id='word_1_352' title='bbox 1117 2662 1238 2722; x_wconf 89' lang='lat' dir='ltr'><strong>asseclis</strong></span> <span class='ocrx_word' id='word_1_353' title='bbox 1255 2664 1346 2737; x_wconf 83' lang='lat' dir='ltr'><strong>impia</strong></span> <span class='ocrx_word' id='word_1_354' title='bbox 1358 2665 1501 2736; x_wconf 86' lang='lat' dir='ltr'><strong>jactatam</strong></span> <span class='ocrx_word' id='word_1_355' title='bbox 1518 2682 1526 2720; x_wconf 91' lang='lat'>:</span> <span class='ocrx_word' id='word_1_356' title='bbox 1543 2665 1605 2734; x_wconf 85' lang='lat' dir='ltr'><strong>Sed,</strong></span> <span class='ocrx_word' id='word_1_357' title='bbox 1620 2665 1726 2738; x_wconf 82' lang='lat' dir='ltr'><strong>inquit,</strong></span> <span class='ocrx_word' id='word_1_358' title='bbox 1750 2667 1832 2726; x_wconf 60' lang='lat' dir='ltr'><strong>&amp;uia</strong></span> 
     </span>
     <span class='ocr_line' id='line_1_28' title="bbox 120 2753 1833 2830; baseline 0.001 -18"><span class='ocrx_word' id='word_1_359' title='bbox 120 2759 310 2827; x_wconf 79' lang='lat' dir='ltr'><strong>perversitatis</strong></span> <span class='ocrx_word' id='word_1_360' title='bbox 322 2757 491 2830; x_wconf 69' lang='lat' dir='ltr'><strong>medentur</strong></span> <span class='ocrx_word' id='word_1_361' title='bbox 505 2755 607 2822; x_wconf 86' lang='lat' dir='ltr'><strong>dicere,</strong></span> <span class='ocrx_word' id='word_1_362' title='bbox 625 2757 703 2827; x_wconf 85' lang='lat' dir='ltr'><strong>l&#39;irpo</strong></span> <span class='ocrx_word' id='word_1_363' title='bbox 716 2759 855 2829; x_wconf 85' lang='lat' dir='ltr'><strong>concepit,</strong></span> <span class='ocrx_word' id='word_1_364' title='bbox 872 2755 920 2812; x_wconf 88' lang='lat' dir='ltr'><strong>sed</strong></span> <span class='ocrx_word' id='word_1_365' title='bbox 933 2771 991 2810; x_wconf 87' lang='lat' dir='ltr'><strong>non</strong></span> <span class='ocrx_word' id='word_1_366' title='bbox 1009 2757 1094 2828; x_wconf 84' lang='lat' dir='ltr'><strong>Virpo</strong></span> <span class='ocrx_word' id='word_1_367' title='bbox 1108 2754 1250 2826; x_wconf 74' lang='lat' dir='ltr'><strong>permovit</strong></span> <span class='ocrx_word' id='word_1_368' title='bbox 1265 2772 1274 2808; x_wconf 95' lang='lat'><em>:</em></span> <span class='ocrx_word' id='word_1_369' title='bbox 1294 2753 1373 2826; x_wconf 92' lang='lat' dir='ltr'><strong>quod</strong></span> <span class='ocrx_word' id='word_1_370' title='bbox 1389 2753 1459 2812; x_wconf 89' lang='lat' dir='ltr'><strong>item</strong></span> <span class='ocrx_word' id='word_1_371' title='bbox 1479 2754 1630 2812; x_wconf 85' lang='lat' dir='ltr'><strong>consulare</strong></span> <span class='ocrx_word' id='word_1_372' title='bbox 1644 2757 1833 2830; x_wconf 88' lang='lat' dir='ltr'><strong>persequitur</strong></span> 
     </span>
     <span class='ocr_line' id='line_1_29' title="bbox 121 2841 1825 2918; baseline 0.002 -20"><span class='ocrx_word' id='word_1_373' title='bbox 121 2847 175 2900; x_wconf 90' lang='lat' dir='ltr'><strong>tolo</strong></span> <span class='ocrx_word' id='word_1_374' title='bbox 191 2845 238 2901; x_wconf 90' lang='lat' dir='ltr'><strong>illa</strong></span> <span class='ocrx_word' id='word_1_375' title='bbox 255 2851 289 2902; x_wconf 90' lang='lat' dir='ltr'><strong>et</strong></span> <span class='ocrx_word' id='word_1_376' title='bbox 304 2846 440 2918; x_wconf 83' lang='lat' dir='ltr'><strong>sequenti</strong></span> <span class='ocrx_word' id='word_1_377' title='bbox 456 2846 560 2918; x_wconf 87' lang='lat' dir='ltr'><strong>capite.</strong></span> <span class='ocrx_word' id='word_1_378' title='bbox 576 2845 618 2900; x_wconf 87' lang='lat' dir='ltr'><strong>Ad</strong></span> <span class='ocrx_word' id='word_1_379' title='bbox 633 2845 695 2900; x_wconf 78' lang='lat' dir='ltr'><strong>hac</strong></span> <span class='ocrx_word' id='word_1_380' title='bbox 724 2845 918 2918; x_wconf 78' lang='lat' dir='ltr'><strong>Hieronymus</strong></span> <span class='ocrx_word' id='word_1_381' title='bbox 942 2843 1006 2917; x_wconf 90' lang='lat' dir='ltr'><strong>ipsc</strong></span> <span class='ocrx_word' id='word_1_382' title='bbox 1021 2843 1101 2898; x_wconf 89' lang='lat' dir='ltr'><strong>istud</strong></span> <span class='ocrx_word' id='word_1_383' title='bbox 1117 2843 1230 2915; x_wconf 89' lang='lat' dir='ltr'><strong>passim</strong></span> <span class='ocrx_word' id='word_1_384' title='bbox 1245 2845 1345 2898; x_wconf 87' lang='lat' dir='ltr'><strong>contra</strong></span> <span class='ocrx_word' id='word_1_385' title='bbox 1359 2841 1528 2898; x_wconf 79' lang='lat' dir='ltr'><strong>hoereticum</strong></span> <span class='ocrx_word' id='word_1_386' title='bbox 1542 2847 1629 2916; x_wconf 83' lang='lat' dir='ltr'><strong>urget</strong></span> <span class='ocrx_word' id='word_1_387' title='bbox 1643 2859 1676 2900; x_wconf 90' lang='lat' dir='ltr'><strong>ac</strong></span> <span class='ocrx_word' id='word_1_388' title='bbox 1692 2845 1825 2918; x_wconf 84' lang='lat' dir='ltr'><strong>replicet,</strong></span> 
     </span>
     <span class='ocr_line' id='line_1_30' title="bbox 118 2929 1827 3007; baseline 0.002 -22"><span class='ocrx_word' id='word_1_389' title='bbox 118 2930 258 2990; x_wconf 82' lang='lat' dir='ltr'><strong>illibatam</strong></span> <span class='ocrx_word' id='word_1_390' title='bbox 277 2933 480 3006; x_wconf 80' lang='lat' dir='ltr'><strong>permansisse</strong></span> <span class='ocrx_word' id='word_1_391' title='bbox 495 2937 523 2990; x_wconf 93' lang='lat' dir='ltr'><strong>et</strong></span> <span class='ocrx_word' id='word_1_392' title='bbox 539 2933 568 2990; x_wconf 93' lang='lat' dir='ltr'><strong>in</strong></span> <span class='ocrx_word' id='word_1_393' title='bbox 587 2939 729 3007; x_wconf 91' lang='lat' dir='ltr'><strong>conceptu</strong></span> <span class='ocrx_word' id='word_1_394' title='bbox 745 2938 773 2990; x_wconf 92' lang='lat' dir='ltr'><strong>et</strong></span> <span class='ocrx_word' id='word_1_395' title='bbox 786 2933 817 2989; x_wconf 92' lang='lat' dir='ltr'><strong>in</strong></span> <span class='ocrx_word' id='word_1_396' title='bbox 833 2937 917 3006; x_wconf 90' lang='lat' dir='ltr'><strong>partu</strong></span> <span class='ocrx_word' id='word_1_397' title='bbox 933 2931 1064 3004; x_wconf 85' lang='lat' dir='ltr'><strong>Deiparae</strong></span> <span class='ocrx_word' id='word_1_398' title='bbox 1090 2931 1301 3004; x_wconf 84' lang='lat' dir='ltr'><strong>integritatem,</strong></span> <span class='ocrx_word' id='word_1_399' title='bbox 1317 2929 1483 3003; x_wconf 85' lang='lat' dir='ltr'><strong>Christique</strong></span> <span class='ocrx_word' id='word_1_400' title='bbox 1498 2947 1605 3004; x_wconf 90' lang='lat' dir='ltr'><strong>corpus</strong></span> <span class='ocrx_word' id='word_1_401' title='bbox 1628 2931 1738 2990; x_wconf 88' lang='lat' dir='ltr'><strong>clausis</strong></span> <span class='ocrx_word' id='word_1_402' title='bbox 1752 2934 1827 2991; x_wconf 81' lang='lat' dir='ltr'><strong>eaesi</strong></span> 
     </span>
     <span class='ocr_line' id='line_1_31' title="bbox 120 3019 1828 3096; baseline 0.003 -20"><span class='ocrx_word' id='word_1_403' title='bbox 120 3021 190 3079; x_wconf 84' lang='lat' dir='ltr'><strong>uteri</strong></span> <span class='ocrx_word' id='word_1_404' title='bbox 204 3022 358 3096; x_wconf 86' lang='lat' dir='ltr'><strong>repagulis</strong></span> <span class='ocrx_word' id='word_1_405' title='bbox 373 3023 476 3079; x_wconf 89' lang='lat' dir='ltr'><strong>eodem</strong></span> <span class='ocrx_word' id='word_1_406' title='bbox 493 3023 580 3079; x_wconf 93' lang='lat' dir='ltr'><strong>modo</strong></span> <span class='ocrx_word' id='word_1_407' title='bbox 596 3023 673 3079; x_wconf 86' lang='lat' dir='ltr'><strong>ieras</strong></span> <span class='ocrx_word' id='word_1_408' title='bbox 689 3023 844 3094; x_wconf 88' lang='lat' dir='ltr'><strong>prodiisse,</strong></span> <span class='ocrx_word' id='word_1_409' title='bbox 860 3039 918 3094; x_wconf 92' lang='lat' dir='ltr'><strong>quo</strong></span> <span class='ocrx_word' id='word_1_410' title='bbox 947 3022 984 3078; x_wconf 88' lang='lat' dir='ltr'><strong>ad</strong></span> <span class='ocrx_word' id='word_1_411' title='bbox 1000 3019 1159 3092; x_wconf 90' lang='lat' dir='ltr'><strong>discipulos</strong></span> <span class='ocrx_word' id='word_1_412' title='bbox 1173 3019 1317 3077; x_wconf 89' lang='lat' dir='ltr'><strong>obseratis</strong></span> <span class='ocrx_word' id='word_1_413' title='bbox 1338 3021 1450 3077; x_wconf 81' lang='lat' dir='ltr'><strong>toribus</strong></span> <span class='ocrx_word' id='word_1_414' title='bbox 1465 3021 1635 3093; x_wconf 87' lang='lat' dir='ltr'><strong>penetravit.</strong></span> <span class='ocrx_word' id='word_1_415' title='bbox 1663 3023 1743 3080; x_wconf 87' lang='lat' dir='ltr'><strong>ldem</strong></span> <span class='ocrx_word' id='word_1_416' title='bbox 1758 3039 1828 3081; x_wconf 89' lang='lat' dir='ltr'><strong>coa·</strong></span> 
     </span>
     <span class='ocr_line' id='line_1_32' title="bbox 118 3108 1828 3184; baseline 0.005 -22"><span class='ocrx_word' id='word_1_417' title='bbox 118 3113 159 3164; x_wconf 86' lang='lat' dir='ltr'><strong>tra</strong></span> <span class='ocrx_word' id='word_1_418' title='bbox 172 3110 354 3168; x_wconf 80' lang='lat' dir='ltr'><strong>Helvidium:</strong></span> <span class='ocrx_word' id='word_1_419' title='bbox 370 3115 401 3168; x_wconf 90' lang='lat' dir='ltr'><strong>et</strong></span> <span class='ocrx_word' id='word_1_420' title='bbox 415 3109 586 3168; x_wconf 80' lang='lat' dir='ltr'><strong>Tertulliani</strong></span> <span class='ocrx_word' id='word_1_421' title='bbox 602 3111 784 3168; x_wconf 88' lang='lat' dir='ltr'><strong>levissimum</strong></span> <span class='ocrx_word' id='word_1_422' title='bbox 800 3111 1003 3168; x_wconf 90' lang='lat' dir='ltr'><strong>testimonium</strong></span> <span class='ocrx_word' id='word_1_423' title='bbox 1018 3109 1093 3166; x_wconf 92' lang='lat' dir='ltr'><strong>libro</strong></span> <span class='ocrx_word' id='word_1_424' title='bbox 1108 3109 1141 3166; x_wconf 90' lang='lat' dir='ltr'><strong>de</strong></span> <span class='ocrx_word' id='word_1_425' title='bbox 1163 3125 1252 3166; x_wconf 84' lang='lat' dir='ltr'><strong>carne</strong></span> <span class='ocrx_word' id='word_1_426' title='bbox 1266 3108 1444 3183; x_wconf 71' lang='lat' dir='ltr'><strong>Christicap.</strong></span> <span class='ocrx_word' id='word_1_427' title='bbox 1460 3111 1496 3166; x_wconf 79' lang='lat'><strong>32</strong></span> <span class='ocrx_word' id='word_1_428' title='bbox 1512 3108 1758 3184; x_wconf 77' lang='lat' dir='ltr'><strong>:Gnmdpostotas</strong></span> <span class='ocrx_word' id='word_1_429' title='bbox 1769 3129 1828 3170; x_wconf 87' lang='lat' dir='ltr'><strong>non</strong></span> 
     </span>
     <span class='ocr_line' id='line_1_33' title="bbox 117 3198 1828 3274; baseline 0.004 -21"><span class='ocrx_word' id='word_1_430' title='bbox 117 3215 149 3253; x_wconf 81' lang='lat' dir='ltr'><strong>er</strong></span> <span class='ocrx_word' id='word_1_431' title='bbox 161 3202 291 3274; x_wconf 78' lang='lat' dir='ltr'><strong>sirpine,</strong></span> <span class='ocrx_word' id='word_1_432' title='bbox 306 3201 355 3255; x_wconf 87' lang='lat' dir='ltr'><strong>sed</strong></span> <span class='ocrx_word' id='word_1_433' title='bbox 368 3217 405 3256; x_wconf 80' lang='lat' dir='ltr'><strong>ea</strong></span> <span class='ocrx_word' id='word_1_434' title='bbox 432 3201 552 3258; x_wconf 84' lang='lat' dir='ltr'><strong>muliere</strong></span> <span class='ocrx_word' id='word_1_435' title='bbox 566 3201 673 3257; x_wconf 85' lang='lat' dir='ltr'><strong>editam</strong></span> <span class='ocrx_word' id='word_1_436' title='bbox 688 3201 793 3257; x_wconf 79' lang='lat' dir='ltr'><strong>Filiam</strong></span> <span class='ocrx_word' id='word_1_437' title='bbox 807 3202 856 3258; x_wconf 84' lang='lat' dir='ltr'><strong>Det</strong></span> <span class='ocrx_word' id='word_1_438' title='bbox 882 3201 1090 3272; x_wconf 81' lang='lat' dir='ltr'><strong>pronuntiauit,</strong></span> <span class='ocrx_word' id='word_1_439' title='bbox 1113 3201 1228 3268; x_wconf 79' lang='lat' dir='ltr'><strong>aynooit</strong></span> <span class='ocrx_word' id='word_1_440' title='bbox 1256 3198 1406 3271; x_wconf 80' lang='lat' dir='ltr'><strong>adaperta</strong></span> <span class='ocrx_word' id='word_1_441' title='bbox 1419 3199 1508 3254; x_wconf 85' lang='lat' dir='ltr'><strong>oatooe</strong></span> <span class='ocrx_word' id='word_1_442' title='bbox 1535 3199 1692 3272; x_wconf 61' lang='lat' dir='ltr'><strong>nodatam</strong></span> <span class='ocrx_word' id='word_1_443' title='bbox 1717 3205 1828 3274; x_wconf 78' lang='lat' dir='ltr'><strong>passia-</strong></span> 
     </span>
     <span class='ocr_line' id='line_1_34' title="bbox 116 3287 1827 3363; baseline 0.003 -19"><span class='ocrx_word' id='word_1_444' title='bbox 116 3304 189 3357; x_wconf 78' lang='lat' dir='ltr'><strong>ann,</strong></span> <span class='ocrx_word' id='word_1_445' title='bbox 205 3289 311 3345; x_wconf 89' lang='lat' dir='ltr'><strong>multis</strong></span> <span class='ocrx_word' id='word_1_446' title='bbox 326 3288 543 3360; x_wconf 88' lang='lat' dir='ltr'><strong>Scripturnrum</strong></span> <span class='ocrx_word' id='word_1_447' title='bbox 560 3288 688 3346; x_wconf 88' lang='lat' dir='ltr'><strong>oraculis</strong></span> <span class='ocrx_word' id='word_1_448' title='bbox 703 3291 942 3363; x_wconf 77' lang='lat' dir='ltr'><strong>comprobaverat</strong></span> <span class='ocrx_word' id='word_1_449' title='bbox 958 3307 965 3346; x_wconf 93' lang='lat'>:</span> <span class='ocrx_word' id='word_1_450' title='bbox 981 3289 1069 3362; x_wconf 89' lang='lat' dir='ltr'><strong>idque</strong></span> <span class='ocrx_word' id='word_1_451' title='bbox 1085 3287 1209 3345; x_wconf 83' lang='lat' dir='ltr'><strong>sortasse</strong></span> <span class='ocrx_word' id='word_1_452' title='bbox 1223 3287 1252 3343; x_wconf 91' lang='lat' dir='ltr'><strong>in</strong></span> <span class='ocrx_word' id='word_1_453' title='bbox 1268 3303 1359 3344; x_wconf 87' lang='lat' dir='ltr'><strong>causa</strong></span> <span class='ocrx_word' id='word_1_454' title='bbox 1372 3291 1426 3356; x_wconf 90' lang='lat' dir='ltr'><strong>est,</strong></span> <span class='ocrx_word' id='word_1_455' title='bbox 1438 3288 1516 3361; x_wconf 91' lang='lat' dir='ltr'><strong>quod</strong></span> <span class='ocrx_word' id='word_1_456' title='bbox 1532 3289 1604 3346; x_wconf 85' lang='lat' dir='ltr'><strong>satis</strong></span> <span class='ocrx_word' id='word_1_457' title='bbox 1621 3288 1725 3346; x_wconf 88' lang='lat' dir='ltr'><strong>hahuit</strong></span> <span class='ocrx_word' id='word_1_458' title='bbox 1737 3289 1827 3349; x_wconf 89' lang='lat' dir='ltr'><strong>lecto·</strong></span> 
     </span>
     <span class='ocr_line' id='line_1_35' title="bbox 117 3376 1162 3448; baseline 0.001 -17"><span class='ocrx_word' id='word_1_459' title='bbox 117 3391 176 3432; x_wconf 83' lang='lat' dir='ltr'><strong>rem</strong></span> <span class='ocrx_word' id='word_1_460' title='bbox 192 3377 228 3432; x_wconf 88' lang='lat' dir='ltr'><strong>ad</strong></span> <span class='ocrx_word' id='word_1_461' title='bbox 243 3394 313 3434; x_wconf 90' lang='lat' dir='ltr'><strong>eum</strong></span> <span class='ocrx_word' id='word_1_462' title='bbox 328 3376 437 3433; x_wconf 88' lang='lat' dir='ltr'><strong>libram</strong></span> <span class='ocrx_word' id='word_1_463' title='bbox 455 3379 625 3448; x_wconf 79' lang='lat' dir='ltr'><strong>amandare,</strong></span> <span class='ocrx_word' id='word_1_464' title='bbox 644 3396 680 3436; x_wconf 91' lang='lat' dir='ltr'><strong>nc</strong></span> <span class='ocrx_word' id='word_1_465' title='bbox 695 3379 830 3436; x_wconf 89' lang='lat' dir='ltr'><strong>eamdem</strong></span> <span class='ocrx_word' id='word_1_466' title='bbox 846 3378 893 3435; x_wconf 91' lang='lat' dir='ltr'><strong>hio</strong></span> <span class='ocrx_word' id='word_1_467' title='bbox 907 3377 996 3435; x_wconf 89' lang='lat' dir='ltr'><strong>telam</strong></span> <span class='ocrx_word' id='word_1_468' title='bbox 1013 3381 1162 3434; x_wconf 89' lang='lat' dir='ltr'><strong>retexeret.</strong></span> 
     </span>
    </p>

    <p class='ocr_par' dir='ltr' id='par_1_6' title="bbox 109 3465 1826 4428">
     <span class='ocr_line' id='line_1_36' title="bbox 152 3465 1824 3543; baseline 0.005 -24"><span class='ocrx_word' id='word_1_469' title='bbox 152 3465 179 3520; x_wconf 80' lang='lat' dir='ltr'><strong>i.</strong></span> <span class='ocrx_word' id='word_1_470' title='bbox 195 3465 261 3522; x_wconf 80' lang='lat' dir='ltr'><strong>Hac</strong></span> <span class='ocrx_word' id='word_1_471' title='bbox 274 3465 364 3539; x_wconf 79' lang='lat' dir='ltr'><strong>igitur</strong></span> <span class='ocrx_word' id='word_1_472' title='bbox 378 3466 519 3522; x_wconf 84' lang='lat' dir='ltr'><strong>Romanis</strong></span> <span class='ocrx_word' id='word_1_473' title='bbox 535 3467 655 3524; x_wconf 86' lang='lat' dir='ltr'><strong>auribus</strong></span> <span class='ocrx_word' id='word_1_474' title='bbox 671 3485 763 3524; x_wconf 88' lang='lat' dir='ltr'><strong>novus</strong></span> <span class='ocrx_word' id='word_1_475' title='bbox 779 3468 973 3524; x_wconf 83' lang='lat' dir='ltr'><strong>Heolesiarum</strong></span> <span class='ocrx_word' id='word_1_476' title='bbox 1004 3465 1145 3540; x_wconf 80' lang='lat' dir='ltr'><strong>magister</strong></span> <span class='ocrx_word' id='word_1_477' title='bbox 1157 3481 1269 3522; x_wconf 90' lang='lat' dir='ltr'><strong>venena</strong></span> <span class='ocrx_word' id='word_1_478' title='bbox 1283 3465 1470 3539; x_wconf 84' lang='lat' dir='ltr'><strong>propinabat,</strong></span> <span class='ocrx_word' id='word_1_479' title='bbox 1486 3483 1551 3541; x_wconf 80' lang='lat' dir='ltr'><strong>que</strong></span> <span class='ocrx_word' id='word_1_480' title='bbox 1566 3471 1600 3524; x_wconf 91' lang='lat' dir='ltr'><strong>ut</strong></span> <span class='ocrx_word' id='word_1_481' title='bbox 1613 3466 1702 3526; x_wconf 91' lang='lat' dir='ltr'><strong>latius</strong></span> <span class='ocrx_word' id='word_1_482' title='bbox 1721 3485 1824 3543; x_wconf 65' lang='lat' dir='ltr'><strong>,serpe-</strong></span> 
     </span>
     <span class='ocr_line' id='line_1_37' title="bbox 120 3553 1826 3631; baseline 0.005 -23"><span class='ocrx_word' id='word_1_483' title='bbox 120 3557 199 3618; x_wconf 86' lang='lat' dir='ltr'><strong>reut,</strong></span> <span class='ocrx_word' id='word_1_484' title='bbox 214 3569 305 3610; x_wconf 86' lang='lat' dir='ltr'><strong>ausus</strong></span> <span class='ocrx_word' id='word_1_485' title='bbox 319 3559 362 3610; x_wconf 84' lang='lat' dir='ltr'><strong>est</strong></span> <span class='ocrx_word' id='word_1_486' title='bbox 375 3555 464 3612; x_wconf 88' lang='lat' dir='ltr'><strong>etism</strong></span> <span class='ocrx_word' id='word_1_487' title='bbox 480 3555 565 3613; x_wconf 88' lang='lat' dir='ltr'><strong>editis</strong></span> <span class='ocrx_word' id='word_1_488' title='bbox 580 3557 833 3614; x_wconf 82' lang='lat' dir='ltr'><strong>commentariolis</strong></span> <span class='ocrx_word' id='word_1_489' title='bbox 849 3556 973 3631; x_wconf 87' lang='lat' dir='ltr'><strong>posteris</strong></span> <span class='ocrx_word' id='word_1_490' title='bbox 989 3555 1205 3612; x_wconf 88' lang='lat' dir='ltr'><strong>commendare.</strong></span> <span class='ocrx_word' id='word_1_491' title='bbox 1233 3555 1273 3610; x_wconf 81' lang='lat' dir='ltr'><strong>lix</strong></span> <span class='ocrx_word' id='word_1_492' title='bbox 1287 3555 1460 3628; x_wconf 81' lang='lat' dir='ltr'><strong>fragmentis</strong></span> <span class='ocrx_word' id='word_1_493' title='bbox 1474 3558 1572 3613; x_wconf 90' lang='lat' dir='ltr'><strong>autem</strong></span> <span class='ocrx_word' id='word_1_494' title='bbox 1596 3553 1655 3614; x_wconf 91' lang='lat' dir='ltr'><strong>illis</strong></span> <span class='ocrx_word' id='word_1_495' title='bbox 1670 3573 1742 3614; x_wconf 88' lang='lat' dir='ltr'><strong>sane</strong></span> <span class='ocrx_word' id='word_1_496' title='bbox 1766 3558 1826 3616; x_wconf 80' lang='lat' dir='ltr'><strong>exi-</strong></span> 
     </span>
     <span class='ocr_line' id='line_1_38' title="bbox 125 3640 1825 3719; baseline 0.005 -24"><span class='ocrx_word' id='word_1_497' title='bbox 125 3640 205 3713; x_wconf 79' lang='lat' dir='ltr'><strong>guis,</strong></span> <span class='ocrx_word' id='word_1_498' title='bbox 235 3657 298 3713; x_wconf 78' lang='lat' dir='ltr'><strong>que</strong></span> <span class='ocrx_word' id='word_1_499' title='bbox 327 3643 516 3718; x_wconf 85' lang='lat' dir='ltr'><strong>Hieronymus</strong></span> <span class='ocrx_word' id='word_1_500' title='bbox 539 3649 635 3702; x_wconf 88' lang='lat' dir='ltr'><strong>servat</strong></span> <span class='ocrx_word' id='word_1_501' title='bbox 662 3646 718 3702; x_wconf 91' lang='lat' dir='ltr'><strong>sub</strong></span> <span class='ocrx_word' id='word_1_502' title='bbox 745 3645 863 3702; x_wconf 89' lang='lat' dir='ltr'><strong>initiam</strong></span> <span class='ocrx_word' id='word_1_503' title='bbox 890 3643 970 3714; x_wconf 88' lang='lat' dir='ltr'><strong>libri,</strong></span> <span class='ocrx_word' id='word_1_504' title='bbox 999 3643 1084 3702; x_wconf 89' lang='lat' dir='ltr'><strong>lacila</strong></span> <span class='ocrx_word' id='word_1_505' title='bbox 1112 3642 1248 3717; x_wconf 85' lang='lat' dir='ltr'><strong>colligere</strong></span> <span class='ocrx_word' id='word_1_506' title='bbox 1273 3647 1328 3712; x_wconf 89' lang='lat' dir='ltr'><strong>est,</strong></span> <span class='ocrx_word' id='word_1_507' title='bbox 1359 3659 1447 3715; x_wconf 91' lang='lat' dir='ltr'><strong>quam</strong></span> <span class='ocrx_word' id='word_1_508' title='bbox 1476 3644 1617 3701; x_wconf 87' lang='lat' dir='ltr'><strong>abnorme</strong></span> <span class='ocrx_word' id='word_1_509' title='bbox 1645 3648 1723 3702; x_wconf 87' lang='lat' dir='ltr'><strong>esset</strong></span> <span class='ocrx_word' id='word_1_510' title='bbox 1750 3662 1825 3719; x_wconf 90' lang='lat' dir='ltr'><strong>opus</strong></span> 
     </span>
     <span class='ocr_line' id='line_1_39' title="bbox 122 3727 1826 3807; baseline 0.006 -24"><span class='ocrx_word' id='word_1_511' title='bbox 122 3727 209 3797; x_wconf 89' lang='lat' dir='ltr'><strong>iHud,</strong></span> <span class='ocrx_word' id='word_1_512' title='bbox 226 3731 414 3801; x_wconf 89' lang='lat' dir='ltr'><strong>ineruditam,</strong></span> <span class='ocrx_word' id='word_1_513' title='bbox 426 3733 586 3800; x_wconf 87' lang='lat' dir='ltr'><strong>insalsum,</strong></span> <span class='ocrx_word' id='word_1_514' title='bbox 600 3733 630 3791; x_wconf 92' lang='lat' dir='ltr'><strong>in</strong></span> <span class='ocrx_word' id='word_1_515' title='bbox 660 3751 719 3807; x_wconf 89' lang='lat' dir='ltr'><strong>qno</strong></span> <span class='ocrx_word' id='word_1_516' title='bbox 747 3739 775 3791; x_wconf 89' lang='lat' dir='ltr'><strong>ct</strong></span> <span class='ocrx_word' id='word_1_517' title='bbox 789 3734 884 3792; x_wconf 84' lang='lat' dir='ltr'><strong>ineam</strong></span> <span class='ocrx_word' id='word_1_518' title='bbox 898 3734 1027 3790; x_wconf 91' lang='lat' dir='ltr'><strong>hominis</strong></span> <span class='ocrx_word' id='word_1_519' title='bbox 1042 3733 1191 3790; x_wconf 82' lang='lat' dir='ltr'><strong>sententia</strong></span> <span class='ocrx_word' id='word_1_520' title='bbox 1207 3730 1440 3790; x_wconf 88' lang='lat' dir='ltr'><strong>ohscurrlssimis</strong></span> <span class='ocrx_word' id='word_1_521' title='bbox 1450 3731 1546 3789; x_wconf 86' lang='lat' dir='ltr'><strong>verbis</strong></span> <span class='ocrx_word' id='word_1_522' title='bbox 1561 3730 1826 3804; x_wconf 86' lang='lat' dir='ltr'><strong>involvebantur,et</strong></span> 
     </span>
     <span class='ocr_line' id='line_1_40' title="bbox 115 3817 1825 3898; baseline 0.005 -26"><span class='ocrx_word' id='word_1_523' title='bbox 115 3817 182 3892; x_wconf 85' lang='lat' dir='ltr'><strong>ipsa</strong></span> <span class='ocrx_word' id='word_1_524' title='bbox 196 3820 382 3878; x_wconf 86' lang='lat' dir='ltr'><strong>stomachum</strong></span> <span class='ocrx_word' id='word_1_525' title='bbox 397 3823 532 3878; x_wconf 89' lang='lat' dir='ltr'><strong>movebat</strong></span> <span class='ocrx_word' id='word_1_526' title='bbox 546 3824 720 3896; x_wconf 89' lang='lat' dir='ltr'><strong>turpissima</strong></span> <span class='ocrx_word' id='word_1_527' title='bbox 733 3823 802 3898; x_wconf 88' lang='lat' dir='ltr'><strong>styli</strong></span> <span class='ocrx_word' id='word_1_528' title='bbox 826 3824 988 3880; x_wconf 88' lang='lat' dir='ltr'><strong>harbaries.</strong></span> <span class='ocrx_word' id='word_1_529' title='bbox 1003 3821 1226 3888; x_wconf 79' lang='lat' dir='ltr'><strong>Nihilominus,</strong></span> <span class='ocrx_word' id='word_1_530' title='bbox 1243 3826 1276 3877; x_wconf 91' lang='lat' dir='ltr'><strong>at</strong></span> <span class='ocrx_word' id='word_1_531' title='bbox 1298 3820 1453 3878; x_wconf 85' lang='lat' dir='ltr'><strong>usuvenire</strong></span> <span class='ocrx_word' id='word_1_532' title='bbox 1467 3820 1550 3892; x_wconf 90' lang='lat' dir='ltr'><strong>solet,</strong></span> <span class='ocrx_word' id='word_1_533' title='bbox 1566 3838 1633 3879; x_wconf 90' lang='lat' dir='ltr'><strong>cum</strong></span> <span class='ocrx_word' id='word_1_534' title='bbox 1648 3821 1727 3881; x_wconf 89' lang='lat' dir='ltr'><strong>vitiis</strong></span> <span class='ocrx_word' id='word_1_535' title='bbox 1742 3823 1825 3881; x_wconf 81' lang='lat' dir='ltr'><strong>frana</strong></span> 
     </span>
     <span class='ocr_line' id='line_1_41' title="bbox 115 3905 1826 3985; baseline 0.004 -23"><span class='ocrx_word' id='word_1_536' title='bbox 115 3905 263 3977; x_wconf 87' lang='lat' dir='ltr'><strong>laxantur,</strong></span> <span class='ocrx_word' id='word_1_537' title='bbox 276 3916 308 3966; x_wconf 92' lang='lat' dir='ltr'><strong>at</strong></span> <span class='ocrx_word' id='word_1_538' title='bbox 322 3911 482 3984; x_wconf 78' lang='lat' dir='ltr'><strong>Augustini</strong></span> <span class='ocrx_word' id='word_1_539' title='bbox 497 3913 595 3969; x_wconf 91' lang='lat' dir='ltr'><strong>verbis</strong></span> <span class='ocrx_word' id='word_1_540' title='bbox 611 3917 687 3981; x_wconf 88' lang='lat' dir='ltr'><strong>utar,</strong></span> <span class='ocrx_word' id='word_1_541' title='bbox 705 3917 813 3969; x_wconf 75' lang='lat' dir='ltr'><strong>tacitam</strong></span> <span class='ocrx_word' id='word_1_542' title='bbox 827 3915 915 3969; x_wconf 83' lang='lat' dir='ltr'><strong>coivit</strong></span> <span class='ocrx_word' id='word_1_543' title='bbox 929 3915 960 3967; x_wconf 88' lang='lat' dir='ltr'><strong>in</strong></span> <span class='ocrx_word' id='word_1_544' title='bbox 975 3911 1042 3968; x_wconf 84' lang='lat' dir='ltr'><strong>orte</strong></span> <span class='ocrx_word' id='word_1_545' title='bbox 1056 3913 1150 3980; x_wconf 77' lang='lat' dir='ltr'><strong>Hono,</strong></span> <span class='ocrx_word' id='word_1_546' title='bbox 1166 3911 1365 3966; x_wconf 84' lang='lat' dir='ltr'><strong>nt·ncaaatlas</strong></span> <span class='ocrx_word' id='word_1_547' title='bbox 1374 3912 1460 3966; x_wconf 86' lang='lat' dir='ltr'><strong>etiam</strong></span> <span class='ocrx_word' id='word_1_548' title='bbox 1473 3912 1711 3982; x_wconf 78' lang='lat' dir='ltr'><strong>sanctimoniales,</strong></span> <span class='ocrx_word' id='word_1_549' title='bbox 1727 3912 1761 3970; x_wconf 84' lang='lat' dir='ltr'><strong>de</strong></span> <span class='ocrx_word' id='word_1_550' title='bbox 1774 3929 1826 3985; x_wconf 86' lang='lat' dir='ltr'><strong>qao</strong></span> 
     </span>
     <span class='ocr_line' id='line_1_42' title="bbox 112 3997 1821 4074; baseline 0.004 -22"><span class='ocrx_word' id='word_1_551' title='bbox 112 4013 174 4052; x_wconf 83' lang='lat' dir='ltr'><strong>ram</strong></span> <span class='ocrx_word' id='word_1_552' title='bbox 183 3997 326 4070; x_wconf 78' lang='lat' dir='ltr'><strong>pudicitia</strong></span> <span class='ocrx_word' id='word_1_553' title='bbox 340 4003 460 4072; x_wconf 70' lang='lat' dir='ltr'><strong>asmicto</strong></span> <span class='ocrx_word' id='word_1_554' title='bbox 473 4001 552 4057; x_wconf 85' lang='lat' dir='ltr'><strong>natta</strong></span> <span class='ocrx_word' id='word_1_555' title='bbox 566 4009 751 4074; x_wconf 71' lang='lat' dir='ltr'><strong>pererraret,</strong></span> <span class='ocrx_word' id='word_1_556' title='bbox 767 4001 894 4073; x_wconf 86' lang='lat' dir='ltr'><strong>dejecisse</strong></span> <span class='ocrx_word' id='word_1_557' title='bbox 905 4004 936 4058; x_wconf 87' lang='lat' dir='ltr'><strong>in</strong></span> <span class='ocrx_word' id='word_1_558' title='bbox 951 4003 1061 4073; x_wconf 72' lang='lat' dir='ltr'><strong>trapetas</strong></span> <span class='ocrx_word' id='word_1_559' title='bbox 1077 3999 1222 4056; x_wconf 81' lang='lat' dir='ltr'><strong>diceretur.</strong></span> <span class='ocrx_word' id='word_1_560' title='bbox 1254 4001 1287 4054; x_wconf 84' lang='lat' dir='ltr'><strong>lit</strong></span> <span class='ocrx_word' id='word_1_561' title='bbox 1313 4001 1437 4055; x_wconf 83' lang='lat' dir='ltr'><strong>virorum</strong></span> <span class='ocrx_word' id='word_1_562' title='bbox 1465 4001 1550 4056; x_wconf 85' lang='lat' dir='ltr'><strong>etiam</strong></span> <span class='ocrx_word' id='word_1_563' title='bbox 1574 4003 1731 4058; x_wconf 83' lang='lat' dir='ltr'><strong>sanctornm</strong></span> <span class='ocrx_word' id='word_1_564' title='bbox 1752 4019 1821 4060; x_wconf 89' lang='lat' dir='ltr'><strong>san-</strong></span> 
     </span>
     <span class='ocr_line' id='line_1_43' title="bbox 113 4087 1822 4166; baseline 0.004 -25"><span class='ocrx_word' id='word_1_565' title='bbox 113 4091 185 4142; x_wconf 86' lang='lat' dir='ltr'><strong>etum</strong></span> <span class='ocrx_word' id='word_1_566' title='bbox 199 4089 358 4144; x_wconf 81' lang='lat' dir='ltr'><strong>solitatem</strong></span> <span class='ocrx_word' id='word_1_567' title='bbox 375 4093 630 4148; x_wconf 72' lang='lat' dir='ltr'><strong>concamaratione</strong></span> <span class='ocrx_word' id='word_1_568' title='bbox 643 4092 760 4147; x_wconf 87' lang='lat' dir='ltr'><strong>Petram</strong></span> <span class='ocrx_word' id='word_1_569' title='bbox 775 4099 800 4147; x_wconf 86' lang='lat' dir='ltr'><strong>ct</strong></span> <span class='ocrx_word' id='word_1_570' title='bbox 820 4093 1024 4166; x_wconf 75' lang='lat' dir='ltr'><strong>conparatione</strong></span> <span class='ocrx_word' id='word_1_571' title='bbox 1038 4092 1192 4160; x_wconf 69' lang='lat' dir='ltr'><strong>inceperet.</strong></span> <span class='ocrx_word' id='word_1_572' title='bbox 1222 4087 1372 4146; x_wconf 86' lang='lat' dir='ltr'><strong>Demirsre</strong></span> <span class='ocrx_word' id='word_1_573' title='bbox 1400 4092 1500 4145; x_wconf 89' lang='lat' dir='ltr'><strong>autem</strong></span> <span class='ocrx_word' id='word_1_574' title='bbox 1524 4089 1653 4147; x_wconf 86' lang='lat' dir='ltr'><strong>hominis</strong></span> <span class='ocrx_word' id='word_1_575' title='bbox 1678 4091 1822 4148; x_wconf 88' lang='lat' dir='ltr'><strong>malitiam</strong></span> 
     </span>
     <span class='ocr_line' id='line_1_44' title="bbox 109 4175 1824 4253; baseline 0.003 -24"><span class='ocrx_word' id='word_1_576' title='bbox 109 4175 226 4233; x_wconf 88' lang='lat' dir='ltr'><strong>malam.</strong></span> <span class='ocrx_word' id='word_1_577' title='bbox 247 4182 325 4250; x_wconf 89' lang='lat' dir='ltr'><strong>lpse,</strong></span> <span class='ocrx_word' id='word_1_578' title='bbox 337 4179 388 4248; x_wconf 86' lang='lat' dir='ltr'><strong>qai</strong></span> <span class='ocrx_word' id='word_1_579' title='bbox 400 4180 537 4250; x_wconf 77' lang='lat' dir='ltr'><strong>vispinum</strong></span> <span class='ocrx_word' id='word_1_580' title='bbox 554 4182 684 4236; x_wconf 83' lang='lat' dir='ltr'><strong>meritam</strong></span> <span class='ocrx_word' id='word_1_581' title='bbox 699 4181 833 4252; x_wconf 76' lang='lat' dir='ltr'><strong>equando</strong></span> <span class='ocrx_word' id='word_1_582' title='bbox 847 4180 992 4253; x_wconf 76' lang='lat' dir='ltr'><strong>pudiciciae</strong></span> <span class='ocrx_word' id='word_1_583' title='bbox 1007 4178 1155 4253; x_wconf 72' lang='lat' dir='ltr'><strong>scrispuli,</strong></span> <span class='ocrx_word' id='word_1_584' title='bbox 1173 4177 1311 4234; x_wconf 92' lang='lat' dir='ltr'><strong>omnihus</strong></span> <span class='ocrx_word' id='word_1_585' title='bbox 1325 4177 1423 4234; x_wconf 87' lang='lat' dir='ltr'><strong>uxoris</strong></span> <span class='ocrx_word' id='word_1_586' title='bbox 1454 4179 1592 4234; x_wconf 81' lang='lat' dir='ltr'><strong>ducenda</strong></span> <span class='ocrx_word' id='word_1_587' title='bbox 1606 4183 1711 4235; x_wconf 87' lang='lat' dir='ltr'><strong>auctor</strong></span> <span class='ocrx_word' id='word_1_588' title='bbox 1726 4180 1824 4237; x_wconf 86' lang='lat' dir='ltr'><strong>luerat</strong></span> 
     </span>
     <span class='ocr_line' id='line_1_45' title="bbox 110 4263 1822 4342; baseline 0.003 -23"><span class='ocrx_word' id='word_1_589' title='bbox 110 4281 226 4321; x_wconf 83' lang='lat' dir='ltr'><strong>uxorem</strong></span> <span class='ocrx_word' id='word_1_590' title='bbox 241 4263 352 4321; x_wconf 87' lang='lat' dir='ltr'><strong>adduci</strong></span> <span class='ocrx_word' id='word_1_591' title='bbox 369 4282 425 4322; x_wconf 91' lang='lat' dir='ltr'><strong>nen</strong></span> <span class='ocrx_word' id='word_1_592' title='bbox 442 4269 536 4339; x_wconf 90' lang='lat' dir='ltr'><strong>potuit</strong></span> <span class='ocrx_word' id='word_1_593' title='bbox 551 4273 583 4323; x_wconf 90' lang='lat' dir='ltr'><strong>nt</strong></span> <span class='ocrx_word' id='word_1_594' title='bbox 594 4268 648 4324; x_wconf 88' lang='lat' dir='ltr'><strong>sibi</strong></span> <span class='ocrx_word' id='word_1_595' title='bbox 662 4268 843 4342; x_wconf 72' lang='lat' dir='ltr'><strong>adiungeret.</strong></span> <span class='ocrx_word' id='word_1_596' title='bbox 857 4269 983 4325; x_wconf 88' lang='lat' dir='ltr'><strong>Causam</strong></span> <span class='ocrx_word' id='word_1_597' title='bbox 994 4267 1170 4341; x_wconf 80' lang='lat' dir='ltr'><strong>pretexchat</strong></span> <span class='ocrx_word' id='word_1_598' title='bbox 1181 4265 1266 4339; x_wconf 80' lang='lat' dir='ltr'><strong>longe</strong></span> <span class='ocrx_word' id='word_1_599' title='bbox 1279 4265 1548 4338; x_wconf 88' lang='lat' dir='ltr'><strong>iniquissimam,ue</strong></span> <span class='ocrx_word' id='word_1_600' title='bbox 1558 4264 1669 4323; x_wconf 88' lang='lat' dir='ltr'><strong>scilieet</strong></span> <span class='ocrx_word' id='word_1_601' title='bbox 1678 4264 1822 4324; x_wconf 84' lang='lat' dir='ltr'><strong>molestiis</strong></span> 
     </span>
     <span class='ocr_line' id='line_1_46' title="bbox 110 4351 1823 4428; baseline 0.004 -22"><span class='ocrx_word' id='word_1_602' title='bbox 110 4355 284 4426; x_wconf 86' lang='lat' dir='ltr'><strong>nuptiarum</strong></span> <span class='ocrx_word' id='word_1_603' title='bbox 299 4351 494 4427; x_wconf 89' lang='lat' dir='ltr'><strong>impediretur</strong></span> <span class='ocrx_word' id='word_1_604' title='bbox 513 4374 518 4411; x_wconf 97' lang='lat'><strong>:</strong></span> <span class='ocrx_word' id='word_1_605' title='bbox 536 4357 658 4413; x_wconf 89' lang='lat' dir='ltr'><strong>minime</strong></span> <span class='ocrx_word' id='word_1_606' title='bbox 673 4374 739 4414; x_wconf 86' lang='lat' dir='ltr'><strong>vcro</strong></span> <span class='ocrx_word' id='word_1_607' title='bbox 752 4362 784 4413; x_wconf 88' lang='lat' dir='ltr'><strong>ut</strong></span> <span class='ocrx_word' id='word_1_608' title='bbox 798 4357 935 4415; x_wconf 90' lang='lat' dir='ltr'><strong>meritum</strong></span> <span class='ocrx_word' id='word_1_609' title='bbox 952 4356 1008 4414; x_wconf 86' lang='lat' dir='ltr'><strong>sihi</strong></span> <span class='ocrx_word' id='word_1_610' title='bbox 1023 4357 1091 4414; x_wconf 87' lang='lat' dir='ltr'><strong>inde</strong></span> <span class='ocrx_word' id='word_1_611' title='bbox 1107 4355 1225 4428; x_wconf 86' lang='lat' dir='ltr'><strong>aliquod</strong></span> <span class='ocrx_word' id='word_1_612' title='bbox 1242 4358 1434 4428; x_wconf 86' lang='lat' dir='ltr'><strong>compararet,</strong></span> <span class='ocrx_word' id='word_1_613' title='bbox 1451 4353 1505 4410; x_wconf 89' lang='lat' dir='ltr'><strong>hoc</strong></span> <span class='ocrx_word' id='word_1_614' title='bbox 1520 4359 1574 4424; x_wconf 84' lang='lat' dir='ltr'><strong>est,</strong></span> <span class='ocrx_word' id='word_1_615' title='bbox 1599 4370 1657 4411; x_wconf 91' lang='lat' dir='ltr'><strong>non</strong></span> <span class='ocrx_word' id='word_1_616' title='bbox 1672 4359 1705 4412; x_wconf 85' lang='lat' dir='ltr'><strong>ut</strong></span> <span class='ocrx_word' id='word_1_617' title='bbox 1720 4353 1823 4412; x_wconf 83' lang='lat' dir='ltr'><strong>melior</strong></span> 
     </span>
    </p>
   </div>
   <div class='ocr_carea' id='block_1_5' title="bbox 110 4439 1946 4518">
    <p class='ocr_par' dir='ltr' id='par_1_7' title="bbox 110 4439 1946 4518">
     <span class='ocr_line' id='line_1_47' title="bbox 110 4439 1946 4518; baseline 0.003 -22"><span class='ocrx_word' id='word_1_618' title='bbox 110 4443 251 4506; x_wconf 85' lang='lat' dir='ltr'><strong>esset‚sed</strong></span> <span class='ocrx_word' id='word_1_619' title='bbox 269 4446 303 4497; x_wconf 91' lang='lat' dir='ltr'><strong>ut</strong></span> <span class='ocrx_word' id='word_1_620' title='bbox 317 4439 446 4498; x_wconf 90' lang='lat' dir='ltr'><strong>liberior.</strong></span> <span class='ocrx_word' id='word_1_621' title='bbox 464 4443 550 4500; x_wconf 92' lang='lat' dir='ltr'><strong>Porro</strong></span> <span class='ocrx_word' id='word_1_622' title='bbox 566 4443 695 4501; x_wconf 85' lang='lat' dir='ltr'><strong>asseclas</strong></span> <span class='ocrx_word' id='word_1_623' title='bbox 710 4444 813 4501; x_wconf 89' lang='lat' dir='ltr'><strong>hahuit</strong></span> <span class='ocrx_word' id='word_1_624' title='bbox 826 4447 983 4518; x_wconf 84' lang='lat' dir='ltr'><strong>aliquantos</strong></span> <span class='ocrx_word' id='word_1_625' title='bbox 998 4447 1139 4514; x_wconf 83' lang='lat' dir='ltr'><strong>Romanos,</strong></span> <span class='ocrx_word' id='word_1_626' title='bbox 1156 4449 1189 4502; x_wconf 94' lang='lat' dir='ltr'><strong>ut</strong></span> <span class='ocrx_word' id='word_1_627' title='bbox 1214 4443 1243 4500; x_wconf 90' lang='lat' dir='ltr'><strong>in</strong></span> <span class='ocrx_word' id='word_1_628' title='bbox 1259 4442 1362 4517; x_wconf 84' lang='lat' dir='ltr'><strong>Syriaii</strong></span> <span class='ocrx_word' id='word_1_629' title='bbox 1377 4443 1507 4516; x_wconf 86' lang='lat' dir='ltr'><strong>Hpistcla</strong></span> <span class='ocrx_word' id='word_1_630' title='bbox 1520 4443 1661 4500; x_wconf 89' lang='lat' dir='ltr'><strong>scribitur</strong></span> <span class='ocrx_word' id='word_1_631' title='bbox 1677 4461 1684 4499; x_wconf 82' lang='lat' dir='ltr'><strong>r</strong></span> <span class='ocrx_word' id='word_1_632' title='bbox 1701 4444 1737 4502; x_wconf 88' lang='lat' dir='ltr'><strong>de</strong></span> <span class='ocrx_word' id='word_1_633' title='bbox 1767 4457 1821 4501; x_wconf 91' lang='lat' dir='ltr'><strong>no·</strong></span> <span class='ocrx_word' id='word_1_634' title='bbox 1936 4457 1946 4468; x_wconf 66' lang='lat'>⁸</span> 
     </span>
    </p>
   </div>
   <div class='ocr_carea' id='block_1_6' title="bbox 98 4529 1822 5765">
    <p class='ocr_par' dir='ltr' id='par_1_8' title="bbox 104 4529 1822 5052">
     <span class='ocr_line' id='line_1_48' title="bbox 109 4529 1820 4608; baseline 0.005 -24"><span class='ocrx_word' id='word_1_635' title='bbox 109 4529 184 4588; x_wconf 87' lang='lat' dir='ltr'><strong>miae</strong></span> <span class='ocrx_word' id='word_1_636' title='bbox 198 4531 397 4599; x_wconf 80' lang='lat' dir='ltr'><strong>Auxentium,</strong></span> <span class='ocrx_word' id='word_1_637' title='bbox 412 4531 572 4599; x_wconf 85' lang='lat' dir='ltr'><strong>Genialem,</strong></span> <span class='ocrx_word' id='word_1_638' title='bbox 589 4533 833 4600; x_wconf 87' lang='lat' dir='ltr'><strong>Germinatorem,</strong></span> <span class='ocrx_word' id='word_1_639' title='bbox 849 4533 985 4601; x_wconf 82' lang='lat' dir='ltr'><strong>Felicem,</strong></span> <span class='ocrx_word' id='word_1_640' title='bbox 1002 4534 1160 4604; x_wconf 79' lang='lat' dir='ltr'><strong>Plotinum,</strong></span> <span class='ocrx_word' id='word_1_641' title='bbox 1173 4532 1364 4603; x_wconf 88' lang='lat' dir='ltr'><strong>hlartianum,</strong></span> <span class='ocrx_word' id='word_1_642' title='bbox 1378 4533 1563 4601; x_wconf 77' lang='lat' dir='ltr'><strong>ianuarium,</strong></span> <span class='ocrx_word' id='word_1_643' title='bbox 1574 4537 1604 4591; x_wconf 91' lang='lat' dir='ltr'><strong>et</strong></span> <span class='ocrx_word' id='word_1_644' title='bbox 1617 4533 1820 4608; x_wconf 84' lang='lat' dir='ltr'><strong>ingeniosum.</strong></span> 
     </span>
     <span class='ocr_line' id='line_1_49' title="bbox 110 4617 1822 4697; baseline 0.004 -24"><span class='ocrx_word' id='word_1_645' title='bbox 110 4617 158 4676; x_wconf 88' lang='lat' dir='ltr'><strong>llis</strong></span> <span class='ocrx_word' id='word_1_646' title='bbox 172 4619 203 4676; x_wconf 91' lang='lat' dir='ltr'><strong>S.</strong></span> <span class='ocrx_word' id='word_1_647' title='bbox 221 4619 402 4677; x_wconf 81' lang='lat' dir='ltr'><strong>Ambrosius</strong></span> <span class='ocrx_word' id='word_1_648' title='bbox 416 4621 501 4694; x_wconf 90' lang='lat' dir='ltr'><strong>epist.</strong></span> <span class='ocrx_word' id='word_1_649' title='bbox 532 4622 568 4678; x_wconf 91' lang='lat' dir='ltr'><strong>ad</strong></span> <span class='ocrx_word' id='word_1_650' title='bbox 597 4621 795 4680; x_wconf 79' lang='lat' dir='ltr'><strong>vercellenses</strong></span> <span class='ocrx_word' id='word_1_651' title='bbox 823 4625 905 4680; x_wconf 91' lang='lat' dir='ltr'><strong>addit</strong></span> <span class='ocrx_word' id='word_1_652' title='bbox 933 4623 1136 4680; x_wconf 76' lang='lat' dir='ltr'><strong>barbationem</strong></span> <span class='ocrx_word' id='word_1_653' title='bbox 1161 4623 1318 4696; x_wconf 88' lang='lat' dir='ltr'><strong>quemdam</strong></span> <span class='ocrx_word' id='word_1_654' title='bbox 1346 4627 1376 4681; x_wconf 89' lang='lat' dir='ltr'><strong>et</strong></span> <span class='ocrx_word' id='word_1_655' title='bbox 1403 4623 1628 4690; x_wconf 88' lang='lat' dir='ltr'><strong>Sarmatlonem,</strong></span> <span class='ocrx_word' id='word_1_656' title='bbox 1658 4623 1759 4697; x_wconf 88' lang='lat' dir='ltr'><strong>ntiqae</strong></span> <span class='ocrx_word' id='word_1_657' title='bbox 1783 4641 1822 4680; x_wconf 85' lang='lat' dir='ltr'><strong>ex</strong></span> 
     </span>
     <span class='ocr_line' id='line_1_50' title="bbox 107 4704 1820 4786; baseline 0.005 -26"><span class='ocrx_word' id='word_1_658' title='bbox 107 4704 162 4777; x_wconf 90' lang='lat' dir='ltr'><strong>his,</strong></span> <span class='ocrx_word' id='word_1_659' title='bbox 175 4726 259 4782; x_wconf 83' lang='lat' dir='ltr'><strong>quos</strong></span> <span class='ocrx_word' id='word_1_660' title='bbox 274 4725 343 4764; x_wconf 92' lang='lat' dir='ltr'><strong>cum</strong></span> <span class='ocrx_word' id='word_1_661' title='bbox 358 4707 557 4766; x_wconf 83' lang='lat' dir='ltr'><strong>Mediolanum</strong></span> <span class='ocrx_word' id='word_1_662' title='bbox 570 4711 707 4782; x_wconf 89' lang='lat' dir='ltr'><strong>venisset,</strong></span> <span class='ocrx_word' id='word_1_663' title='bbox 725 4714 929 4784; x_wconf 83' lang='lat' dir='ltr'><strong>suojunxcrat</strong></span> <span class='ocrx_word' id='word_1_664' title='bbox 944 4711 1090 4770; x_wconf 88' lang='lat' dir='ltr'><strong>satellitio.</strong></span> <span class='ocrx_word' id='word_1_665' title='bbox 1106 4717 1214 4768; x_wconf 89' lang='lat' dir='ltr'><strong>Verum</strong></span> <span class='ocrx_word' id='word_1_666' title='bbox 1231 4712 1379 4786; x_wconf 87' lang='lat' dir='ltr'><strong>impendio</strong></span> <span class='ocrx_word' id='word_1_667' title='bbox 1408 4711 1509 4784; x_wconf 85' lang='lat' dir='ltr'><strong>plures</strong></span> <span class='ocrx_word' id='word_1_668' title='bbox 1524 4711 1566 4770; x_wconf 90' lang='lat' dir='ltr'><strong>illi</strong></span> <span class='ocrx_word' id='word_1_669' title='bbox 1596 4712 1820 4770; x_wconf 81' lang='lat' dir='ltr'><strong>censuitadha-</strong></span> 
     </span>
     <span class='ocr_line' id='line_1_51' title="bbox 107 4794 1819 4874; baseline 0.004 -24"><span class='ocrx_word' id='word_1_670' title='bbox 107 4794 179 4852; x_wconf 82' lang='lat' dir='ltr'><strong>sisse</strong></span> <span class='ocrx_word' id='word_1_671' title='bbox 195 4795 410 4870; x_wconf 83' lang='lat' dir='ltr'><strong>Hieronymus,</strong></span> <span class='ocrx_word' id='word_1_672' title='bbox 442 4815 509 4856; x_wconf 90' lang='lat' dir='ltr'><strong>eum</strong></span> <span class='ocrx_word' id='word_1_673' title='bbox 539 4800 594 4856; x_wconf 90' lang='lat' dir='ltr'><strong>suh</strong></span> <span class='ocrx_word' id='word_1_674' title='bbox 627 4800 695 4857; x_wconf 92' lang='lat' dir='ltr'><strong>libri</strong></span> <span class='ocrx_word' id='word_1_675' title='bbox 722 4802 844 4858; x_wconf 91' lang='lat' dir='ltr'><strong>secundi</strong></span> <span class='ocrx_word' id='word_1_676' title='bbox 872 4803 1041 4860; x_wconf 75' lang='lat' dir='ltr'><strong>llncmzir&#39;o</strong></span> <span class='ocrx_word' id='word_1_677' title='bbox 1067 4802 1196 4871; x_wconf 74' lang='lat' dir='ltr'><strong>planioris</strong></span> <span class='ocrx_word' id='word_1_678' title='bbox 1224 4801 1819 4874; x_wconf 73' lang='lat' dir='ltr'><strong>inquitqooctmnltosdrsct&#39;paloslateas.</strong></span> 
     </span>
     <span class='ocr_line' id='line_1_52' title="bbox 105 4885 1819 4964; baseline 0.006 -27"><span class='ocrx_word' id='word_1_679' title='bbox 105 4885 189 4940; x_wconf 74' lang='lat' dir='ltr'><strong>libus</strong></span> <span class='ocrx_word' id='word_1_680' title='bbox 203 4887 261 4942; x_wconf 82' lang='lat' dir='ltr'><strong>Dei</strong></span> <span class='ocrx_word' id='word_1_681' title='bbox 272 4887 364 4942; x_wconf 83' lang='lat' dir='ltr'><strong>docait</strong></span> <span class='ocrx_word' id='word_1_682' title='bbox 379 4888 408 4942; x_wconf 87' lang='lat' dir='ltr'><strong>in</strong></span> <span class='ocrx_word' id='word_1_683' title='bbox 422 4887 526 4956; x_wconf 80' lang='lat' dir='ltr'><strong>iadau,</strong></span> <span class='ocrx_word' id='word_1_684' title='bbox 541 4897 567 4944; x_wconf 88' lang='lat' dir='ltr'><strong>et</strong></span> <span class='ocrx_word' id='word_1_685' title='bbox 581 4889 724 4945; x_wconf 80' lang='lat' dir='ltr'><strong>duodecim</strong></span> <span class='ocrx_word' id='word_1_686' title='bbox 738 4899 843 4946; x_wconf 78' lang='lat' dir='ltr'><strong>mntem</strong></span> <span class='ocrx_word' id='word_1_687' title='bbox 859 4892 939 4947; x_wconf 86' lang='lat' dir='ltr'><strong>illam</strong></span> <span class='ocrx_word' id='word_1_688' title='bbox 954 4891 1070 4964; x_wconf 87' lang='lat' dir='ltr'><strong>apostoli</strong></span> <span class='ocrx_word' id='word_1_689' title='bbox 1082 4890 1266 4960; x_wconf 75' lang='lat' dir='ltr'><strong>raptabantur</strong></span> <span class='ocrx_word' id='word_1_690' title='bbox 1280 4909 1289 4945; x_wconf 92' lang='lat'><em>:</em></span> <span class='ocrx_word' id='word_1_691' title='bbox 1306 4894 1338 4945; x_wconf 97' lang='lat' dir='ltr'><strong>ut</strong></span> <span class='ocrx_word' id='word_1_692' title='bbox 1351 4895 1449 4945; x_wconf 90' lang='lat' dir='ltr'><strong>autem</strong></span> <span class='ocrx_word' id='word_1_693' title='bbox 1475 4890 1560 4946; x_wconf 90' lang='lat' dir='ltr'><strong>multi</strong></span> <span class='ocrx_word' id='word_1_694' title='bbox 1583 4889 1759 4957; x_wconf 80' lang='lat' dir='ltr'><strong>exstiterint,</strong></span> <span class='ocrx_word' id='word_1_695' title='bbox 1775 4892 1819 4948; x_wconf 82' lang='lat' dir='ltr'><strong>le·</strong></span> 
     </span>
     <span class='ocr_line' id='line_1_53' title="bbox 104 4975 1820 5052; baseline 0.004 -23"><span class='ocrx_word' id='word_1_696' title='bbox 104 4975 200 5030; x_wconf 80' lang='lat' dir='ltr'><strong>stetin</strong></span> <span class='ocrx_word' id='word_1_697' title='bbox 214 4975 408 5047; x_wconf 80' lang='lat' dir='ltr'><strong>Augustinus</strong></span> <span class='ocrx_word' id='word_1_698' title='bbox 423 4975 570 5032; x_wconf 90' lang='lat' dir='ltr'><strong>neminem</strong></span> <span class='ocrx_word' id='word_1_699' title='bbox 584 4995 600 5033; x_wconf 91' lang='lat' dir='ltr'><strong>e</strong></span> <span class='ocrx_word' id='word_1_700' title='bbox 614 4979 808 5048; x_wconf 83' lang='lat' dir='ltr'><strong>sacerdotibus,</strong></span> <span class='ocrx_word' id='word_1_701' title='bbox 825 4984 874 5035; x_wconf 84' lang='lat' dir='ltr'><strong>aul</strong></span> <span class='ocrx_word' id='word_1_702' title='bbox 888 4981 1006 5052; x_wconf 80' lang='lat' dir='ltr'><strong>alicujus</strong></span> <span class='ocrx_word' id='word_1_703' title='bbox 1020 4979 1142 5036; x_wconf 85' lang='lat' dir='ltr'><strong>nominis</strong></span> <span class='ocrx_word' id='word_1_704' title='bbox 1156 4980 1263 5034; x_wconf 80' lang='lat' dir='ltr'><strong>clericis</strong></span> <span class='ocrx_word' id='word_1_705' title='bbox 1276 4979 1312 5035; x_wconf 91' lang='lat' dir='ltr'><strong>ab</strong></span> <span class='ocrx_word' id='word_1_706' title='bbox 1327 4977 1378 5035; x_wconf 95' lang='lat' dir='ltr'><strong>illo</strong></span> <span class='ocrx_word' id='word_1_707' title='bbox 1392 4978 1423 5034; x_wconf 92' lang='lat' dir='ltr'><strong>in</strong></span> <span class='ocrx_word' id='word_1_708' title='bbox 1436 4993 1564 5034; x_wconf 89' lang='lat' dir='ltr'><strong>errorem</strong></span> <span class='ocrx_word' id='word_1_709' title='bbox 1580 4977 1657 5034; x_wconf 90' lang='lat' dir='ltr'><strong>trahi</strong></span> <span class='ocrx_word' id='word_1_710' title='bbox 1673 4977 1820 5050; x_wconf 86' lang='lat' dir='ltr'><strong>potuisse,</strong></span> 
     </span>
    </p>

    <p class='ocr_par' dir='ltr' id='par_1_9' title="bbox 98 5061 1820 5765">
     <span class='ocr_line' id='line_1_54' title="bbox 136 5061 1819 5140; baseline 0.005 -23"><span class='ocrx_word' id='word_1_711' title='bbox 136 5063 165 5117; x_wconf 87' lang='lat'><strong>5.</strong></span> <span class='ocrx_word' id='word_1_712' title='bbox 184 5064 304 5120; x_wconf 77' lang='lat' dir='ltr'><strong>insana</strong></span> <span class='ocrx_word' id='word_1_713' title='bbox 319 5061 422 5119; x_wconf 85' lang='lat' dir='ltr'><strong>haeresi</strong></span> <span class='ocrx_word' id='word_1_714' title='bbox 438 5063 517 5121; x_wconf 92' lang='lat' dir='ltr'><strong>illico</strong></span> <span class='ocrx_word' id='word_1_715' title='bbox 533 5065 750 5136; x_wconf 85' lang='lat' dir='ltr'><strong>Pammachius,</strong></span> <span class='ocrx_word' id='word_1_716' title='bbox 767 5067 940 5124; x_wconf 87' lang='lat' dir='ltr'><strong>notissimus</strong></span> <span class='ocrx_word' id='word_1_717' title='bbox 955 5069 1003 5125; x_wconf 88' lang='lat' dir='ltr'><strong>ille</strong></span> <span class='ocrx_word' id='word_1_718' title='bbox 1031 5067 1198 5140; x_wconf 84' lang='lat' dir='ltr'><strong>Hieronymi</strong></span> <span class='ocrx_word' id='word_1_719' title='bbox 1228 5065 1351 5134; x_wconf 86' lang='lat' dir='ltr'><strong>arnicas,</strong></span> <span class='ocrx_word' id='word_1_720' title='bbox 1382 5067 1603 5122; x_wconf 73' lang='lat' dir='ltr'><strong>christianornm</strong></span> <span class='ocrx_word' id='word_1_721' title='bbox 1631 5065 1819 5125; x_wconf 75' lang='lat' dir='ltr'><strong>nobilissimas</strong></span> 
     </span>
     <span class='ocr_line' id='line_1_55' title="bbox 103 5151 1819 5231; baseline 0.006 -27"><span class='ocrx_word' id='word_1_722' title='bbox 103 5151 246 5208; x_wconf 77' lang='lat' dir='ltr'><strong>victiliana</strong></span> <span class='ocrx_word' id='word_1_723' title='bbox 259 5153 520 5224; x_wconf 78' lang='lat' dir='ltr'><strong>cbrietianierimas,</strong></span> <span class='ocrx_word' id='word_1_724' title='bbox 537 5171 570 5210; x_wconf 89' lang='lat' dir='ltr'><strong>ex</strong></span> <span class='ocrx_word' id='word_1_725' title='bbox 585 5156 706 5214; x_wconf 90' lang='lat' dir='ltr'><strong>adverso</strong></span> <span class='ocrx_word' id='word_1_726' title='bbox 720 5156 889 5226; x_wconf 82' lang='lat' dir='ltr'><strong>insurrexit,</strong></span> <span class='ocrx_word' id='word_1_727' title='bbox 905 5173 1032 5231; x_wconf 91' lang='lat' dir='ltr'><strong>cumque</strong></span> <span class='ocrx_word' id='word_1_728' title='bbox 1056 5156 1132 5224; x_wconf 87' lang='lat' dir='ltr'><strong>aliis,</strong></span> <span class='ocrx_word' id='word_1_729' title='bbox 1148 5160 1181 5213; x_wconf 89' lang='lat' dir='ltr'><strong>nt</strong></span> <span class='ocrx_word' id='word_1_730' title='bbox 1194 5155 1321 5229; x_wconf 84' lang='lat' dir='ltr'><strong>Syricius</strong></span> <span class='ocrx_word' id='word_1_731' title='bbox 1347 5153 1489 5227; x_wconf 90' lang='lat' dir='ltr'><strong>loquitur,</strong></span> <span class='ocrx_word' id='word_1_732' title='bbox 1503 5153 1672 5226; x_wconf 69' lang='lat' dir='ltr'><strong>fidelissimis</strong></span> <span class='ocrx_word' id='word_1_733' title='bbox 1684 5155 1819 5214; x_wconf 74' lang='lat' dir='ltr'><strong>aaaron·</strong></span> 
     </span>
     <span class='ocr_line' id='line_1_56' title="bbox 101 5243 1820 5321; baseline 0.004 -24"><span class='ocrx_word' id='word_1_734' title='bbox 101 5243 143 5296; x_wconf 82' lang='lat' dir='ltr'><strong>nn</strong></span> <span class='ocrx_word' id='word_1_735' title='bbox 168 5244 252 5310; x_wconf 83' lang='lat' dir='ltr'><strong>uiris,</strong></span> <span class='ocrx_word' id='word_1_736' title='bbox 268 5259 368 5314; x_wconf 80' lang='lat' dir='ltr'><strong>pervere</strong></span> <span class='ocrx_word' id='word_1_737' title='bbox 379 5245 502 5315; x_wconf 85' lang='lat' dir='ltr'><strong>optimis,</strong></span> <span class='ocrx_word' id='word_1_738' title='bbox 535 5245 667 5317; x_wconf 84' lang='lat' dir='ltr'><strong>relipt&#39;onc</strong></span> <span class='ocrx_word' id='word_1_739' title='bbox 681 5247 826 5319; x_wconf 83' lang='lat' dir='ltr'><strong>preclaris,</strong></span> <span class='ocrx_word' id='word_1_740' title='bbox 842 5246 945 5304; x_wconf 90' lang='lat' dir='ltr'><strong>sedulo</strong></span> <span class='ocrx_word' id='word_1_741' title='bbox 968 5249 1027 5321; x_wconf 85' lang='lat' dir='ltr'><strong>egit</strong></span> <span class='ocrx_word' id='word_1_742' title='bbox 1042 5247 1120 5320; x_wconf 89' lang='lat' dir='ltr'><strong>apud</strong></span> <span class='ocrx_word' id='word_1_743' title='bbox 1150 5245 1329 5313; x_wconf 83' lang='lat' dir='ltr'><strong>Pontificem,</strong></span> <span class='ocrx_word' id='word_1_744' title='bbox 1345 5250 1378 5300; x_wconf 90' lang='lat' dir='ltr'><strong>ut</strong></span> <span class='ocrx_word' id='word_1_745' title='bbox 1404 5245 1495 5302; x_wconf 81' lang='lat' dir='ltr'><strong>sabito</strong></span> <span class='ocrx_word' id='word_1_746' title='bbox 1522 5247 1661 5320; x_wconf 83' lang='lat' dir='ltr'><strong>scm&#39;ptaro</strong></span> <span class='ocrx_word' id='word_1_747' title='bbox 1688 5247 1820 5319; x_wconf 70' lang='lat' dir='ltr'><strong>horrifica</strong></span> 
     </span>
     <span class='ocr_line' id='line_1_57' title="bbox 100 5329 1819 5409; baseline 0.005 -23"><span class='ocrx_word' id='word_1_748' title='bbox 100 5329 265 5391; x_wconf 79' lang='lat' dir='ltr'><strong>timiniani</strong></span> <span class='ocrx_word' id='word_1_749' title='bbox 279 5331 499 5404; x_wconf 71' lang='lat' dir='ltr'><strong>commentarii)</strong></span> <span class='ocrx_word' id='word_1_750' title='bbox 527 5335 694 5393; x_wconf 72' lang='lat' dir='ltr'><strong>sicardomti</strong></span> <span class='ocrx_word' id='word_1_751' title='bbox 715 5335 821 5409; x_wconf 79' lang='lat' dir='ltr'><strong>jndicio</strong></span> <span class='ocrx_word' id='word_1_752' title='bbox 845 5336 948 5394; x_wconf 75' lang='lat' dir='ltr'><strong>ddecto</strong></span> <span class='ocrx_word' id='word_1_753' title='bbox 961 5336 1064 5393; x_wconf 81' lang='lat' dir='ltr'><strong>diuina</strong></span> <span class='ocrx_word' id='word_1_754' title='bbox 1089 5337 1143 5406; x_wconf 81' lang='lat' dir='ltr'><strong>topi</strong></span> <span class='ocrx_word' id='word_1_755' title='bbox 1167 5334 1318 5400; x_wconf 66' lang='lat' dir='ltr'><strong>cannono,</strong></span> <span class='ocrx_word' id='word_1_756' title='bbox 1348 5335 1492 5406; x_wconf 79' lang='lat' dir='ltr'><strong>spirituali</strong></span> <span class='ocrx_word' id='word_1_757' title='bbox 1516 5337 1652 5392; x_wconf 82' lang='lat' dir='ltr'><strong>sententia</strong></span> <span class='ocrx_word' id='word_1_758' title='bbox 1679 5337 1819 5395; x_wconf 74' lang='lat' dir='ltr'><strong>deteratur</strong></span> 
     </span>
     <span class='ocr_line' id='line_1_58' title="bbox 98 5413 1819 5498; baseline 0.006 -26"><span class='ocrx_word' id='word_1_759' title='bbox 98 5417 228 5476; x_wconf 81' lang='lat' dir='ltr'><strong>Pactam</strong></span> <span class='ocrx_word' id='word_1_760' title='bbox 243 5418 274 5475; x_wconf 91' lang='lat' dir='ltr'><strong>id</strong></span> <span class='ocrx_word' id='word_1_761' title='bbox 289 5417 436 5493; x_wconf 82' lang='lat' dir='ltr'><strong>intelligas</strong></span> <span class='ocrx_word' id='word_1_762' title='bbox 450 5435 484 5477; x_wconf 86' lang='lat' dir='ltr'><strong>ex</strong></span> <span class='ocrx_word' id='word_1_763' title='bbox 498 5422 574 5480; x_wconf 89' lang='lat' dir='ltr'><strong>serie</strong></span> <span class='ocrx_word' id='word_1_764' title='bbox 588 5423 653 5498; x_wconf 89' lang='lat' dir='ltr'><strong>ipsa</strong></span> <span class='ocrx_word' id='word_1_765' title='bbox 667 5442 765 5482; x_wconf 90' lang='lat' dir='ltr'><strong>rerum</strong></span> <span class='ocrx_word' id='word_1_766' title='bbox 783 5427 817 5482; x_wconf 87' lang='lat' dir='ltr'><strong>ad</strong></span> <span class='ocrx_word' id='word_1_767' title='bbox 834 5443 945 5483; x_wconf 89' lang='lat' dir='ltr'><strong>annum</strong></span> <span class='ocrx_word' id='word_1_768' title='bbox 961 5413 1069 5483; x_wconf 77' lang='lat' dir='ltr'><strong>Christi</strong></span> <span class='ocrx_word' id='word_1_769' title='bbox 1085 5425 1148 5494; x_wconf 84' lang='lat'><strong>390,</strong></span> <span class='ocrx_word' id='word_1_770' title='bbox 1166 5422 1202 5478; x_wconf 91' lang='lat' dir='ltr'><strong>ad</strong></span> <span class='ocrx_word' id='word_1_771' title='bbox 1218 5439 1305 5496; x_wconf 90' lang='lat' dir='ltr'><strong>quem</strong></span> <span class='ocrx_word' id='word_1_772' title='bbox 1320 5427 1350 5479; x_wconf 89' lang='lat' dir='ltr'><strong>et</strong></span> <span class='ocrx_word' id='word_1_773' title='bbox 1364 5421 1484 5480; x_wconf 91' lang='lat' dir='ltr'><strong>laudata</strong></span> <span class='ocrx_word' id='word_1_774' title='bbox 1500 5425 1603 5498; x_wconf 87' lang='lat' dir='ltr'><strong>Syricii</strong></span> <span class='ocrx_word' id='word_1_775' title='bbox 1628 5425 1727 5482; x_wconf 81' lang='lat' dir='ltr'><strong>reterri</strong></span> <span class='ocrx_word' id='word_1_776' title='bbox 1743 5425 1819 5484; x_wconf 85' lang='lat' dir='ltr'><strong>solet</strong></span> 
     </span>
     <span class='ocr_line' id='line_1_59' title="bbox 99 5505 1816 5588; baseline 0.007 -28"><span class='ocrx_word' id='word_1_777' title='bbox 99 5505 243 5578; x_wconf 87' lang='lat' dir='ltr'><strong>epistola,</strong></span> <span class='ocrx_word' id='word_1_778' title='bbox 259 5523 326 5564; x_wconf 90' lang='lat' dir='ltr'><strong>cum</strong></span> <span class='ocrx_word' id='word_1_779' title='bbox 340 5506 389 5563; x_wconf 80' lang='lat' dir='ltr'><strong>vix</strong></span> <span class='ocrx_word' id='word_1_780' title='bbox 404 5513 463 5566; x_wconf 90' lang='lat' dir='ltr'><strong>toto</strong></span> <span class='ocrx_word' id='word_1_781' title='bbox 479 5511 597 5568; x_wconf 91' lang='lat' dir='ltr'><strong>hiennio</strong></span> <span class='ocrx_word' id='word_1_782' title='bbox 612 5530 732 5586; x_wconf 89' lang='lat' dir='ltr'><strong>serpens</strong></span> <span class='ocrx_word' id='word_1_783' title='bbox 748 5514 858 5572; x_wconf 87' lang='lat' dir='ltr'><strong>malurn</strong></span> <span class='ocrx_word' id='word_1_784' title='bbox 876 5531 950 5588; x_wconf 88' lang='lat' dir='ltr'><strong>qaas</strong></span> <span class='ocrx_word' id='word_1_785' title='bbox 965 5512 1133 5570; x_wconf 89' lang='lat' dir='ltr'><strong>clanculum</strong></span> <span class='ocrx_word' id='word_1_786' title='bbox 1149 5515 1294 5584; x_wconf 87' lang='lat' dir='ltr'><strong>potuerat,</strong></span> <span class='ocrx_word' id='word_1_787' title='bbox 1318 5518 1432 5570; x_wconf 87' lang='lat' dir='ltr'><strong>mentes</strong></span> <span class='ocrx_word' id='word_1_788' title='bbox 1447 5513 1601 5570; x_wconf 85' lang='lat' dir='ltr'><strong>hominum</strong></span> <span class='ocrx_word' id='word_1_789' title='bbox 1630 5517 1816 5588; x_wconf 85' lang='lat' dir='ltr'><strong>occupasset.</strong></span> 
     </span>
     <span class='ocr_line' id='line_1_60' title="bbox 99 5593 1816 5675; baseline 0.006 -27"><span class='ocrx_word' id='word_1_790' title='bbox 99 5593 243 5652; x_wconf 85' lang='lat' dir='ltr'><strong>Percussi</strong></span> <span class='ocrx_word' id='word_1_791' title='bbox 257 5595 443 5654; x_wconf 86' lang='lat' dir='ltr'><strong>anathemate</strong></span> <span class='ocrx_word' id='word_1_792' title='bbox 456 5596 595 5670; x_wconf 82' lang='lat' dir='ltr'><strong>heretici,</strong></span> <span class='ocrx_word' id='word_1_793' title='bbox 612 5602 786 5675; x_wconf 79' lang='lat' dir='ltr'><strong>expulsique</strong></span> <span class='ocrx_word' id='word_1_794' title='bbox 801 5607 903 5672; x_wconf 80' lang='lat' dir='ltr'><strong>Rama,</strong></span> <span class='ocrx_word' id='word_1_795' title='bbox 928 5602 1027 5659; x_wconf 88' lang='lat' dir='ltr'><strong>statim</strong></span> <span class='ocrx_word' id='word_1_796' title='bbox 1056 5599 1263 5669; x_wconf 83' lang='lat' dir='ltr'><strong>Mediolanum,</strong></span> <span class='ocrx_word' id='word_1_797' title='bbox 1279 5601 1356 5673; x_wconf 93' lang='lat' dir='ltr'><strong>quod</strong></span> <span class='ocrx_word' id='word_1_798' title='bbox 1372 5605 1400 5660; x_wconf 91' lang='lat' dir='ltr'><strong>et</strong></span> <span class='ocrx_word' id='word_1_799' title='bbox 1428 5617 1519 5675; x_wconf 90' lang='lat' dir='ltr'><strong>supra</strong></span> <span class='ocrx_word' id='word_1_800' title='bbox 1547 5607 1680 5660; x_wconf 91' lang='lat' dir='ltr'><strong>notatum</strong></span> <span class='ocrx_word' id='word_1_801' title='bbox 1709 5607 1755 5660; x_wconf 89' lang='lat' dir='ltr'><strong>est</strong></span> <span class='ocrx_word' id='word_1_802' title='bbox 1779 5601 1816 5658; x_wconf 90' lang='lat' dir='ltr'><strong>ad</strong></span> 
     </span>
     <span class='ocr_line' id='line_1_61' title="bbox 100 5683 1816 5765; baseline 0.004 -26"><span class='ocrx_word' id='word_1_803' title='bbox 100 5683 315 5756; x_wconf 84' lang='lat' dir='ltr'><strong>imperatorem</strong></span> <span class='ocrx_word' id='word_1_804' title='bbox 328 5683 527 5746; x_wconf 77' lang='lat' dir='ltr'><strong>Theodosium</strong></span> <span class='ocrx_word' id='word_1_805' title='bbox 542 5691 775 5762; x_wconf 88' lang='lat' dir='ltr'><strong>contenderunt;</strong></span> <span class='ocrx_word' id='word_1_806' title='bbox 791 5692 938 5765; x_wconf 89' lang='lat' dir='ltr'><strong>siquidem</strong></span> <span class='ocrx_word' id='word_1_807' title='bbox 962 5694 1110 5749; x_wconf 89' lang='lat' dir='ltr'><strong>testantur</strong></span> <span class='ocrx_word' id='word_1_808' title='bbox 1124 5689 1265 5748; x_wconf 85' lang='lat' dir='ltr'><strong>historica</strong></span> <span class='ocrx_word' id='word_1_809' title='bbox 1278 5705 1380 5748; x_wconf 87' lang='lat' dir='ltr'><strong>aarum</strong></span> <span class='ocrx_word' id='word_1_810' title='bbox 1394 5694 1561 5765; x_wconf 85' lang='lat' dir='ltr'><strong>temporum</strong></span> <span class='ocrx_word' id='word_1_811' title='bbox 1603 5693 1816 5748; x_wconf 83' lang='lat' dir='ltr'><strong>mooauments</strong></span> 
     </span>
    </p>
   </div>
   <div class='ocr_carea' id='block_1_7' title="bbox 98 5769 1814 5856">
    <p class='ocr_par' dir='ltr' id='par_1_10' title="bbox 98 5769 1814 5856">
     <span class='ocr_line' id='line_1_62' title="bbox 98 5769 1814 5856; baseline 0.005 -26"><span class='ocrx_word' id='word_1_812' title='bbox 98 5769 250 5832; x_wconf 76' lang='lat' dir='ltr'><strong>Kalendis</strong></span> <span class='ocrx_word' id='word_1_813' title='bbox 263 5773 433 5850; x_wconf 74' lang='lat' dir='ltr'><strong>sepembris</strong></span> <span class='ocrx_word' id='word_1_814' title='bbox 444 5779 607 5854; x_wconf 74' lang='lat' dir='ltr'><strong>saponaria</strong></span> <span class='ocrx_word' id='word_1_815' title='bbox 616 5781 702 5852; x_wconf 83' lang='lat' dir='ltr'><strong>anai,</strong></span> <span class='ocrx_word' id='word_1_816' title='bbox 722 5779 793 5840; x_wconf 87' lang='lat' dir='ltr'><strong>illae</strong></span> <span class='ocrx_word' id='word_1_817' title='bbox 820 5783 1027 5856; x_wconf 85' lang='lat' dir='ltr'><strong>imperatorem</strong></span> <span class='ocrx_word' id='word_1_818' title='bbox 1044 5780 1166 5841; x_wconf 82' lang='lat' dir='ltr'><strong>rediism</strong></span> <span class='ocrx_word' id='word_1_819' title='bbox 1180 5795 1249 5840; x_wconf 87' lang='lat' dir='ltr'><strong>sam</strong></span> <span class='ocrx_word' id='word_1_820' title='bbox 1263 5779 1491 5840; x_wconf 84' lang='lat' dir='ltr'><strong>ltomcdudurn</strong></span> <span class='ocrx_word' id='word_1_821' title='bbox 1506 5777 1693 5851; x_wconf 77' lang='lat' dir='ltr'><strong>trlnmplram</strong></span> <span class='ocrx_word' id='word_1_822' title='bbox 1704 5775 1814 5848; x_wconf 71' lang='lat' dir='ltr'><strong>salust</strong></span> 
     </span>
    </p>
   </div>
   <div class='ocr_carea' id='block_1_8' title="bbox 0 0 2036 6158">
    <p class='ocr_par' dir='ltr' id='par_1_11' title="bbox 0 0 2036 6158">
     <span class='ocr_line' id='line_1_63' title="bbox 0 0 2036 6158; baseline 0 2"><span class='ocrx_word' id='word_1_823' title='bbox 0 0 2036 6158; x_wconf 95' lang='lat' dir='ltr'><strong> </strong></span> 
     </span>
    </p>
   </div>
  </div>
 </body>
</html>
