4054 6168
100 346 181 419 rosa
608 357 923 423 nouunaaaarus
944 357 984 422 ru
1005 353 1306 423 aocnasrasvau.
1728 349 1805 428 root

97 491 198 547 futura
212 494 283 547 sunt
296 489 318 562 ¹,
327 491 390 564 jam
407 489 540 562 luerunt3
570 497 598 549 et
625 499 699 550 Dona
723 499 832 566 queret
855 511 922 550 eum
937 505 963 566 Α
978 494 1129 566 putabam.
1145 493 1209 549 Virli
1226 495 1304 550 enim
1320 494 1472 566 otjustum
1484 493 1577 553 multa
1592 496 1726 555 malahic
1740 515 1806 572 per·

93 580 146 653 qni
177 580 411 653 persecutionem
441 581 592 654 patitur.»
619 583 669 639 Vel
690 582 855 656 preterito,
878 582 923 639 vel
981 583 1440 658 poti,etimpiumregnarcpro
1465 585 1582 642 scelere.
1610 588 1713 644 Postea
1739 605 1805 645 vero

92 668 262 741 presentia,
277 670 320 726 vel
336 671 435 726 lutura
457 671 523 744 ipsa
541 671 714 740 ottuorunt,
740 676 768 728 et
793 675 871 738 sunt,
899 675 927 726 et
981 672 1147 728 cumcorde
1166 689 1230 728 meo
1256 672 1425 744 colloquens
1450 679 1478 729 et
1503 678 1641 746 reputans
1665 677 1806 746 intellexi,

93 761 184 814 erunt
198 759 334 815 universa
349 776 412 832 quac
436 761 595 817 cernimus.
620 760 668 817 Sol
694 761 745 833 qui
771 779 849 817 nuuc
866 759 925 816 ori·
982 777 1038 816 noa
1052 777 1103 832 por
1118 767 1216 832 partos
1232 767 1320 816 Derim
1336 766 1365 818 et
1380 779 1431 835 per
1455 762 1587 836 singulos
1610 783 1688 821 nunc
1702 767 1712 800 ⁵
1726 767 1806 838 judi·

94 851 372 921 tur,etanteqnam
390 866 524 907 essemus
542 850 778 916 nosinmundo,
809 850 873 918 tuit,
900 853 927 906 et
982 866 1056 916 care,
1078 851 1127 906 sed
1152 850 1182 905 ia
1202 852 1331 905 laturum
1354 855 1471 922 tempus
1496 869 1642 909 reservare
1661 855 1807 925 judicium
1836 896 1839 903 -

95 941 256 1009 postquam
284 939 391 994 mortui
416 938 570 1007 fuerimus,
596 939 724 995 oriturus
751 941 805 995 est.
828 937 926 994 Solem
982 943 1127 994 utomnes
1142 939 1442 1011 particrjudicentur,
1466 945 1494 996 ot
1518 943 1681 998 secundum
1706 941 1808 999 volun·

96 1029 197 1082 autem
214 1026 442 1094 nominavimus,
459 1032 493 1084 ut
507 1027 604 1084 exhoc
618 1027 819 1100 intelligamus
835 1030 863 1082 et
877 1043 927 1082 ce·
982 1031 1071 1082 tatem
1087 1031 1115 1082 et
1129 1045 1216 1099 opera
1232 1045 1286 1084 sua
1301 1028 1339 1083 ibi
1356 1029 1506 1101 recipiant.
1519 1029 1577 1086 Hoc
1589 1031 1719 1087 estenim
1732 1033 1809 1106 quod

94 1117 592 1189 teraesseeadem,queluerunt.
622 1117 703 1182 Quod
727 1117 752 1173 si
775 1117 928 1172 videantur
983 1115 1037 1171 ait:
1055 1117 1205 1187 Etterapua
1232 1119 1308 1174 amai
1336 1119 1480 1185 uoluntati,
1509 1121 1534 1174 et
1555 1136 1637 1192 saper
1664 1138 1743 1178 omae
1763 1122 1809 1194 su-

96 1220 151 1278 per
164 1205 363 1262 conditionem
380 1206 485 1263 mortis
500 1206 604 1279 perire,
621 1223 679 1263 non
702 1210 834 1279 pereunt,
858 1206 928 1278 quia
982 1207 1057 1261 ctam
1073 1205 1121 1273 ibi,
1136 1206 1164 1260 id
1181 1209 1234 1276 est,
1251 1205 1411 1276 injudicio,
1438 1208 1556 1279 quando
1580 1209 1724 1266 Dominus
1749 1227 1809 1267 cor·

97 1310 219 1351 rursum
235 1295 362 1352 redivivu
374 1299 573 1362 succrescunt,
585 1295 694 1351 etnibil
710 1295 927 1368 inperpetuum
984 1294 1056 1365 perit
1067 1294 1211 1365 judicare,
1229 1300 1299 1350 tuno
1313 1295 1411 1350 lutura
1426 1303 1471 1351 ost
1494 1296 1611 1366 veritas,
1637 1314 1714 1354 nuno
1735 1299 1810 1370 inju-

96 1383 210 1450 interit,
227 1383 278 1439 sed
299 1383 473 1450 renascitur,
490 1388 518 1439 et
534 1382 618 1456 quasi
640 1399 707 1439 cum
733 1384 862 1455 quodam
887 1383 927 1438 te·
984 1383 1064 1439 stitia
1079 1383 1248 1438 dominatur
1263 1384 1292 1438 in
1309 1386 1429 1458 mundo.
1446 1385 1513 1441 Tale
1529 1385 1598 1458 quid
1610 1389 1639 1442 et
1650 1385 1679 1441 in
1690 1387 1810 1460 Sapien-

97 1488 170 1528 uore
185 1471 340 1528 reviviscit.
356 1471 415 1527 lloc
431 1476 476 1528 est
498 1473 577 1528 enim
601 1473 679 1544 quod
704 1471 746 1527 uit
771 1489 777 1526 :
803 1473 835 1526 Et
858 1473 929 1527 Dein
984 1472 1033 1539 tin,
1064 1489 1127 1543 qurn
1154 1471 1346 1528 filii⁶Siraoh
1374 1472 1553 1538 inscribitur,
1579 1474 1810 1546 legimusttNo

97 1568 274 1632 quareteum
291 1562 341 1632 qui
353 1563 569 1633 persecutionem
580 1563 707 1632 patitur;
725 1561 803 1633 quod
833 1560 930 1617 Graeco
985 1560 1103 1625 dixeris,
1119 1561 1188 1632 quid
1206 1565 1250 1616 ost
1265 1560 1319 1617 hoc
1336 1566 1387 1617 out
1416 1563 1485 1634 qnid
1513 1567 1558 1618 est
1585 1562 1688 1619 istud?
1711 1567 1810 1622 omnia

100 1649 209 1705 melius
236 1649 341 1706 dicitur
353 1649 398 1703 act
414 1648 428 1702 ό
443 1648 508 1710 θεός
528 1653 639 1718 ζητησει
654 1647 699 1702 τόν
729 1647 895 1721 διωκόμενον
907 1651 928 1715 ²,
984 1649 1063 1705 enirn
1078 1653 1208 1722 tempore
1223 1668 1276 1706 suo
1294 1651 1516 1723 requirentur.»

101 1739 198 1806 idest,
214 1739 289 1810 quod
305 1739 456 1811 preteriit,
486 1741 564 1811 quod
592 1738 746 1811 expulsum
773 1743 828 1807 est,
851 1739 928 1811 quod
1021 1761 1034 1789 a
1051 1738 1114 1794 Dixi
1130 1755 1182 1811 ego
1199 1739 1227 1794 in
1245 1740 1330 1795 cordo
1347 1757 1410 1795 meo
1427 1741 1461 1795 de
1475 1738 1591 1812 loquele
1607 1741 1735 1796 filiorum
1759 1741 1810 1798 ho·

97 1827 312 1884 essecessavit.
330 1828 358 1883 Si
385 1833 484 1884 antem
501 1828 580 1884 istud
604 1828 639 1883 de
668 1827 783 1884 cunctis
809 1845 873 1900 que
899 1828 927 1882 in
985 1827 1084 1898 minis,
1100 1827 1170 1900 quin
1193 1835 1310 1900 separat
1325 1828 1390 1885 illos
1417 1831 1501 1895 licus,
1528 1833 1556 1885 ot
1580 1835 1612 1885 ut
1635 1830 1811 1902 ostenderet,

98 1917 214 1972 mundo
239 1921 318 1988 sunt,
343 1917 462 1984 dicitur,
492 1917 528 1972 dc
558 1916 676 1974 homino
700 1914 782 1971 nulla
812 1917 927 1972 dubita·
985 1916 1053 1989 quia
1067 1918 1123 1988 ipsi
1136 1918 1271 1988 jumenta
1287 1919 1422 1974 suntsibi
1435 1920 1455 1986 ⁷,
1468 1918 1538 1990 quia
1551 1919 1811 1977 eventusfiliorum

96 2007 139 2062 tio
155 2009 211 2075 est,
237 2005 309 2078 quin
335 2010 471 2062 mortuus
502 2010 682 2062 renascatur.
705 2005 734 2062 Si
760 2005 807 2062 cui
830 2011 928 2062 nutem
983 2005 1149 2074 hominum,
1166 2011 1194 2061 et
1209 2011 1330 2063 eventus
1347 2009 1471 2080 pecoris,
1486 2013 1607 2064 eventus
1631 2026 1709 2066 unus
1733 2009 1775 2065 eis
1789 2011 1810 2066 ³.

94 2093 195 2167 placet
224 2094 309 2166 quasi
333 2094 451 2167 proprio
478 2094 574 2168 legare
608 2093 762 2167 principio,
796 2095 828 2149 ut
860 2095 929 2150 Deus
984 2095 1272 2166 sicutmorshuJuS,
1297 2095 1338 2150 ite
1366 2100 1394 2150 et
1423 2113 1501 2152 mors
1522 2095 1612 2164 illius,
1636 2101 1665 2153 et
1689 2097 1812 2170 spiritus

94 2191 202 2256 queret
216 2199 280 2238 eum
303 2185 352 2256 qui
368 2185 583 2256 persecutionem
610 2185 728 2256 patitur,
750 2187 851 2239 utetur
875 2183 930 2239 hoo
985 2199 1062 2238 unus
1086 2182 1233 2248 omnibus,
1252 2182 1422 2253 etamplius
1449 2182 1564 2238 bamini
1581 2199 1598 2238 a
1613 2199 1714 2255 pecore
1738 2183 1812 2240 nihil

92 2271 271 2330 testimonio
286 2271 316 2326 in
332 2272 533 2346 persecutione
548 2271 712 2345 gentilium,
729 2271 765 2327 ed
781 2271 931 2328 consolen-
985 2276 1038 2338 est,
1056 2271 1125 2343 quie
1139 2272 1238 2327 omnia
1251 2271 1374 2327 vanitas.
1392 2271 1497 2327 Omnia
1520 2271 1630 2326 vadunt
1650 2272 1685 2326 ad
1709 2271 1807 2328 locum

93 2361 173 2416 dum
188 2376 268 2426 eum,
297 2361 347 2432 qui
374 2359 403 2416 in
431 2360 569 2432 martyrio
593 2365 768 2433 perseverat.
798 2362 833 2416 lit
861 2361 931 2433 qnia
984 2376 1088 2428 unum,
1104 2359 1204 2415 omniu
1219 2358 1381 2416 factasunt
1396 2360 1431 2415 de
1446 2359 1549 2427 humo,
1566 2362 1594 2414 et
1609 2359 1811 2416 omniarover·

93 2465 204 2507 omnes
220 2450 302 2520 iuxta
316 2448 487 2521 Apostolum
504 2449 540 2520 (lt
561 2450 633 2506 Tim.
658 2450 712 2521 ιιι),
738 2448 788 2520 qui
812 2449 858 2521 pie
881 2466 929 2505 vo·
984 2453 1083 2506 tcutur
1097 2449 1133 2504 ed
1149 2448 1285 2504 humum.
1301 2449 1336 2503 ut
1350 2449 1360 2483 ⁰
1375 2448 1442 2520 quis
1457 2449 1523 2518 soit,
1540 2447 1661 2520 spiritus
1677 2447 1809 2506 tiliorum

92 2539 167 2595 lunt
180 2535 276 2594 vivere
292 2537 322 2592 ia
338 2537 392 2594 hoo
408 2537 525 2604 seculo,
557 2538 791 2610 persecutionem
814 2539 929 2610 patiun-
985 2537 1124 2605 hominis,
1142 2537 1166 2592 si
1183 2537 1321 2593 ascendat
1337 2537 1398 2610 ipse
1414 2554 1544 2604 sursum,
1560 2541 1589 2593 et
1617 2537 1738 2610 spiritus
1762 2555 1810 2612 pe·

91 2633 160 2696 tur,
190 2627 343 2683 habeant⁸
364 2625 604 2694 consolationem,
630 2627 700 2699 quin
728 2627 805 2683 Deus
826 2626 930 2700 querit
984 2628 1071 2696 coris,
1089 2627 1113 2682 si
1128 2627 1287 2683 descendat
1301 2626 1364 2699 ipse
1379 2627 1516 2683 deorsum
1535 2626 1564 2682 in
1576 2630 1686 2684 terram
1698 2627 1730 2682 t»
1748 2627 1810 2684 Non

91 2715 335 2790 persecutionem
360 2715 531 2788 patientem,
557 2714 633 2772 siout
656 2715 778 2788 requirit
810 2709 937 2790 sangui·'
985 2717 1154 2773 mirandum
1170 2719 1223 2784 est,
1249 2715 1436 2788 inpraesenti
1462 2716 1521 2772 vita
1547 2715 1624 2773 inter
1643 2717 1759 2788 justum
1784 2722 1813 2774 et

94 2821 171 2861 nem
185 2803 342 2872 interlecti,
357 2808 386 2860 ot
401 2803 479 2860 venit
494 2820 622 2876 querere
643 2804 719 2876 quod
743 2804 878 2878 perierat,
902 2809 931 2861 et
983 2805 1109 2878 impium
1126 2803 1239 2860 nullam
1255 2820 1319 2860 esse
1335 2804 1516 2868 distantiam,
1534 2805 1812 2877 nccaliqnidvalere

93 2898 248 2952 errantem
264 2908 347 2949 ovem
362 2893 374 2927 ⁸
389 2892 451 2949 suis
471 2892 602 2950 humeris
623 2893 658 2948 ud
685 2909 803 2966 gregem
830 2909 928 2967 repor-
984 2894 1117 2962 virtutes,
1135 2893 1184 2948 scd
1201 2892 1311 2948 incerto
1334 2896 1437 2949 eventu
1461 2893 1561 2949 omnia
1581 2892 1716 2962 volutari,
1744 2911 1811 2950 oum

92 2981 174 3040 tavit
189 2983 266 3053 (Luc.
282 2998 339 3052 ιιιιι,
355 2981 414 3051 xv).
983 2983 1072 3039 etiam
1087 2982 1163 3038 inter
1185 2983 1311 3056 pecudes
1328 2985 1356 3037 et
1369 2981 1531 3049 homidem,
1558 2982 1721 3038 secundum
1746 3000 1810 3040 cor·

137 3095 152 3122 α
169 3071 207 3127 Et
222 3071 318 3138 adhuc
332 3069 390 3126 vidi
403 3070 459 3127 sub
475 3069 535 3126 sole
548 3069 646 3126 locum
663 3070 782 3142 judicii:
809 3071 849 3127 ibi
874 3071 928 3126 im·
984 3072 1063 3145 poris
1078 3069 1220 3127 vilitatem
1238 3072 1257 3106 ¹⁰
1273 3070 1347 3126 nihil
1363 3071 1463 3126 ditlere
1478 3071 1622 3142 videatur,
1648 3077 1677 3128 et
1698 3073 1738 3129 eit
1763 3089 1811 3130 ea·

94 3161 215 3234 pietes;
241 3165 271 3216 et
298 3159 395 3216 locum
421 3159 562 3231 justitie:
587 3159 628 3215 ibi
668 3159 820 3233 iniquitas.
851 3161 927 3216 alu
985 3161 1052 3217 dem
1068 3159 1209 3216 nascendi
1223 3158 1359 3225 conditio,
1376 3175 1440 3215 sors
1460 3177 1519 3216 una
1543 3160 1705 3216 moriendi:
1727 3161 1811 3218 simi-

94 3250 166 3308 Dixi
181 3266 235 3324 ego
251 3250 305 3322 [Al.
323 3247 439 3322 ergolin
453 3249 539 3304 corde
551 3264 629 3304 meo:
640 3249 656 3304 J
661 3249 931 3322 ustumetimpium
946 3236 967 3302 C
987 3250 1054 3305 liter
1068 3251 1146 3305 aaa
1160 3250 1353 3322 procedamus
1369 3249 1405 3304 ad
1425 3248 1533 3317 lucem,
1564 3265 1646 3321 aque
1669 3249 1811 3308 dissolva-

89 3339 248 3412 ,iudicabit
261 3343 349 3405 Deus,
362 3337 433 3410 quia
445 3341 562 3410 tempus
585 3337 664 3393 omni
679 3337 822 3394 voluntati
844 3355 934 3411 super
987 3357 1053 3395 mur
1080 3340 1110 3394 in
1135 3338 1294 3410 pulvorem.
1324 3337 1362 3410 Si¹
1383 3343 1481 3393 autem
1509 3337 1624 3394 videtur
1651 3338 1713 3394 haec
1747 3357 1812 3398 esse

94 3444 192 3486 omne
226 3427 338 3483 tactum
373 3424 449 3493 ibi,o
476 3425 649 3481 Manifestus
672 3428 716 3481 est
742 3443 859 3495 sensus,
880 3429 929 3483 scd
986 3425 1811 3499 distantia,qnodspiritushominisuscendatinooelum,

94 3515 206 3574 nubilo
234 3513 483 3588 interpretationis
511 3513 682 3571 obvolvitur.
708 3515 766 3570 Sub
790 3513 860 3581 solo,
887 3516 930 3570 in·
985 3521 1015 3572 et
1030 3515 1151 3590 spiritus
1167 3515 1279 3586 pecoris
1295 3515 1452 3570 descendat
1472 3515 1501 3570 in
1525 3519 1643 3584 terram,
1660 3533 1717 3589 quo
1733 3517 1810 3575 istud

95 3605 180 3678 quit,
195 3604 250 3660 isto
265 3603 415 3661 veritatem
432 3602 618 3674 etjudicium
645 3602 794 3675 requisivi,
821 3607 849 3660 et
871 3604 930 3660 vidi
986 3615 1062 3661 certo
1087 3607 1205 3659 auctore
1234 3602 1443 3675 cognovimus?
1476 3603 1556 3666 Quod
1586 3607 1683 3676 potest
1710 3621 1807 3675 nosse,

98 3690 669 3765 etiaminterjudicumipsasubsollio
698 3709 756 3748 uon
778 3692 930 3748 veritatem
986 3690 1377 3749 utrumverumantalsum
1409 3691 1541 3763 sitquod
1567 3693 1726 3763 speretur?
1751 3693 1810 3750 lloo

98 3781 217 3848 valere,
232 3781 280 3837 sed
296 3797 429 3838 munera.
459 3781 524 3837 Sive
544 3781 648 3837 aliter:
674 3782 841 3838 arbitratus
864 3800 929 3839 sum
985 3779 1179 3846 autemdicit,
1198 3779 1498 3851 non'quodanimam
1520 3783 1602 3850 putet
1626 3779 1719 3851 perire
1743 3798 1810 3836 cum

96 3870 217 3944 aliquid
239 3871 364 3941 justitie
392 3870 579 3942 inpraesenti
604 3870 710 3927 seculo
737 3871 810 3944 geri,
835 3876 863 3928 et
887 3871 931 3928 vel
985 3886 1114 3944 corpore,
1130 3868 1278 3924 volonum
1295 3868 1396 3924 bestiis
1411 3871 1440 3923 et
1454 3865 1566 3923 homini
1581 3870 1738 3943 preparari
1768 3870 1810 3928 lo·

95 3963 189 4038 pium
205 3976 259 4033 pro
275 3975 328 4016 suo
344 3976 422 4016 nuno
438 3959 543 4015 merito
566 3959 703 4031 recipcre,
733 3958 777 4016 vel
806 3959 930 4032 impium
985 3957 1308 4029 cnm‚sedquodnnte
1338 3957 1495 4012 adventum
1520 3955 1626 4014 Christi
1651 3959 1751 4016 omnia
1774 3961 1811 4017 ad

93 4068 155 4124 pro
168 4067 225 4107 suo
240 4047 349 4105 scelere
363 4049 461 4122 puniri
475 4065 481 4115 ;
498 4053 526 4105 et
542 4065 556 4104 s
570 4049 716 4104 contrario
729 4049 832 4121 reperi,
842 4065 930 4122 quam
984 4049 1093 4104 interos
1109 4046 1217 4119 pariter
1232 4047 1410 4101 ducerentur
1425 4044 1455 4100 ¹¹.
1473 4045 1554 4102 Unde
1566 4051 1595 4102 et
1607 4045 1697 4104 Jacob
1714 4049 1749 4106 ud
1766 4049 1810 4106 in·

134 4176 143 4210 ¹
157 4173 243 4230 Unus
257 4173 419 4242 Palatinus,
437 4189 503 4228 oum
520 4171 605 4229 editis
615 4177 683 4229 ante
693 4173 929 4242 Martianlibris,
984 4177 1064 4228 catur
1075 4171 1218 4243 Sapientia
1234 4169 1287 4238 filii
1300 4170 1388 4236 taire,
1403 4174 1543 4227 ttaurma.

89 4249 195 4321 ipsum
210 4253 249 4300 est
264 4245 337 4317 quod
351 4247 414 4300 erit.
1020 4243 1137 4298 'Vatia
1154 4243 1283 4297 triturata
1303 4242 1343 4296 tis
1366 4246 1439 4297 suat.
1469 4242 1544 4298 Olim
1566 4247 1637 4312 erat,
1664 4245 1697 4309 ue
1719 4249 1812 4302 osba-

137 4316 420 4400 utpsamquodcst.
438 4315 489 4372 llic
516 4332 632 4389 quoque
661 4320 798 4389 corrupte
823 4315 931 4389 legitur
984 4314 1649 4398 ilat,quiaipsijmaeataariataiacquia,eto:
1680 4385 1686 4398 ἢ

87 4387 568 4532 'prumtttsbllatu
588 4453 750 4528 emim
984 4385 1810 4538 resilitittltttttttstlattariatt

129 4533 308 4587 ³ltsctenus
323 4529 434 4604 vulgati
445 4530 830 4596 tabeat,contredicentibus
841 4547 927 4600 mss.;
984 4531 1072 4585 dum:
1102 4529 1173 4596 Quia
1199 4531 1309 4600 separat
1336 4527 1397 4583 altos
1423 4533 1495 4584 Deru
1524 4532 1554 4583 ut
1579 4529 1701 4586 ostendat
1743 4531 1810 4601 qaia

83 4601 912 4731 ⁰¹³³¹‘ttatttttltttttttlmt{attatum
946 4606 967 4670 '³
984 4600 1795 4729 titularetattttttttttatlslltbu

82 4745 235 4820 pleribus
250 4691 322 4800 mres.
339 4745 393 4801 boc
409 4745 495 4800 morlo
523 4716 667 4816 scriptum
693 4749 756 4812 est;
783 4743 812 4798 iu
841 4715 929 4800 editis
981 4747 1026 4798 tas
1041 4760 1113 4798 imm
1126 4712 1311 4797 orauituseis.
1707 4713 1715 4739 ’

80 4813 379 4882 vernantealibris,
397 4816 559 4872 iactriato.
577 4815 717 4871 Maurus.
1019 4815 1087 4870 ”lta
1117 4830 1190 4870 mss.
1225 4814 1261 4869 ed
1290 4813 1423 4870 Graecum
1452 4831 1494 4874 τις
1522 4816 1615 4870 Antea
1644 4814 1747 4870 vocula
1781 4819 1808 4870 et

128 4891 148 4924 ⁴
162 4893 196 4945 tu
209 4896 350 4945 meatem
366 4903 452 4944 ouem.
470 4887 662 4944 Sorhonicum
676 4885 804 4941 codicem
835 4886 927 4942 secuti
983 4887 1092 4942 deerat.

80 4977 217 5029 sumus,
234 4959 283 5015 alii
297 4957 410 5030 legunt,
426 4963 552 5014 arratam
566 4974 662 5020 onera:
677 4957 748 5013 editi
762 4958 874 5012 Erasm.
900 4961 929 5013 et
1019 4959 1041 4991 ¹⁰
1059 4954 1212 5012 Seruatum
1227 4955 1346 5026 eorporis
1358 4957 1504 5012 uilitatem.
1522 4957 1658 5013 lllendose
1673 4955 1744 5013 item
1764 4955 1805 5012 lo-

79 5031 223 5091 Marion.
237 5047 381 5086 erroneam
395 5045 479 5086 cuma.
496 5033 636 5086 blancus.
982 5033 1066 5098 gunt,
1080 5025 1229 5084 secuntum
1243 5027 1363 5097 corporis
1392 5029 1576 5098 qualitatem:
1594 5045 1661 5083 cum
1684 5044 1719 5084 ex
1744 5044 1806 5084 ver·

126 5102 341 5158 ⁵Adverbium
367 5118 441 5156 rauna
469 5118 542 5157 mss.
572 5098 663 5156 nostri
688 5099 833 5170 ignorant.
875 5097 927 5154 Al·
983 5101 1028 5155 bis
1043 5097 1658 5170 consequentibusapparantHisronymum
1673 5100 1807 5173 posuisse

76 5176 206 5234 cuinus
222 5190 273 5246 pro
293 5189 325 5229 eo
342 5170 413 5245 legit
426 5189 542 5245 seraper.
981 5173 1117 5227 uilitatem
1133 5185 1190 5224 non
1207 5169 1369 5249 qualitatem
1386 5170 1527 5226 blanrraa.

124 5248 141 5282 ⁶
156 5244 357 5303 Restituimus
372 5260 472 5300 vocem
487 5245 543 5315 filii
557 5259 591 5299 ex
606 5241 715 5298 nostris
741 5258 813 5297 mss.
839 5245 927 5313 utque
1017 5244 1035 5277 ¹¹
1054 5243 1158 5299 Cantor
1173 5240 1404 5321 Commentarios
1431 5241 1459 5296 in
1485 5243 1557 5298 Osco
1582 5257 1644 5314 cara.
1664 5243 1707 5298 13.
1732 5242 1806 5299 San·

73 5318 184 5378 editis
202 5321 270 5372 ante
284 5315 496 5382 Murtianaeum,
514 5312 654 5387 quiillam
667 5312 817 5378 omiserat,
830 5311 924 5378 libris,
981 5319 1060 5370 otum
1078 5327 1193 5392 quoque
1209 5313 1405 5393 augustinum
1423 5313 1458 5366 de
1475 5311 1547 5368 Gen.
1565 5313 1601 5368 ab
1621 5312 1665 5368 lit.
1691 5315 1718 5370 L.
1740 5331 1805 5380 vm,

122 5391 254 5459 ——ouae
277 5386 379 5444 Sirnctt
395 5387 567 5442 inscribitur.
591 5385 669 5440 uniti
689 5383 757 5439 libri
782 5399 844 5454 qaeu
871 5384 927 5453 filii
981 5401 1008 5443 o.
1026 5387 1061 5440 t:
1089 5383 1217 5450 «Nobis,
1248 5387 1345 5455 inquit
1368 5381 1539 5440 Tertulliun.
1565 5383 1605 5439 lib
1643 5384 1676 5440 dc
1704 5387 1805 5442 Anima

72 5461 196 5522 siracti
212 5459 385 5524 inscribitur,
402 5459 452 5515 sed
470 5458 563 5514 multo
583 5455 679 5512 verius
705 5456 734 5510 ia
759 5471 831 5512 mse.
848 5455 926 5510 codi-
981 5473 1043 5529 cap.
1058 5456 1103 5522 31,
1120 5453 1203 5509 interi
1221 5470 1278 5508 non
1304 5453 1383 5535 nuda
1398 5455 1551 5524 cavositas,
1569 5472 1620 5512 noc
1642 5455 1806 5514 subdivalis

71 5537 193 5598 cibus,
228 5529 383 5586 ueSimct
398 5531 569 5586 inscribitur.
598 5528 672 5584 Nam
695 5527 772 5599 apud
802 5531 925 5598 Septua-
980 5528 1079 5600 aliqua
1108 5523 1210 5580 arandi
1237 5529 1351 5580 sentiae
1379 5527 1552 5584 creduntur:
1582 5529 1632 5584 sod
1661 5527 1691 5583 in
1726 5527 1805 5585 tossa

69 5601 208 5680 gintal'
232 5599 474 5658 erEoolesiastioi
499 5598 670 5656 inscribitur
699 5597 786 5674 Enipi
811 5597 856 5651 Σεὶ
878 5617 925 5672 ιχ,
981 5596 1159 5665 temnetis
1189 5593 1247 5652 ulto
1278 5596 1408 5670 vastitas,
1434 5603 1464 5656 ot
1491 5598 1520 5655 in
1550 5599 1621 5674 ipsis
1645 5598 1803 5660 visceribus

66 5675 234 5764 sapientia
250 5673 358 5730 Siraci.
376 5671 468 5746 Syrus
483 5677 581 5728 tamen
592 5670 734 5741 interpres
742 5669 805 5754 hec
818 5617 923 5727 ιιιίοιι
979 5671 1043 5743 ejus
1054 5669 1192 5728 abstrusa
1201 5667 1396 5742 profunditas.

63 5747 178 5816 Liber
191 5747 256 5806 tcta
268 5745 326 5820 atri·
339 5745 478 5805 strumis
503 5743 603 5812 turm·
631 5741 756 5820 memque
783 5741 854 5802 liter
876 5757 925 5802 vo·
