4054 6168
254 295 319 378 {l
874 302 907 364 S.
924 291 1341 372 coambulantium.
1405 301 1434 322 ”’
1796 321 1800 326 ·
1872 293 1922 375 tt!

254 435 381 514 pientior
394 433 622 496 cunctisbsstils
631 451 721 511 super
733 437 872 494 terram.»
883 438 939 490 Pro
948 430 1080 505 sapiente
1093 431 1121 502 A
1139 483 1142 490 .
1171 436 1262 504 (vens.
1279 438 1322 493 17.
1339 459 1354 490 «
1368 435 1521 496 Maledicta
1534 443 1611 498 unna
1621 439 1651 497 ln
1666 435 1860 515 operibustuia
1867 442 1888 498 ¹.
1907 451 1920 495 u

253 528 285 588 in
300 527 419 586 Habrao
431 527 559 586 hebetur
570 543 650 584 naeu
665 527 760 598 (otuu)
776 527 795 594 ¹,
811 525 889 597 quod
916 521 1022 594 Aquila
1047 524 1077 577 et
1131 525 1225 598 Opere
1236 525 1283 583 bic
1298 543 1356 584 uon
1372 527 1451 585 ruris
1461 529 1629 600 colendi,ut
1639 530 1766 605 plerique
1779 535 1921 605 putablned

253 616 433 676 Theodotion
448 619 600 690 πανοῦργον
625 614 807 688 interpretati
823 619 891 669 sunt
921 629 928 668 ε
955 611 1010 666 hoo
1032 613 1077 666 est
1130 619 1248 688 peecata
1262 617 1492 690 significantur⁸
1508 635 1514 674 :
1533 623 1567 675 ut
1579 619 1609 676 in
1635 619 1751 676 Hebreo
1764 620 1882 677 hahetur.
1893 623 1921 678 bt

252 722 371 780 nequam
385 709 414 762 et
428 705 608 777 versipellem.
625 704 718 777 Magis
733 703 832 775 itaque
860 718 894 758 ex
909 701 964 758 hoo
987 699 1075 756 verbo
1130 704 1236 776 Aquila
1251 721 1308 762 non
1323 705 1481 775 discordat,
1498 708 1597 765 dicans
1614 725 1620 764 :
1637 731 1651 759 n
1667 708 1815 766 Maledicta
1834 709 1921 768 humus

253 795 397 856 mllidiue
411 793 582 858 etuersutio
602 807 691 866 quem
721 790 866 864 sapientia
892 791 1075 854 demonstra·
1130 797 1298 867 propterte.
1317 797 1381 852 rut
1395 797 1598 854 Theodotum:
1629 821 1643 848 «
1672 797 1816 856 Maledicta
1839 801 1920 856 udum

253 889 312 942 tur.
1130 882 1161 938 iu
1176 883 1410 958 transgressione
1425 889 1485 942 tua.
1505 909 1515 936 e

288 973 381 1045 (Vere.
401 973 443 1043 8.)
460 993 474 1025 n
491 972 526 1027 lit
540 970 697 1027 audierunt
715 985 815 1026 vocem
830 967 947 1026 Domini
957 968 1075 1025 lloiam·
1165 972 1256 1043 (Vere.
1272 976 1350 1042 20.)«
1362 975 1398 1030 ill
1410 976 1524 1032 vocavit
1537 976 1628 1032 Adam
1638 977 1852 1041 nomenuxoris,
1866 982 1917 1044 sue,

252 1060 427 1120 balantisin
443 1059 630 1133 paradisond
660 1061 823 1132 vesperain.
842 1081 856 1108 n
877 1059 908 1114 ln
929 1056 1075 1130 plerisque
1130 1060 1219 1117 vitam
1242 1062 1293 1134 qui
1317 1063 1382 1136 ipsa
1409 1067 1438 1120 ct
1467 1067 1561 1122 mater
1588 1065 1720 1124 omnium
1747 1066 1916 1124 viventium·

252 1151 402 1210 oodidibus
418 1149 599 1215 Latinorum,
619 1165 672 1221 pro
695 1165 728 1204 eo
744 1149 821 1221 quod
845 1147 893 1204 bio
921 1146 1076 1219 posuimus
1130 1151 1224 1215 Quare
1233 1167 1287 1207 ave
1301 1152 1390 1224 (utu),
1402 1151 1430 1208 id
1445 1156 1490 1209 est
1504 1153 1514 1196 i
1527 1155 1595 1222 cta,
1607 1152 1646 1210 sit
1667 1153 1816 1227 appellata,
1828 1156 1920 1212 demon·

250 1241 291 1298 ud
312 1243 524 1312 uesperum,past
537 1237 681 1294 memdicare
706 1237 795 1294 habet
834 1235 904 1308 quia
915 1235 947 1290 τὸ
958 1231 1074 1290 δειλινὸν
1130 1241 1213 1308 stret,
1231 1255 1264 1296 eo
1279 1241 1357 1312 quod
1374 1241 1413 1297 sit
1438 1251 1528 1298 meter
1555 1245 1680 1300 omnium
1709 1247 1854 1302 uicentrum.
1878 1245 1920 1302 liu

251 1331 384 1389 Graecum
400 1345 567 1385 sermonem
582 1327 751 1384 adverbum
766 1327 925 1383 transferre
939 1341 996 1382 uon
1013 1341 1077 1399 pos·
1131 1327 1241 1401 quippe
1251 1329 1427 1386 transfertur
1440 1329 1470 1386 in
1486 1333 1584 1390 ustam.

251 1435 355 1478 numus
372 1435 378 1474 :
394 1434 447 1490 pro
462 1433 520 1488 quo
535 1416 565 1471 in
581 1417 700 1472 Hebraeo
717 1415 919 1486 scriptumest
943 1416 967 1480 i,
986 1431 1076 1470 usaue
1167 1416 1258 1488 (llere.
1273 1418 1331 1490 34.)
1346 1439 1361 1468 «ι
1376 1419 1410 1474 ut
1438 1419 1522 1491 ejecit
1535 1419 1639 1488 Adam,
1669 1426 1697 1478 et
1725 1421 1849 1480 habitere
1872 1423 1921 1480 feeit

250 1525 321 1567 arou
335 1511 416 1576 (nitu
438 1490 528 1578 mni),
544 1504 622 1578 quod
637 1504 744 1577 Aquila
759 1505 967 1577 interpretatus
994 1511 1038 1560 est
1048 1501 1073 1557 a
1133 1509 1236 1562 contra
1249 1505 1420 1578 paradisum
1435 1505 1604 1579 voluptatis.
1621 1513 1655 1566 lit
1670 1511 1772 1566 statuit
1794 1509 1920 1568 Cherubin

249 1599 290 1669 τῷ
305 1596 460 1668 ἀνέμῳτῆς
476 1593 583 1668 ἡμέρας
610 1593 716 1662 idest,
745 1594 776 1648 in
803 1602 881 1649 vento
908 1592 974 1650 diet.
991 1593 1074 1666 Sym-
1130 1596 1342 1652 assemmeem
1359 1595 1551 1668 rompheam,
1580 1612 1643 1671 qua
1667 1600 1788 1656 vertitur
1814 1601 1920 1656 ademto

250 1685 460 1742 maehusuero
476 1679 521 1737 dulc
536 1681 689 1754 πνεύματος
705 1681 825 1757 ἡμέρας,
840 1682 868 1737 id
885 1685 939 1750 eat,
955 1698 1005 1755 per
1018 1683 1075 1753 epi·
1131 1681 1269 1740 diendam
1283 1684 1361 1740 uiam
1371 1683 1443 1756 ligni
1456 1685 1533 1741 vita.
1551 1707 1565 1736 u
1581 1685 1666 1744 Alius
1683 1687 1776 1745 multo
1790 1705 1881 1746 sensus
1892 1693 1921 1745 al

250 1761 338 1831 ruma
355 1773 421 1830 dicu
451 1773 537 1830 Porro
556 1770 737 1828 'theodotion
767 1769 952 1827 manifestius
981 1769 1006 1824 ἐν
1036 1773 1075 1842 τῷ
1091 1772 1921 1868 BiaHebraeoquamhiointelligiturl.ditenimtubt

250 1860 385 1936 metuam
397 1857 474 1935 vapte.
492 1859 637 1933 κατάψυξιν
663 1861 674 1895 ³
701 1865 752 1928 τῆς
779 1859 896 1934 ἡμέρας,
927 1864 960 1916 ut
987 1859 1076 1916 meri·
1130 1860 1216 1933 ejecit
1231 1860 1336 1930 Adam,
1354 1883 1369 1912 u
1384 1861 1463 1918 haud
1479 1863 1604 1920 dubium
1619 1865 1692 1936 quin
1708 1867 1840 1923 Dominus
1854 1884 1861 1923 e
1874 1867 1920 1922 «lit

252 1953 340 2010 diano
354 1949 451 2008 calore
464 1953 622 2018 transacto,
639 1947 823 2022 refrigerium
842 1964 919 2004 auru
935 1947 1075 2021 spirantis
1129 1949 1262 2007 habitare
1276 1948 1420 2007 leoitante
1431 1952 1602 2023 paradisum
1612 1953 1772 2028 voluptatis
1785 1954 1919 2022 Cherubin,

251 2041 428 2100 ostenderet.
1129 2042 1158 2096 et
1172 2039 1341 2096 flammeum
1356 2038 1497 2112 gladium,
1514 2041 1564 2114 qui
1580 2045 1751 2110 verteretur,
1776 2047 1804 2100 et
1820 2041 1920 2100 custodi·

267 2129 478 2202 ‹(Vars.lt.)·
509 2127 836 2200 Sapen-pectusculum,
854 2131 1073 2185 atventremtu·
1129 2131 1174 2185 ret
1186 2127 1263 2184 viam
1274 2125 1344 2201 ligni
1356 2127 1429 2184 vite.
1448 2149 1463 2177 u
1478 2128 1540 2186 Non
1552 2129 1630 2202 quod
1642 2129 1742 2204 ipsum
1756 2130 1919 2203 Adamqucu

254 2235 306 2278 um
321 2215 530 2276 ambulabis.»
546 2215 683 2273 Ventrem
698 2216 891 2290 Septuaginta
903 2215 1075 2289 interpretas
1129 2217 1254 2288 eiecerat
1268 2220 1356 2282 Deus,
1383 2215 1516 2273 hahitare
1540 2217 1639 2274 fecerit
1667 2223 1769 2277 contra
1781 2217 1919 2292 paradisum

251 2307 449 2368 addiderunt:
466 2305 643 2363 ceterum'in
659 2306 775 2362 llebrcso
788 2309 880 2378 pactus
894 2310 1010 2365 tanturn
1026 2310 1075 2366 ha·
1128 2303 1304 2379 voluptatis:
1321 2305 1372 2360 sed
1386 2305 1464 2377 quod
1481 2304 1532 2362 illo
1546 2306 1639 2377 eiecto
1655 2311 1724 2366 aute
1736 2309 1808 2366 lorea
1821 2303 1919 2380 paradisi

249 2399 318 2457 bet:
335 2400 368 2454 ut
383 2395 573 2453 calliditatem
584 2398 613 2452 et
626 2395 770 2452 versutias
786 2395 995 2469 cogitationum
1010 2399 1075 2471 ejus
1129 2393 1298 2462 Cherubim,
1312 2397 1342 2450 et
1355 2391 1526 2451 flammeum
1554 2388 1689 2468 gladium
1712 2398 1836 2471 posuerit
1846 2396 1875 2452 ad
1884 2411 1920 2450 cu·

251 2485 378 2562 eperiret
390 2504 397 2542 :
409 2485 488 2558 quod
503 2499 606 2540 omues
615 2499 734 2558 gressus
743 2485 807 2556 sius
819 2485 952 2557 aequitiae
963 2493 1072 2558 essent,
1127 2484 1315 2546 stodiendum
1329 2483 1460 2560 paradisi
1474 2485 1706 2555 vestibulumme
1719 2487 1785 2561 quis
1795 2488 1879 2561 posset
1889 2483 1920 2539 in·

249 2579 280 2642 at
293 2575 422 2633 fraudes.
437 2573 492 2632 Sed
508 2577 538 2630 et
551 2572 580 2632 id
610 2573 688 2646 quod
717 2572 883 2644 sequitur:
912 2597 926 2626 u
954 2576 1073 2634 Terram
1128 2578 1216 2630 trare.
1854 2595 1860 2610 .

249 2662 444 2724 manducabis
458 2664 479 2731 ⁸,
495 2684 509 2712 a
525 2679 578 2736 pro
601 2666 679 2718 terra
702 2680 797 2720 mnan
810 2665 900 2733 fanu)
928 2665 1071 2739 scriplum
1164 2664 1244 2736 (Gap.
1265 2662 1312 2720 lV.
1328 2693 1363 2704 -
1384 2661 1467 2718 Vere.
1489 2663 1554 2735 l.)«
1570 2663 1605 2720 lit
1628 2665 1763 2740 concapit
1788 2673 1814 2722 et
1838 2661 1921 2738 peperit

249 2759 304 2826 est,
320 2752 398 2828 quod
415 2768 468 2808 nos
483 2750 610 2808 favillam
626 2755 655 2807 et
682 2751 830 2825 pulverem
852 2769 1012 2826 possumus
1026 2755 1072 2811 di·
1128 2752 1252 2819 deluat
1269 2751 1352 2818 dixit,
1368 2750 1509 2824 acquisivi
1525 2751 1585 2810 sive
1599 2755 1721 2825 possedi
1739 2755 1874 2812 hominem
1886 2765 1922 2824 par

252 2859 327 2904 cere.
828 2847 831 2854 ’
1130 2843 1231 2902 Deum.
1248 2862 1262 2892 n
1278 2840 1349 2898 Cain
1364 2841 1441 2932 (pp),
1457 2840 1623 2914 acquisitio,
1653 2844 1716 2902 sive
1742 2833 1873 2918 possessio
1890 2837 1921 2894 in·

285 2933 378 3006 (Vers.
388 2932 444 3004 15.)
462 2953 473 2980 i
491 2933 556 3005 lpse
570 2929 697 2988 servabit
725 2934 923 3003 oaputtunm,
953 2936 984 2990 tu
1014 2949 1075 2992 ser·
1129 2933 1314 3002 terpretatur,
1335 2929 1364 2986 id
1379 2932 1424 2986 ast
1448 2934 1555 2998 κτῆσις,
1584 2931 1666 2990 uude
1694 2937 1723 2990 at
1749 2927 1920 3005 etymolog'am

249 3022 333 3081 sabis
347 3021 413 3094 ejus
428 3019 607 3078 calcaneum.
632 3041 646 3069 a
675 3017 777 3075 Melius
806 3019 895 3076 habet
924 3021 1040 3078 llebraeo
1066 3039 1073 3078 :
1128 3015 1223 3091 ipsius
1238 3016 1404 3089 exprimens
1418 3015 1469 3087 ait,
1483 3034 1596 3076 esuum
1610 3021 1729 3112 (rutupi,
1744 3021 1773 3078 id
1787 3025 1836 3088 est,
1849 3040 1861 3071 u
1873 3020 1924 3072 Poa-

253 3133 266 3162 ι
282 3111 348 3185 lpse
362 3111 491 3166 conteret
505 3110 594 3181 caput
605 3111 701 3175 tuum,
718 3110 747 3163 et
774 3111 803 3165 et
816 3111 847 3165 tu
864 3113 995 3168 oonmres
1009 3111 1074 3183 ejus
1129 3105 1192 3164 sedi
1206 3106 1355 3162 bominem
1372 3121 1423 3180 per
1436 3105 1540 3164 Deum.
1557 3129 1571 3160 n

252 3197 444 3266 calcaneum
460 3196 529 3270 quia
544 3200 573 3252 et
585 3195 678 3252 nostri
692 3212 811 3270 gressus
827 3198 1045 3271 prepedientur
1057 3218 1078 3258 a·
1089 3169 1118 3238 θ’
1165 3195 1259 3266 (Vere.
1277 3194 1315 3268 i.)
1332 3216 1346 3246 u
1361 3194 1395 3251 Et
1408 3195 1534 3268 respexit
1548 3196 1626 3253 Deus
1642 3213 1734 3272 super
1749 3197 1828 3262 Abel.
1852 3199 1875 3252 el
1886 3209 1921 3250 ⁵¹¹·

253 3285 374 3344 eolubro
390 3301 397 3342 :
414 3289 444 3342 et
456 3285 600 3342 Dominus
615 3288 745 3342 conteret
767 3285 907 3346 Seianam
921 3287 977 3345 sub
993 3289 1074 3363 pedi·
1129 3300 1181 3358 per
1196 3299 1319 3340 munera
1333 3284 1398 3356 ejus
1414 3300 1421 3340 ι
1438 3301 1527 3356 super
1539 3284 1609 3343 Cain
1625 3291 1727 3344 autam
1742 3293 1771 3345 et
1787 3302 1866 3360 super
1885 3299 1919 3338 ss·

251 3376 309 3434 bus
321 3373 430 3434 nostris
442 3373 586 3431 velociter.
1129 3372 1242 3432 adficta
1252 3373 1317 3444 ejus
1332 3387 1390 3428 non
1405 3372 1542 3446 respexit,
1565 3377 1595 3430 et
1618 3375 1808 3433 contristatus
1822 3377 1859 3431 ast
1870 3369 1919 3430 Gaia
1986 3431 1987 3436 ,

288 3465 380 3538 (fers.
397 3464 453 3535 lu.)
469 3464 478 3500 l
494 3461 693 3537 Multiplicans
715 3463 918 3537 multiplicabo
932 3465 1070 3525 tristitiae
1129 3462 1223 3519 valde.
1242 3483 1252 3512 ι
1270 3461 1350 3518 Unde
1365 3460 1440 3518 scire
1454 3465 1568 3534 poteret
1581 3460 1665 3532 Cain,
1682 3465 1758 3538 quod
1777 3461 1864 3520 fratris
1875 3473 1922 3513 mu·
1986 3473 1987 3540 ,

250 3551 319 3612 tuas
334 3557 363 3610 et
376 3551 503 3627 gemitus
518 3554 594 3608 tuos.
613 3575 626 3604 u
642 3556 697 3608 Pro
713 3551 833 3609 tristitia·
845 3556 875 3610 at
902 3555 1024 3630 gemitu,
1042 3556 1073 3614 in
1131 3569 1203 3610 uera
1216 3550 1395 3625 suscepisset
1404 3552 1491 3619 Daue,
1507 3555 1537 3607 et
1550 3567 1605 3612 sua
1620 3553 1820 3626 repudiasset:
1831 3545 1922 3606 nisiilla
1986 3547 1987 3600 l

252 3644 370 3700 llebrao
385 3642 493 3699 dotores
509 3643 689 3714 deducemus
704 3641 803 3707 habet.
1130 3640 1331 3715 interpretatio
1345 3657 1412 3696 vera
1435 3643 1480 3696 ast
1498 3642 1519 3711 ⁹,
1549 3656 1638 3713 quam
1668 3641 1842 3700 'l’heodolion
1865 3633 1919 3694 til

302 3754 316 3782 u
332 3732 367 3788 ut
381 3731 418 3788 ad
434 3731 530 3787 virum
545 3729 694 3787 conversio
708 3732 770 3786 tua.
787 3751 802 3780 n
823 3733 879 3786 Pro
894 3732 1080 3789 conversione
1132 3733 1231 3805 posuit
1247 3746 1253 3784 :
1273 3752 1283 3780 ι
1300 3730 1336 3785 ill
1356 3728 1552 3786 inflammavit
1567 3729 1711 3789 Dominus
1726 3747 1811 3804 super
1826 3723 1925 3794 aboliti

256 3819 337 3881 Ml)
350 3819 467 3894 Aquila,
496 3819 896 3894 societatemtsymmacbue,
924 3824 1077 3894 appetitam
1133 3835 1223 3892 super
1237 3816 1414 3874 sucrificium
1430 3817 1514 3888 ejus:
1531 3833 1621 3890 super
1646 3819 1924 3887 Gainvemeusupu

257 3910 302 3972 vel
316 3913 450 3984 impetum
463 3908 686 3968 transtulerunt.
1133 3905 1310 3966 sacrificium
1335 3907 1400 3976 ejus
1415 3922 1473 3961 nou
1489 3905 1694 3976 inflammavit.
1711 3930 1726 3958 u
1742 3909 1836 3982 lgnam
1848 3903 1922 3960 auten
1986 3961 1987 3982 χ

251 4023 919 4154 Rutatdnnuipunctumdiaoriticumaltsrutri
935 4042 1079 4082 cornuum
1168 4022 1315 4106 {Palatia
1335 4019 1472 4105 scripio:
1505 4021 1621 4104 Regium
1650 4023 1726 4082 alter
1753 4017 1925 4101 assequimur

276 4097 596 4170 tteraeuimposrtum,
617 4095 865 4180 quemadmodum
887 4101 914 4152 et
938 4097 1078 4153 recentio-
1134 4094 1243 4168 quubus
1258 4092 1326 4149 lueet
1340 4097 1484 4166 corruptus
1499 4093 1699 4151 vocubusboni
1715 4094 1820 4170 aliquid
1833 4091 1926 4148 culleus
1986 4159 1987 4200 ,

255 4167 530 4254 ,rsshujualinguas
559 4166 807 4258 magisterialis
844 4172 907 4250 unt,
934 4167 1081 4252 mullisex
1135 4162 1401 4272 nopnemoeliciat.
1512 4237 1517 4248 Ι
1606 4236 1611 4248 Ι
1716 4239 1721 4250 Ι

253 4256 322 4370 tlt
335 4237 1081 4392 luitulfilittntttbtltglultbbit.ti
1170 4235 1923 4378 2liltlltufu'lhttbttittnu

252 4383 290 4441 lis
306 4379 412 4440 diversi
427 4380 610 4456 significatus
624 4385 712 4464 atque
726 4380 948 4447 enuntiationis,
972 4380 1079 4438 iisdem
1136 4395 1207 4436 mes.
1223 4377 1325 4452 legunt
1338 4376 1369 4432 iu
1399 4376 1551 4450 singulari,
1567 4379 1715 4438 maledicto
1738 4382 1810 4438 terre
1829 4377 1926 4442 unque
1986 4409 1987 4422 .

254 4459 353 4511 mmen
369 4453 474 4510 litteris
489 4452 645 4534 descriptis
666 4452 830 4524 umpositas,
857 4450 960 4534 quales
984 4453 1015 4509 in
1029 4457 1081 4508 Sa·
1137 4456 1193 4508 tuo.
1210 4449 1294 4505 Hunc
1317 4447 1412 4504 locum
1431 4448 1648 4520 reprehendunt
1674 4449 1780 4519 critici,
1808 4462 1855 4502 nos
1876 4450 1926 4494 vulf
1986 4449 1987 4490 l

254 4525 387 4582 maritico
402 4524 501 4606 codice
516 4539 628 4597 pessum
651 4531 818 4605 occurrunt.
841 4523 959 4580 Videtur
981 4529 1078 4582 autem
1095 4541 1120 4607 D
1136 4538 1204 4578 eum
1219 4519 1403 4578 defendimus
1418 4520 1494 4576 infra
1508 4519 1538 4576 in
1554 4520 1637 4579 Nolis
1653 4518 1858 4594 prolixioribus.
1872 4513 1927 4566 llus·

255 4595 405 4670 proposito
431 4612 461 4650 nn
480 4595 543 4652 loeo
572 4593 754 4650 differentem
784 4609 879 4666 ipsam
903 4594 1078 4667 scripturam
1133 4609 1210 4650 run.
1839 4657 1843 4668 Ι
1900 4631 1902 4636 .

254 4667 410 4740 utriusque
425 4666 503 4723 vocis
517 4669 727 4729 fluuetbtatu
738 4663 875 4722 denotare
887 4665 1079 4742 Hieronymus
1169 4654 1547 4734 tsnteaeracsipuiucaur.
1575 4662 1691 4736 Legerit
1718 4663 1926 4735 personuerunt·
1986 4691 1987 4696 1

253 4739 474 4806 voluisse,oum
492 4737 602 4794 enimn
627 4748 690 4797 uu:
718 4752 774 4790 vox
802 4735 902 4793 isthec
926 4738 1081 4794 deducitur
1135 4751 1213 4804 mue,
1229 4733 1300 4806 quin
1327 4733 1415 4790 etiam
1441 4733 1547 4806 Aquila
1568 4733 1703 4791 fortassis
1717 4738 1746 4791 at
1766 4727 1926 4788 cumdum.
1986 4743 1987 4792 1

254 4811 425 4898 absquejod
440 4809 581 4868 scribitur
592 4823 598 4862 τ
609 4806 728 4864 tametsi
740 4805 801 4863 hmo
812 4825 959 4881 nusquam
971 4809 1078 4865 habea·
1133 4817 1245 4894 quau:
1260 4821 1327 4862 oum
1347 4818 1362 4867 η
1378 4804 1475 4862 littera
1489 4823 1540 4879 pro
1556 4818 1583 4874 Ἰ,
1605 4823 1670 4879 quse
1683 4803 1816 4862 facillimo
1832 4801 1927 4856 inuras
1986 4833 1987 4840 .

253 4890 304 4943 tur
316 4900 347 4939 m
363 4897 445 4940 sacro
459 4884 550 4937 textu.
567 4883 709 4936 Caeterum
722 4877 788 4934 vida
803 4880 1034 4938 commentarios
1049 4879 1079 4936 in
1135 4897 1364 4953 eommutffiqup,

316 5037 346 5092 ln
361 5035 470 5092 Hebraeo
489 5035 605 5090 habetur
618 5032 711 5113 Aram.
729 5029 918 5104 antiquiores
934 5047 1006 5087 mes.
1036 5047 1081 5089 co·
1171 5037 1258 5095 lDuo
1274 5053 1345 5095 mss.
1361 5053 1446 5110 quom
1459 5038 1504 5093 hac
1518 5037 1543 5094 ie
1564 5039 1630 5096 itur.
1871 5094 1880 5106 ‚.

255 5105 336 5162 dices
351 5107 393 5162 sio
408 5105 509 5178 legunt
524 5123 531 5163 :
548 5105 599 5160 sed
623 5101 825 5159 indifferenter
851 5119 932 5158 arum
959 5107 988 5158 et
1002 5119 1080 5159 arom
1171 5111 1182 5145 ⁹
1198 5110 1260 5165 llaec
1270 5114 1347 5166 carte
1362 5107 1510 5181 plerisque
1525 5055 1592 5166 afile
1606 5106 1736 5181 antiquis
1747 5093 1926 5174 interpretuhus
1986 5161 1987 5174 χ

256 5175 345 5231 scribi
362 5177 552 5250 potast‚quia
568 5175 646 5248 apud
663 5173 781 5229 Latinos
806 5174 982 5246 excriptores
1006 5189 1025 5229 u
1053 5178 1083 5230 et
1138 5180 1285 5238 sententie
1302 5180 1459 5252 persuasit.
1482 5180 1557 5248 Quin
1593 5179 1683 5238 etiam
1712 5173 1813 5234 ethuici
1836 5161 1926 5236 elquu

256 5260 272 5299 o
286 5246 452 5316 promiscue
469 5253 659 5320 usurpantur.
684 5245 744 5302 lion
758 5253 797 5300 cet
810 5261 908 5314 seruies,
930 5249 958 5300 et
972 5261 1027 5300 nous
1041 5248 1083 5302 cel
1137 5253 1294 5325 scriptores
1307 5267 1342 5307 ax
1358 5251 1552 5319 Hebraeorum,
1570 5256 1602 5307 ut
1615 5251 1739 5316 videtur,
1751 5241 1866 5304 sontibus
1878 5237 1925 5289 tra·
1986 5267 1987 5278 .

255 5329 350 5370 serulus
365 5319 465 5374 eodem
477 5337 565 5375 sensu
583 5317 688 5392 sepius
706 5315 812 5390 legitur
826 5315 855 5372 in
871 5315 1082 5373 vetustissimis
1137 5321 1504 5394 dunc,vetnstioresignem
1515 5323 1574 5380 aris
1586 5340 1642 5380 non
1654 5316 1844 5394 supposuisse,
1855 5315 1926 5384 quotu
1986 5343 1987 5360 ,

258 5384 485 5456 exemplaribus.
503 5395 644 5446 Manuos·
1137 5394 1251 5451 scilieet
1266 5413 1283 5450 a
1297 5394 1354 5450 Deo
1382 5394 1517 5466 precibus
1543 5396 1741 5468 impetrarent.
1768 5382 1879 5446 uanius.
1902 5385 1925 5426 ”¹

293 5461 435 5545 ¹09&ssssss
450 5469 552 5531 nostri.
569 5470 619 5540 qui
637 5469 775 5526 llebraiea
801 5468 887 5524 verbe
903 5469 1009 5526 Grecis
1025 5467 1080 5522 ela·
1137 5465 1245 5522 AEneid.
1259 5481 1308 5522 vnn
1327 5483 1333 5521 :
1351 5487 1365 5515 (ι
1376 5466 1460 5548 Apud
1477 5467 1604 5538 mephres
1619 5482 1674 5522 ara
1690 5479 1746 5519 nou
1761 5449 1926 5530 incendebat·
1986 5475 1987 5512 2

258 5539 382 5604 mentis,
394 5551 449 5598 uon
470 5538 586 5606 Latinis,
617 5540 790 5611 plerumque
805 5539 940 5606 oderunt,
957 5541 1005 5596 hic
1023 5545 1081 5592 elul·
1137 5537 1260 5608 tur‚sed
1276 5537 1516 5609 ignemdrvinum
1528 5537 1665 5611 precibus
1678 5528 1924 5594 eliciebantuffllf'

259 5607 326 5663 loll
354 5609 446 5677 ltlllbl¹
466 5609 586 5677 babent,
611 5611 863 5680 quemadmodum
890 5611 920 5668 in
943 5611 1082 5670 Hebraico
1138 5607 1300 5665 candebant
1314 5606 1427 5665 altaria.
1453 5631 1464 5662 a
1490 5607 1604 5667 Similia
1629 5596 1870 5667 referuntSoliuuf
1881 5591 1921 5644 ¹³⁰·

258 5673 422 5756 naxaplari.
1138 5678 1248 5753 lyhist,
1264 5696 1290 5738 o.
1307 5680 1350 5750 12,
1367 5683 1396 5738 et
1410 5681 1572 5744 Pausanias
1584 5681 1615 5740 in
1630 5678 1715 5738 Elias.
