4068 6170
137 248 215 310 lili

136 462 258 540 busque
281 481 432 526 manuum
455 468 523 546 ejus
544 471 740 550 benedixisti,
758 487 789 539 et
804 485 957 557 possessio

279 551 316 600 hc
330 551 351 600 si
367 552 453 603 dieat:
468 556 505 604 Ea
520 571 579 619 ques
594 559 690 609 dedisti
706 564 841 626 subtrahe,
858 583 918 618 nem
935 572 957 619 si

134 609 202 689 ejus
224 615 321 675 crevit
343 616 374 675 in
399 623 481 678 terra
501 620 515 677 ‘l
537 622 598 682 Sod
626 627 757 684 extende
792 633 955 708 paululum

134 693 957 766 acceptaperdiderit,respecluintriregreliainliletisrebusteui

135 772 262 814 merium
286 765 384 830 tuam,
403 766 434 820 et
456 767 550 840 tange
572 774 684 826 cuneta
707 788 777 846 quae
805 776 956 848 possidet,

133 833 331 895 perellhusnon
338 838 481 900 quaesierit.
492 841 717 905 l'erunliphresim
727 849 826 900 dictum
833 855 955 917 estquod

134 896 192 956 nisi
215 897 245 956 in
268 898 346 960 lecie
368 907 423 961 lna
445 903 638 968 benedixerit
661 909 726 969 libi.
757 912 840 974 Dixit
881 935 956 996 ergo

133 987 188 1023 non
199 974 249 1025 luit
272 991 354 1028 ausus
365 980 477 1044 scriptor
488 983 605 1034 historiee
616 999 661 1036 ore
679 1003 727 1038 suo
738 989 765 1039 in
775 993 857 1043 Deum
869 995 956 1046 dicere

133 1039 285 1100 Dominus
307 1043 345 1102 ed
369 1045 542 1106 Seianam:
568 1051 657 1118 Dece,
703 1054 846 1116 universa
885 1079 955 1138 quse

132 1117 244 1166 verbum
254 1119 532 1187 blesphemiaeblagne
542 1125 629 1189 pietas
645 1130 747 1180 Domini
758 1137 955 1190 nostri.lioslein

134 1181 240 1254 habet,
263 1185 295 1242 in
320 1203 413 1245 menn
437 1195 491 1247 tua
512 1197 607 1251 sunt:
632 1199 753 1254 tantum
776 1199 807 1257 in
824 1219 893 1260 eum
918 1222 955 1262 ne

133 1265 254 1332 nostrum
262 1264 395 1372 permittit
408 1268 434 1314 et
448 1267 554 1327 retinet,
566 1269 665 1320 relaxet
675 1275 801 1344 elfllrcnat
813 1292 819 1336 ;
832 1281 955 1353 substan·

131 1326 956 1470 iiiiii.deditii{eliathtilithielieth

132 1445 955 1528 adomnlerelexathoetein,neoudinusferienslrengatcivem

568 1525 665 1577 Africis
678 1529 735 1592 ejus
750 1533 821 1594 exiit,
833 1538 896 1598 quin
910 1552 955 1599 pn-
968 1557 971 1564 ·

130 1579 285 1641 extendes
329 1600 458 1644 manum
500 1592 599 1648 tuam.
643 1591 856 1675 Egressusque
910 1606 957 1660 est

128 1660 957 1740 mentemtentationisieciptensenmrituesuaeroiapervenii

130 1723 267 1784 Satanas
281 1741 300 1784 a
315 1725 394 1787 facie
408 1729 543 1789 Domini.
567 1735 645 1792 Cum
667 1741 772 1797 autern

128 1801 178 1862 die
201 1802 258 1864 lilii
280 1810 311 1866 et
334 1805 406 1866 tiliae
427 1807 494 1888 ejus
516 1813 715 1875 comederent
737 1823 768 1877 et
809 1819 953 1883 biberent

126 1881 160 1940 in
195 1883 290 1946 domo
331 1886 436 1948 fratris
481 1891 530 1950 sui
573 1892 787 1973 primogeniti,
823 1903 952 1964 nuntius

600 1980 684 2030 Dares
698 1985 819 2046 arabant,
836 1992 865 2037 ut
878 1989 951 2039 vide·

129 2031 214 2091 venit
235 2033 275 2094 ad
296 2033 366 2108 inb,
391 2037 444 2115 qui
467 2038 609 2102 diceret:
632 2045 731 2106 Boves
753 2051 897 2123 arabant,
920 2059 952 2113 et

128 2109 188 2159 licet
198 2116 346 2163 memorato
356 2114 442 2165 {ructu
453 2119 549 2180 orieris,
566 2133 645 2171 causa
660 2129 761 2175 crescat
770 2127 879 2179 doloris.
889 2131 950 2182 ldeo

128 2173 225 2234 esinae
256 2178 476 2264 pascebantur
498 2181 591 2259 juxte
625 2204 689 2260 eos,
727 2197 757 2249 et
791 2191 951 2256 irruerunt

127 2251 948 2322 haicomuieoperatusesldieholusutlotcalamitatibueexes·

128 2316 243 2389 Sabaei,
267 2321 468 2400 tuleruntque
490 2327 607 2396 omnia,
632 2335 663 2388 et
691 2349 804 2408 pueros
827 2353 950 2412 percus·

127 2401 243 2456 peretus,
253 2401 347 2447 contro
355 2400 495 2452 Dominum
508 2403 534 2452 in
543 2403 737 2470 blasphemiam
748 2416 906 2476 erumperet,
916 2415 948 2466 de

126 2466 235 2519 serunt
255 2459 286 2520 in
308 2461 426 2540 gladio,
450 2473 480 2524 et
501 2471 586 2529 evasi
611 2488 669 2548 ego
704 2473 789 2534 solus
812 2483 845 2537 nt
867 2497 946 2538 nun·

126 2550 179 2612 quo
194 2537 264 2588 Deus
279 2545 340 2590 ante
356 2555 482 2606 magnum
500 2547 681 2598 testiinonium
698 2552 884 2614 perhibuisset.

125 2607 237 2698 tierem
257 2602 326 2698 tibi.
350 2605 490 2704 Dumque
512 2608 616 2671 adhue
644 2613 837 2712 loqueretur,
863 2620 947 2680 venit

813 2743 819 2764 ,
861 2713 947 2760 emtol

122 2827 458 2896 hostiispliicarevoluisti;
469 2835 597 2898 ejueiram
608 2841 760 2902 toleras,cui
768 2780 946 2908 recollegisseP

123 2898 225 2953 tectas
246 2911 319 2956 oves
341 2913 518 2978 puerosque
544 2908 748 2983 eonsumpsit,
786 2917 817 2970 et
850 2913 945 2992 etlugi

123 2972 196 3022 ricus
210 2971 366 3024 insudabas.
652 2985 716 3034 Dece
727 2986 822 3037 iterum
834 3004 867 3040 ne
879 2995 943 3056 quid

124 3052 198 3113 ergo
214 3037 299 3097 solus
321 3043 356 3098 ut
378 3039 554 3102 nuntiarem
576 3044 643 3104 tibi.
668 3049 727 3108 Sed
751 3057 781 3111 et
800 3052 856 3114 illo
892 3057 945 3116 ad·
999 3061 1058 3119 lem
1083 3082 1139 3140 pro
1161 3069 1251 3145 pelle,

124 3114 376 3168 minuedehumana
387 3117 546 3171 adversitate
556 3122 878 3184 iloluisset,Clialdeeoruin
888 3139 943 3184 tur·
958 3143 979 3208 ρ
999 3139 1201 3195 eisulistenliurn
1209 3147 1275 3200 dede

804 3195 941 3259 uiiatuaei
998 3201 1086 3263 dabit

124 3176 185 3237 huc
206 3177 366 3268 loquente,
390 3183 474 3243 venit
495 3184 584 3256 alius,
610 3193 641 3248 et
676 3192 772 3251 dixit:

123 3269 180 3305 mae
191 3255 299 3308 irruisse
313 3259 462 3310 denuntiet.
477 3261 562 3314 Suhaei
573 3269 598 3315 el
613 3266 726 3318 Chaldaei
742 3276 890 3325 vestitores
917 3282 944 3328 et

124 3320 266 3381 iecerunt
287 3327 350 3383 tres
372 3327 502 3396 turmas,
526 3335 557 3388 et
577 3330 759 3392 invaserunt
793 3340 939 3414 camelos,

123 3403 309 3462 persecutores
318 3401 450 3462 Ecclesiee,
460 3405 762 3472 quihaeresispravitcte
773 3428 866 3478 greges
894 3419 942 3470 Do-

123 3468 154 3522 et
175 3465 316 3524 tulerunt
337 3483 401 3537 eos,
425 3486 482 3527 nee
505 3488 566 3528 non
588 3478 619 3532 et
640 3493 753 3551 pueros
785 3496 943 3554 percusse·

120 3541 242 3594 minleos.
258 3546 284 3591 et
299 3542 407 3593 domurn
418 3546 513 3596 Christi
529 3548 658 3612 dissipare
674 3557 847 3607 contendunt.

121 3609 196 3664 runt
217 3605 332 3682 gladio,
357 3614 467 3684 elego
498 3613 565 3689 lugi
587 3617 671 3675 solus
707 3623 741 3676 ul
762 3622 940 3684 nuntiarem

29 3675 33 3686 '
183 3683 299 3734 Callidus
308 3686 392 3736 hostis
402 3692 476 3751 prins
486 3697 605 3752 parve,el
614 3699 675 3756 post
684 3696 787 3760 majora
797 3703 939 3764 nuntiavit;

120 3743 188 3804 tibi.
211 3747 322 3809 Adhuc
344 3750 533 3829 loquebatur
553 3755 615 3828 ille,
641 3760 672 3818 et
693 3778 764 3820 ecee
786 3763 865 3824 elius
896 3765 940 3826 in-

117 3823 145 3872 in
158 3827 277 3876 extremo
289 3827 403 3878 illiorum
414 3835 528 3882 mortem
539 3832 637 3895 intulit,
649 3841 678 3886 ul
687 3839 844 3901 patientiam
855 3845 939 3896 saneti

117 3888 223 3962 travit,
247 3896 279 3949 et
299 3891 401 3952 dixit:
425 3894 511 3954 Filiis
532 3898 594 3959 tuis
615 3905 647 3961 el
668 3901 792 3964 filiabus
817 3924 940 3968 vescen-

114 3965 938 4038 ririrumperel.lnmajorisiratrisdnmoconvivabanturcuni

114 4029 201 4090 tibus
235 4039 267 4091 cl
300 4033 479 4098 bibentibus
515 4039 620 4101 vinum
658 4043 689 4102 in
718 4045 812 4107 domo
836 4050 938 4111 fratris

113 4111 303 4174 pereuulfvuia
313 4126 372 4163 cum
383 4116 497 4179 uiatores
507 4119 938 4186 voluptatibusdeserviuntmimi·

112 4174 164 4231 sui
201 4177 421 4254 promogeniti.
460 4191 587 4258 repente
622 4191 733 4247 ventus
768 4190 938 4253 vehemens

111 4263 174 4299 runi
185 4251 212 4300 in
233 4253 381 4305 minoribus
404 4259 517 4308 lascivire
533 4259 607 4311 trena
622 4263 754 4315 laxentur.
767 4269 863 4319 Notum
889 4276 935 4331 est,

111 4315 206 4374 irruit
228 4335 246 4376 a
267 4319 394 4396 regione
416 4321 530 4383 deserti
552 4332 583 4385 et
604 4332 798 4408 consumpsit
831 4333 934 4414 [Volp.

111 4392 187 4456 qnod
196 4394 419 4462 ehaqnesuperno
431 4406 497 4451 nutu
508 4406 807 4459 elementemorerinon
815 4420 935 4474 possunt.

111 4519 280 4600 concussit]
305 4529 442 4600 quatuor
462 4529 595 4604 angulos
617 4529 738 4604 domus,

110 4677 207 4719 ruens
227 4666 383 4742 oppressit
404 4666 520 4728 liberos
542 4675 623 4744 tuos,
646 4681 677 4732 el
698 4679 814 4738 mortui
849 4688 933 4807 spui,

108 4738 193 4788 misit.
819 4758 847 4807 ln
873 4762 934 4810 orti·

106 4807 141 4861 et
165 4803 260 4880 effugi
281 4823 340 4882 ego
362 4808 458 4880 solus,
485 4815 518 4868 rit
540 4811 716 4874 nuntiarem
741 4817 809 4879 tibi.
846 4823 934 4885 'l'unc

106 4879 231 4930 tudinem
246 4883 401 4936 tolerantias.
420 4887 557 4957 Significat
575 4890 751 4950 luctum,uon
781 4911 810 4946 ex
838 4901 933 4965 despe-

108 4942 218 4993 ratione
232 4946 375 5010 iristltiam,
391 4953 419 4999 et
432 4951 489 5013 pios
504 4951 537 5000 ab
552 4952 642 5016 impiis
657 4961 803 5019 separatos.

108 5007 250 5068 surrexit
289 5011 360 5083 lob,
405 5019 436 5073 et
477 5015 569 5076 ecidit
610 5018 748 5081 tunicam
775 5034 933 5100 suamet

139 5084 288 5150 Superbus,
305 5094 332 5139 et
346 5091 452 5141 inutilia
466 5095 611 5144 resecanda
626 5098 766 5159 siguificat.

105 5153 199 5209 tonso
221 5152 324 5230 capite
346 5173 495 5217 corruens
517 5157 547 5216 in
570 5165 684 5220 terrem
723 5164 877 5239 adoravit,
900 5175 931 5231 et

198 5237 337 5289 llnniinem
354 5245 424 5292 terra
438 5243 540 5294 nudum
556 5247 687 5306 producit,
704 5254 731 5299 et
746 5253 846 5302 nudum
864 5257 929 5305 reci-

104 5297 155 5361 pit.
171 5297 246 5350 Nulla
260 5301 338 5352 sorde
352 5305 453 5367 peccati
469 5307 607 5368 originalis
622 5323 755 5372 aspersus.
770 5314 831 5365 llaec
859 5317 929 5368 dieti

102 5359 209 5425 dixit:
238 5366 346 5427 Nudus
380 5387 523 5445 egressus
557 5389 625 5432 anm
662 5375 699 5434 de
735 5383 824 5440 utero
860 5400 926 5442 me·

103 5441 211 5490 Christo
226 5447 402 5498 conveniunt.

152 5512 192 5561 ild
208 5526 315 5566 carnem
330 5529 407 5568 suum
422 5521 615 5570 resurrectione
631 5522 773 5576 rediturus.
790 5528 876 5580 Dones
899 5531 926 5581 in

103 5572 160 5634 tris
183 5593 271 5650 meai,
295 5581 397 5642 nudus
418 5590 450 5642 et
479 5591 618 5645 revertar
652 5586 736 5648 illuc.
775 5593 925 5655 Dominus

99 5653 287 5707 hereditatem
298 5658 359 5720 sibi,
369 5665 396 5710 et
406 5661 490 5710 malos
502 5662 620 5714 abstulit.

98 5715 206 5780 recipit,
222 5731 276 5770 non
293 5726 384 5776 nosue
399 5723 515 5778 abstulit.

98 5778 199 5860 dedit,
222 5783 547 5870 nominassemus,
576 5789 615 5856 eil
648 5809 763 5858 nornen

605 255 813 327 expostam
835 268 1137 338 invnniinnints
1162 277 1264 344 LIBRI
1284 283 1366 347 JDB.

124 383 501 460 ,samquesubslanliem
544 409 600 468 per
641 394 817 474 circuitum,
854 404 1210 480 operi-Abenedietum
1235 415 1403 482 insaecula

817 1743 952 1818 quedem
969 1779 992 1844 B

758 4472 881 4526 unienter
895 4477 936 4526 in·
990 4473 1093 4552 licem]
1132 4495 1222 4554 ejus:

110 4597 208 4656 terlur,
219 4600 292 4662 quod
307 4601 363 4663 ipse
378 4602 510 4653 elementa
523 4613 650 4668 moveret,
670 4611 715 4673 qni
741 4553 847 4666 maffia
869 4558 935 4681 ἳιῖξ-

1758 307 1836 368 ilie

1427 424 1473 502 [lii
1510 429 1593 511 Volp.
1625 435 1832 522 desideraturi.

1012 486 1077 558 Diria
1089 503 1138 538 uec
1149 507 1197 554 per
1211 497 1401 550 conscientiam
1415 507 1510 556 tacitus
1525 513 1630 574 tumuit,
1646 530 1696 567 nee
1715 519 1834 580 linguam

1011 563 1037 597 ιιι
1054 555 1249 606 contumaciam
1264 558 1370 612 laxavit.
1748 583 1832 634 Stulte

1013 613 1045 670 ln
1082 617 1227 706 omnibus
1263 623 1310 682 liis
1345 645 1407 686 non
1445 637 1585 706 peccavit
1618 642 1689 712 iob,
1729 665 1832 726 neque

1011 704 1065 739 non
1083 699 1169 754 potuit
1183 697 1254 760 loqui
1271 704 1401 765 sirpieiitiu
1416 713 1507 770 patris.

1011 756 1140 816 stultum
1165 763 1239 838 quid
1262 775 1370 828 contre
1393 774 1489 833 lteuni
1514 776 1637 840 loeutus
1659 791 1715 846 esl.

1338 953 1451 1012 eaeor
1471 961 1505 1016 ιι.
1580 1033 1583 1036 ,

1063 1153 1073 1172 Ἰ
1306 1103 1371 1159 tinia
1386 1109 1494 1170 spiritus
1509 1115 1670 1178 Angelorum
1686 1129 1751 1181 illuc
1766 1148 1830 1184 con·

1052 1153 1180 1214 lectum
1203 1166 1249 1218 est
1271 1177 1387 1238 enirm,
1411 1190 1481 1234 euin
1505 1185 1640 1256 quadarn
1684 1193 1734 1254 die
1776 1217 1829 1259 ve-

1012 1231 1131 1304 versione
1142 1236 1337 1316 redeunteque
1346 1248 1519 1304 nnltcrnenns
1528 1265 1666 1318 reversione
1677 1271 1827 1330 discedunt.

1012 1303 1125 1355 nissenl
1164 1301 1217 1360 lilii
1254 1307 1317 1376 Dei,
1355 1317 1385 1368 et
1410 1321 1654 1389 sterenteoram
1683 1337 1813 1402 Domino

1010 1371 1830 1472 Quinetsibeatitudinemperdidituaturnm‘aniensissiniilen’i

1011 1447 1291 1530 venisset'quoque
1313 1457 1445 1515 Selenes
1467 1461 1631 1541 intereos,
1660 1485 1689 1536 et
1731 1488 1830 1545 staret

1011 1527 1065 1562 non
1081 1523 1210 1575 aniisil,ct
1223 1527 1440 1586 continerentur
1450 1538 1830 1618 dieiiScriptura-speculantur

1010 1577 1041 1636 in
1064 1589 1231 1658 conspectu
1265 1591 1341 1666 ejus,
1376 1604 1408 1655 ul
1452 1604 1568 1666 diceret
1603 1616 1753 1681 Dominus
1788 1628 1828 1686 ed

1011 1655 1120 1706 honoeel
1130 1661 1218 1734 retains.
1234 1667 1291 1738 Non
1303 1683 1350 1730 pro
1361 1673 1520 1744 ignorantia,
1534 1688 1578 1736 sed
1590 1697 1618 1739 ut
1632 1696 1710 1746 nohis
1719 1705 1828 1754 demon·

1010 1722 1116 1778 stretur,
1133 1728 1196 1785 quid
1208 1727 1320 1780 Domino
1336 1742 1503 1796 responderit
1517 1747 1647 1803 inimicus.

1007 1782 1181 1846 Seianam:
1206 1792 1294 1852 Unde
1317 1800 1431 1859 vrnis‘?
1452 1808 1510 1877 Qui
1533 1819 1736 1895 respondens,
1759 1827 1824 1892 aii:

1006 1861 1152 1987 magidi
1164 1865 1290 1921 interiore
1306 1888 1358 1923 nou
1375 1889 1511 1946 appetunt,
1522 1889 1548 1938 iii
1564 1898 1724 1952 exteriorum
1736 1905 1826 1958 labore

1005 1986 1140 2048 Circuivi
1176 1997 1301 2068 terrain,
1339 2007 1368 2062 et
1406 2013 1621 2082 perambulavi
1669 2043 1749 2087 eam.
1787 2033 1827 2093 Et

1029 2126 1034 2139 Ι
1061 2127 1067 2140 .
1088 2068 1464 2146 adversariusinterpretetur.
1508 2093 1646 2147 Subtiliter
1659 2109 1824 2160 membratim

1005 2125 1083 2189 dixit
1105 2134 1255 2196 Dominus
1279 2142 1317 2199 ad
1341 2147 1515 2213 satanam:
1553 2160 1712 2241 Numquid
1748 2189 1824 2232 con-

1004 2204 1467 2286 luccsupraexposuimusreplicarc
1478 2245 1538 2295 quie
1546 2235 1824 2300 diximnsclevitnmus.

1003 2269 1146 2334 sideresli
1167 2295 1298 2354 puerum
1324 2283 1425 2367 [iniq.

1003 2352 1087 2426 quod
1205 2357 1211 2369 '

1003 2446 1038 2488 ae
1062 2432 1083 2492 ti

1136 2575 1142 2588 .
1245 2582 1251 2594 ,
1394 2591 1400 2602 ,
1460 2531 1823 2603 Nonoucstaaienolono-

1002 2569 1064 2631 hnc
1087 2581 1222 2639 retinens
1244 2597 1483 2655 innocentiam?
1509 2603 1553 2660 'lu
1590 2614 1694 2669 aulem
1739 2632 1823 2677 eom·

1001 2650 1089 2727 miuus
1100 2653 1240 2730 instigatus
1249 2671 1318 2713 esset
1329 2666 1362 2715 ad
1373 2669 1531 2726 tentandum
1540 2681 1599 2740 tob,
1616 2687 1661 2735 sed
1679 2692 1768 2752 potius
1793 2701 1823 2746 ut

1003 2723 1125 2776 movisti
1141 2737 1190 2779 inc
1213 2724 1377 2789 adversum
1398 2751 1467 2796 enm

1000 2791 1114 2866 diceret:
1131 2798 1199 2857 Ouid
1212 2803 1259 2851 tibi
1271 2809 1380 2870 prosilit,
1396 2817 1456 2875 quio
1476 2821 1579 2872 credere
1663 2830 1668 2840 '

999 2855 1111 2904 aduersis
1127 2861 1210 2910 oi'riim
1224 2879 1277 2914 esse
1289 2870 1484 2930 fortissimum?
1741 2898 1821 2956 Quasi

1000 2919 1128 2981 trustra.
1166 2926 1221 2986 Cui
1261 2939 1452 3010 respondeus
1487 2945 1619 3010 Selenes
1653 2956 1721 3021 eit:
1753 2963 1821 3024 Pel·

999 2999 1127 3049 cavlltuns
1137 3002 1320 3070 diceret,quod
1332 3014 1381 3063 lnb
1390 3018 1421 3066 ed
1434 3019 1596 3078 liberandum
1607 3033 1723 3086 animam
1734 3053 1819 3106 suam,

1277 3081 1308 3162 et
1329 3087 1442 3142 cuncta
1473 3105 1543 3162 quae
1580 3092 1675 3158 hebet
1711 3102 1817 3178 homo,

1279 3157 1821 3235 niedevertendamoueeinonsulflceret

1107 3225 1164 3283 pro
1180 3212 1285 3275 anima
1308 3235 1388 3282 sue:
1413 3225 1552 3306 alioquin
1581 3237 1667 3299 mitte
1689 3259 1818 3308 manum

997 3282 1179 3348 meloni,quod
1190 3290 1267 3342 heato
1274 3295 1324 3345 lab
1331 3297 1463 3363 intulerat,
1473 3306 1581 3362 carnem
1591 3315 1715 3371 videlieet
1722 3323 1818 3376 lerien-

998 3348 1095 3419 tuam,
1120 3356 1150 3409 et
1171 3357 1265 3433 lange
1286 3376 1321 3420 ns
1343 3362 1410 3440 ejus
1438 3375 1468 3428 et
1502 3389 1640 3452 carnem,
1677 3391 1706 3445 el
1743 3395 1817 3451 tune

997 3423 1059 3473 daur
1088 3429 1193 3480 ustulat.

996 3440 1115 3548 vidcssis
1152 3496 1235 3571 qirod
1271 3498 1302 3558 in
1340 3504 1417 3566 lacie
1453 3511 1618 3579 benedicet
1642 3523 1707 3584 tibi.
1734 3530 1818 3590 Dixit

1184 3633 1189 3646 ι
1528 3593 1593 3644 Erec
1609 3599 1703 3650 iterum
1719 3607 1816 3656 tentari

996 3645 1070 3706 ergo
1102 3633 1252 3694 Dominus
1285 3642 1323 3699 ed
1348 3647 1618 3718 Satanamtllcee
1652 3665 1682 3722 in
1721 3687 1814 3730 mann

995 3709 1164 3771 per-inittitur,
1180 3714 1227 3762 sed
1241 3721 1362 3773 custodia
1377 3730 1563 3784 comitaturus
1577 3737 1720 3792 laberetur.

995 3769 1140 3823 Observare
1156 3773 1261 3833 dicitnr.
1279 3780 1305 3828 id
1322 3788 1371 3843 cst,
1386 3787 1532 3854 irrumpere
1547 3810 1602 3847 non
1617 3804 1725 3858 audere.

1150 3849 1182 3885 ex
1198 3845 1272 3900 purte
1283 3856 1299 3892 a
1312 3848 1458 3901 tentatione
1473 3856 1618 3918 prohibuit.

995 3899 1126 3972 tuaest,
1151 3910 1366 3968 verumtamen
1403 3915 1553 3994 animem,
1576 3925 1660 3989 illius

1130 4003 1133 4010 ·
1225 3983 1362 4040 Quomodo
1378 3991 1514 4048 Satanase
1529 4001 1593 4054 lacic
1609 4007 1710 4060 Domini
1727 4020 1812 4076 exeat,

994 4035 1098 4124 [Volp.
1113 4043 1234 4129 servat.
1260 4051 1409 4126 Egressus
1430 4059 1526 4136 igilur
1546 4067 1711 4135 Selenese
1735 4080 1813 4140 secie

993 4128 1020 4163 ιιι
1031 4120 1212 4194 superioribus
1223 4132 1569 4204 exposuimusElephentiie
1579 4152 1672 4201 morbo
1683 4157 1812 4218 aquibus·

992 4179 1132 4270 Domini¹
1160 4198 1311 4263 percussit
1355 4196 1416 4258 iob
1459 4205 1562 4268 ulcere
1602 4217 1750 4291 pessimo,
1793 4241 1811 4282 a

992 4256 1051 4306 dem
1063 4262 1186 4321 creditur,
1203 4269 1228 4315 el
1243 4268 1339 4322 idcirco
1351 4289 1366 4324 a
1376 4276 1493 4332 lieditate
1505 4286 1587 4338 nimia
1601 4305 1714 4356 regnum
1734 4313 1810 4350 snum

993 4327 1100 4420 planta
1122 4337 1210 4411 pedis
1233 4359 1330 4435 usque
1352 4351 1391 4408 ad
1428 4357 1578 4419 cervicem
1601 4363 1705 4447 [Volp.
1744 4389 1811 4432 ver-

991 4407 1107 4484 reliquit.
1119 4417 1213 4488 tutum
1224 4423 1250 4468 et
1264 4422 1382 4484 lragrlein
1399 4435 1571 4498 semetipsum
1582 4445 1763 4499 considerans.

1156 4557 1160 4566 ⁸
1261 4487 1314 4563 qui
1349 4497 1428 4554 teste
1462 4501 1580 4563 saniem
1625 4508 1808 4587 deredebal‚

990 4549 1091 4612 Corpus
1103 4553 1197 4629 festine
1206 4560 1327 4615 teetidum
1338 4573 1463 4624 ostendit.
1476 4578 1605 4640 Linguam
1614 4589 1732 4640 mulieris
1756 4593 1810 4642 dia·
1857 4587 1865 4597 '

992 4615 1102 4674 sedens
1118 4637 1147 4676 in
1175 4629 1381 4703 sterquilinio.
1405 4638 1488 4698 Dixit
1509 4651 1613 4708 autem
1649 4652 1694 4712 illi
1731 4674 1809 4717 uxor

989 4691 1221 4767 bolus-instigavit.
1238 4706 1284 4754 sed
1299 4709 1348 4758 hec
1360 4718 1416 4763 iirte
1431 4718 1496 4769 nihil
1508 4726 1656 4784 praevaluit.
1672 4732 1716 4780 liis
1731 4733 1808 4784 dietis

989 4757 1183 4818 sinrplrcitatem
1199 4765 1320 4820 deserere
1332 4773 1430 4827 docuit.

989 4836 1067 4879 sua:
1089 4823 1199 4886 Adhuc
1221 4848 1408 4907 permanens
1428 4842 1459 4902 in
1496 4847 1696 4928 simplicitate
1731 4861 1808 4920 tua?

989 4897 1081 4948 eodeni
1096 4914 1177 4952 sensu
1192 4919 1246 4968 quo
1259 4924 1349 4974 supra.

988 4959 1117 5024 benedic
1140 4969 1202 5030 Deo
1224 4979 1254 5032 et
1276 4992 1409 5041 morere.
1434 4985 1491 5055 Qui
1527 4990 1570 5052 ait
1611 4995 1649 5055 ed
1693 4998 1803 5061 illem:

986 5039 1058 5153 ιΕῃιιξιίιιιἰ
1069 5043 1321 5156 glalililtlilnsphement
1344 5058 1496 5126 Dominum,
1520 5069 1589 5122 inter
1611 5075 1705 5127 stultos
1724 5079 1805 5144 depu-

985 5167 1079 5236 Qnasi
1103 5189 1165 5231 nne

1682 3931 1812 3996 observa

1008 5309 1013 5320 Ι
1033 5305 1034 5308 ¹
1335 5264 1561 5328 tionisest,sicum
1571 5261 1805 5344 adversapatininr

983 5309 1016 5368 Si
1036 5311 1120 5372 bone
1141 5319 1336 5396 suscepimus
1350 5327 1388 5388 de
1422 5349 1515 5395 manu
1552 5343 1687 5414 Domini,
1721 5348 1802 5406 mala

983 5390 1099 5438 auctoris
1110 5395 1192 5443 nostri
1202 5397 1234 5445 ed
1246 5405 1398 5456 memoriam
1410 5409 1481 5461 dona
1491 5423 1706 5482 revocemus.Qui
1716 5425 1805 5486 tlegel-

982 5468 1080 5528 quere
1102 5473 1163 5516 non
1186 5463 1420 5540 suscipiemus?
1441 5476 1475 5534 ln
1498 5483 1645 5545 omnibus
1666 5485 1716 5546 his
1739 5505 1800 5545 ιιοιι

981 5529 1046 5601 lenti
1058 5535 1125 5594 patri
1136 5538 1232 5598 gratias
1243 5543 1366 5606 reddidit,
1374 5557 1400 5600 et
1410 5555 1610 5612 malesuadendi
1621 5564 1729 5636 conjugi
1740 5563 1801 5610 doe·

979 5594 1075 5642 trinum
1089 5597 1257 5651 ministravit.

670 5667 924 5732 irrequietudinem
979 5658 1121 5735 peccavit
1141 5662 1201 5722 tob
1222 5665 1253 5725 in
1277 5667 1367 5736 labiis
1393 5678 1468 5739 suis.
1507 5684 1605 5763 lgitur
1639 5682 1802 5746 audientes

979 5739 1031 5788 tres
1046 5750 1122 5804 reges
1134 5739 1243 5797 luerunt
1252 5747 1286 5798 de
1300 5763 1398 5814 genere
1413 5757 1490 5810 esau.

798 5795 923 5868 Domini
977 5805 1040 5866 tres
1062 5804 1155 5870 amici
1175 5807 1235 5872 lob
1258 5830 1351 5880 omne
1374 5821 1493 5886 malurn
1515 5825 1599 5910 quod
1633 5815 1804 5884 accidisset
