4056 6170
263 303 343 374 ttae
881 317 914 382 S.
933 315 1089 384 uusuull
1111 315 1344 387 uluuouvtll.
1853 309 1918 382 llll

259 442 319 498 aia.
335 442 464 516 Sequens
480 449 580 504 autem
608 447 770 508 versiculus
799 452 952 524 perspicue
974 453 1082 506 aristu-
1098 460 1125 520 Α
1140 454 1261 510 machus
1278 450 1436 520 transtulit,
1452 451 1573 508 dicens:
1589 472 1603 503 rr
1620 448 1708 520 Indis
1733 449 1800 510 bono
1819 455 1872 510 esto
1892 451 1915 510 iu

261 531 343 588 dium
358 533 487 590 scientiae
503 535 684 594 cohortatur.
1139 544 1214 600 bono
1232 544 1328 612 ;diem
1343 558 1409 600 vero
1424 540 1535 598 malum
1551 541 1673 598 intuere.
1687 539 1823 613 Siquidem
1834 541 1880 598 boc
1890 542 1917 600 si-

300 640 310 669 r
327 621 399 678 Vide
414 640 502 698 opera
518 626 574 698 uel,
593 627 732 700 quoniam
744 629 810 702 quis
822 629 928 702 poterit
942 629 1084 686 adornare
1139 633 1207 690 mile
1223 633 1291 690 huie
1307 633 1475 704 insibilans,
1493 635 1525 688 ut
1540 648 1598 688 uon
1613 630 1749 686 inveniret
1765 629 1841 686 bomo
1859 631 1917 701 quod

260 725 348 784 quem
364 717 441 770 Deus
457 716 594 786 pervertit
609 716 642 772 ¹?
658 739 671 766 u
687 718 722 774 lut
734 718 763 773 in
780 718 834 774 hoc
849 719 911 776 looo
937 719 977 776 ita
1001 721 1084 791 Sym·
1138 727 1239 778 contre
1258 739 1326 778 eum
1346 725 1525 794 quereretur.
1543 742 1558 770 u
1574 719 1608 776 ut
1619 719 1704 786 bone,
1715 718 1919 790 inquit,elmela,

260 800 384 856 machus
395 803 563 860 transtulit:
581 829 595 856 u
612 806 697 862 Disce
711 824 799 879 opera
815 809 877 874 Dei,
904 809 974 881 quia
998 825 1083 866 nemo
1138 816 1226 882 prout
1240 811 1292 866 tibi
1308 810 1466 878 evenerint,
1483 809 1607 866 sustine.
1625 808 1682 864 Nec
1696 813 1776 880 putes
1793 806 1833 864 vel
1856 808 1921 864 bono

260 889 366 962 poterit
378 892 532 964 corrigere,
548 896 625 968 quod
641 895 689 951 ille
703 896 854 954 imminuit
878 919 892 947 u
909 897 938 952 id
953 899 1085 954 estsultl-
1139 917 1205 956 rum
1220 905 1336 956 tautum
1352 903 1403 956 aut
1420 898 1562 956 malorum
1591 898 1620 954 ia
1645 897 1752 954 mundo
1776 912 1835 952 esse
1857 901 1921 952 uatu-

258 977 315 1034 oiet
326 980 380 1050 trit.
398 981 516 1052 sullicitl
534 983 637 1040 libide
653 984 947 1058 Scripturissanclis‚
964 987 1024 1043 sive
1050 1003 1085 1042 ex
1139 1007 1213 1057 ram,
1231 1006 1298 1046 cum
1309 1006 1343 1046 ex
1357 987 1480 1044 diversis
1499 987 1629 1044 muudus
1644 986 1699 1042 iste
1713 985 1851 1042 contrariis
1873 985 1921 1041 sub·

259 1065 325 1140 ipsa
338 1071 582 1142 contemplatione
598 1071 821 1144 elementorum,
836 1075 910 1131 scira
925 1079 953 1131 et
977 1075 1083 1131 intelli·
1139 1080 1225 1136 sistat
1239 1080 1261 1146 ¹,
1276 1078 1379 1136 calidis
1394 1081 1423 1133 et
1446 1076 1571 1147 frigidis,
1598 1075 1683 1132 siccis
1711 1079 1739 1130 et
1757 1073 1921 1144 humentibus,

259 1171 326 1228 gere
342 1173 404 1228 quac
421 1157 598 1218 factasunt:
616 1179 672 1216 non
689 1167 787 1218 tamen
808 1180 912 1220 causas
940 1166 1081 1222 rationes·
1139 1168 1221 1224 duris
1237 1172 1265 1223 et
1279 1166 1429 1230 mollibus,
1444 1164 1606 1221 tenebrosis
1622 1169 1651 1220 et
1679 1162 1789 1226 lucidis,
1815 1162 1885 1218 mulie
1903 1167 1922 1217 et

259 1260 315 1315 quc
329 1245 498 1318 perquirere
512 1264 602 1321 quare
613 1252 893 1324 unumquodquesic
903 1255 1011 1310 lactum
1032 1255 1081 1322 sit,
1139 1257 1234 1314 bonis.
1249 1257 1308 1312 lloc
1319 1259 1416 1312 autem
1432 1254 1500 1310 lecit
1512 1254 1600 1318 Deus,
1615 1257 1649 1308 ut
1660 1252 1763 1307 babeat
1787 1249 1871 1306 locum
1890 1266 1921 1306 sa·

258 1330 301 1390 vel
318 1331 401 1390 aliter
417 1335 478 1391 ficri
494 1338 641 1410 debuisse,
671 1357 759 1411 quam
788 1341 898 1398 lactum
922 1347 975 1398 est.
997 1343 1081 1398 Verbi
1139 1346 1249 1418 pientia
1263 1345 1293 1402 iu
1308 1345 1440 1418 eligendo
1457 1343 1566 1399 bonum
1582 1344 1604 1410 ⁶,
1620 1347 1649 1398 et
1663 1340 1777 1396 vitando
1794 1338 1923 1403 malumst

257 1421 363 1494 gratia,
379 1423 405 1480 si
420 1425 487 1496 quis
502 1427 570 1482 velit
584 1445 713 1499 querere
728 1446 780 1486 cur
794 1430 883 1502 Moysi
895 1432 937 1488 ita
948 1431 1085 1504 loquutur
1139 1434 1264 1491 liberum
1281 1432 1393 1490 homini
1404 1431 1588 1504 relinquatur
1603 1429 1767 1496 arbitrium,
1778 1444 1812 1484 ne
1824 1444 1851 1483 se
1869 1425 1923 1481 dicat

259 1515 350 1566 Deus:
368 1512 434 1580 Quia
443 1515 510 1588 fecit
525 1521 634 1572 martam
648 1519 805 1586 strandum,
831 1520 966 1576 videntem
986 1525 1013 1576 et
1031 1537 1084 1577 cae·
1138 1522 1351 1588 insensibilem,
1368 1525 1397 1577 et
1412 1520 1554 1577 stolidum
1571 1520 1661 1576 alteo
1675 1535 1739 1576 esse
1766 1519 1923 1590 generum,

257 1616 319 1657 eam
345 1617 436 1658 noane
460 1607 653 1675 epcllomr'nas
675 1609 745 1664 Deus
772 1609 869 1677 (and.
896 1627 933 1664 1v.
959 1610 1028 1681 latr
1056 1615 1085 1665 et
1139 1613 1189 1668 sed
1206 1628 1273 1669 eum
1291 1611 1355 1667 ideo
1383 1610 1488 1666 secisse
1518 1608 1642 1678 diversa,
1673 1610 1706 1663 ut
1729 1603 1924 1677 homoquerite

258 1689 352 1748 dieat:
370 1694 426 1748 Cur
449 1709 542 1752 cecus
570 1701 600 1752 et
620 1697 728 1752 surdus
750 1701 779 1753 et
805 1702 905 1753 mutus
931 1699 972 1754 lta
995 1699 1084 1755 creati
1139 1719 1193 1758 suu
1207 1701 1371 1758 conditione
1387 1716 1444 1756 non
1464 1701 1574 1770 posset.
1592 1696 1746 1769 Simulque
1758 1695 1809 1752 hoc
1826 1693 1925 1751 testimo·

258 1778 385 1853 sunt,',el
399 1788 501 1840 caetera
513 1784 561 1841 hia
577 1784 710 1842 similia‘l
726 1786 904 1842 sumendum
919 1786 1083 1844 inhocloco
1140 1790 1220 1846 nium
1240 1793 1454 1860 cousequenter
1482 1785 1685 1857 superioribus
1710 1782 1884 1856 copulabitur,
1903 1779 1923 1834 in

257 1875 460 1932 testimouium
475 1875 510 1930 de
521 1874 645 1947 septimo
656 1874 768 1930 decimo
784 1874 909 1947 psalmo,
926 1875 956 1932 in
972 1893 1030 1948 quo
1046 1878 1082 1933 ad
1138 1880 1247 1951 quibus
1263 1878 1317 1934 ait:
1335 1899 1349 1928 u
1360 1876 1431 1942 Quis
1447 1875 1553 1948 poterit
1582 1875 1726 1932 adornare
1746 1872 1818 1945 quod
1843 1885 1925 1943 perver

256 1963 415 2020 Dominum
431 1963 556 2018 dicitur:
570 1963 638 2018 Cam
652 1969 747 2019 sancto
761 1967 872 2018 sanctae
886 1965 952 2035 eris,
972 1973 998 2020 et
1021 1981 1084 2020 cum
1137 1967 1206 2026 terit
1220 1967 1340 2024 Drusi»

257 2068 389 2125 peruerse
412 2053 576 2124 perverteris
588 2051 608 2106 ².
635 2051 668 2106 llt
696 2050 852 2108 dicendum
881 2057 925 2108 est
948 2057 1083 2110 sanctum
1174 2079 1188 2110 rr
1204 2056 1309 2114 Omnia
1322 2055 1380 2110 vidi
1392 2053 1421 2110 in
1437 2053 1542 2110 diebus
1556 2051 1785 2108 vanitatismen.
1799 2048 1843 2104 liat
1851 2047 1924 2118 iustus

266 2141 424 2199 Dominum
435 2155 498 2198 esse
509 2156 576 2196 cum
591 2139 695 2212 eo,qui
711 2145 830 2198 sauctus
846 2145 900 2210 est,
917 2147 946 2198 ct
960 2141 1084 2214 perverti
1139 2147 1254 2220 periens
1269 2143 1430 2215 injustitia
1444 2159 1508 2210 auu,
1525 2145 1554 2197 ct
1568 2143 1613 2197 est
1628 2140 1740 2212 impius
1763 2139 1889 2210 longevus
1905 2131 1924 2186 lu

259 2231 431 2306 upudeum,
448 2229 498 2302 qui
515 2246 570 2286 sua
587 2228 736 2286 voluntale
761 2229 847 2285 luerit
875 2235 942 2286 aute
971 2247 1084 2303 perver·
1139 2234 1358 2292 malitiaene.»
1374 2231 1446 2287 Huic
1462 2230 1532 2304 quid
1548 2227 1646 2284 simile
1671 2227 1798 2285 Salvator
1819 2224 1846 2280 iu
1865 2223 1925 2278 livan-

258 2320 421 2376 austum
440 2317 658 2390 illudquoque,
690 2319 769 2390 quod
798 2318 827 2372 in
857 2319 984 2376 Levitico
1008 2319 1082 2375 sori·
1138 2322 1283 2396 galioait:
1305 2323 1357 2390 Qui
1378 2322 1484 2376 larmir
1510 2319 1633 2376 animam
1663 2333 1753 2383 saum,
1779 2314 1861 2388 perdet
1877 2325 1924 2374 aaa,

257 2411 340 2481 ptum
360 2411 423 2464 est:
439 2407 470 2462 Si
491 2407 692 2462 ambulaverint
723 2407 763 2463 ad
785 2423 828 2462 me
842 2410 974 2478 peruersi,
998 2417 1023 2464 cl
1038 2425 1084 2479 cqc
1138 2415 1230 2485 ecqui
1243 2410 1396 2484 perdiderit
1411 2410 1626 2464 animamarum
1641 2409 1754 2478 propter
1770 2420 1819 2471 aas,
1839 2399 1925 2458 iaueald

256 2496 403 2554 ambulabo
430 2495 465 2550 ad
497 2511 540 2550 ece
568 2497 598 2550 in
622 2498 717 2566 lurore
740 2511 799 2552 naec
816 2513 961 2567 perversas
989 2499 1083 2569 (terat.
1139 2499 1315 2573 camlldaltlr.
1330 2516 1358 2566 x,
1375 2498 1431 2569 38).
1448 2493 1624 2552 Macchabaei
1658 2493 1784 2566 prelegc
1804 2491 1849 2548 llei
1866 2493 1926 2557 atqu

256 2601 332 2652 xxva,
347 2585 405 2655 27).
422 2585 503 2650 Quod
520 2583 639 2656 quidem
654 2589 683 2638 et
697 2582 768 2639 illud
796 2585 902 2656 poterit
930 2602 1085 2658 exponere,
1136 2589 1253 2662 justitia
1267 2587 1321 2645 viai
1344 2591 1414 2644 sunt
1442 2585 1472 2640 in
1488 2600 1543 2642 sua
1563 2584 1663 2655 perire
1679 2581 1804 2654 justitia,
1830 2583 1854 2636 el
1872 2589 1926 2631 mut·

142 2697 149 2718 ·
257 2671 551 2748 quare,iuduraverit
576 2672 717 2730 Dominus
739 2690 789 2729 cor
817 2673 987 2730 Pharaonis.
1008 2677 1085 2741 Quo·
1140 2685 1229 2752 tyrus,
1246 2676 1296 2749 qul
1312 2673 1487 2746 sauguinem
1515 2672 1616 2729 ludere
1632 2689 1686 2745 pro
1712 2670 1831 2728 Christo.
1847 2667 1865 2723 ll
1882 2677 1928 2718 coo·

257 2761 437 2822 modoeuim
455 2761 962 2835 uuaatqueeademsolisoperatio
992 2763 1086 2836 lique·
1141 2767 1229 2824 trario
1253 2762 1411 2838 quietillo
1436 2760 1729 2833 tempore'suillam
1755 2749 1928 2816 carnemui

257 2851 326 2910 lacit
339 2868 449 2922 ceram,
466 2855 494 2906 et
509 2851 601 2908 siccat
615 2849 720 2915 lutum,
739 2855 767 2906 et
784 2868 835 2924 pro
851 2851 1087 2908 substantiaque
1141 2857 1344 2917 comederunt,
1359 2856 1388 2908 et
1411 2855 1478 2923 post
1504 2851 1667 2907 adveutum
1683 2845 1797 2905 Domim
1819 2839 1927 2902 sacrifica·

258 2939 397 3016 liquescit
412 2957 488 3008 cera,
505 2944 533 2995 et
549 2941 677 2995 siccatur
689 2938 784 2996 lutum
799 2941 829 2994 ³:
847 2939 888 2996 sie
905 2957 963 2996 una
979 2940 1027 2996 llei
1057 2940 1086 2994 iu
1140 2948 1244 3001 verunt
1259 2942 1356 3010 idolis,
1371 2940 1402 2996 hi
1414 2939 1467 2996 visi
1480 2943 1550 2996 suut
1564 2938 1595 2994 in
1611 2937 1668 2996 hoo
1683 2936 1788 2996 eaenulo
1802 2933 1889 2996 vivere,
1909 2929 1929 2980 tl

257 3031 378 3104 AEgypto
393 3029 546 3102 signorum
562 3028 692 3100 operatio
708 3027 858 3084 molliebat
872 3029 960 3084 corda
970 3029 1087 3084 creden·
1142 3036 1259 3105 propter
1274 3047 1358 3088 suam
1374 3027 1518 3084 malitiam
1533 3041 1729 3098 perseverare·
1749 3019 1869 3096 longavi.
1890 3012 1927 3070 Sal

257 3118 343 3189 tium,
359 3117 564 3174 etiucredulos
579 3116 746 3184 indurabat,
763 3116 812 3188 qui
833 3117 919 3186 juxta
948 3117 1087 3173 duritiem
1141 3122 1191 3178 Dal
1214 3121 1244 3176 in
1277 3118 1388 3176 occulto
1417 3115 1557 3189 patientia
1582 3119 1638 3186 est,
1670 3120 1700 3171 et
1723 3111 1929 3170 tribularentur

257 3222 353 3274 suam,
368 3209 397 3262 et
411 3205 597 3278 impoenitens
608 3222 667 3274 cor,
682 3204 920 3262 thesaurizabant
935 3207 1012 3264 m
1032 3205 1087 3262 sibi
1103 3187 1124 3256 (i
1142 3216 1269 3277 sanctos,
1286 3212 1318 3264 ut
1333 3204 1475 3279 recipiant
1489 3203 1569 3262 mala
1583 3203 1613 3260 in
1628 3204 1691 3260 vite
1719 3217 1783 3270 sua,
1810 3203 1837 3255 et
1858 3207 1929 3268 pute·

256 3293 611 3352 iramiudieiraeexhis
636 3293 831 3362 mirabilibus,
861 3311 923 3365 quae
947 3309 1015 3350 oum
1037 3295 1080 3350 vi·
1134 3305 1212 3356 tores
1237 3315 1296 3354 nou
1324 3296 1442 3352 visitare
1470 3295 1524 3365 [Αἰ.
1554 3292 1678 3360 visitari}
1711 3308 1763 3365 pro
1787 3287 1889 3350 scelere,
1911 3283 1930 3334 tl

256 3383 446 3453 dereutfleri,
463 3385 704 3440 uoueredebaut.
1135 3388 1220 3462 quasi
1249 3387 1285 3444 ed
1307 3384 1456 3442 victimam
1476 3397 1633 3448 reservare,
1669 3385 1703 3438 ut
1728 3385 1756 3436 ct
1785 3376 1839 3434 illis
1863 3367 1928 3445 pollii

292 3495 306 3524 rr
323 3473 354 3528 lu
371 3471 793 3538 diebonitetisestoinbono,
821 3476 850 3528 et
880 3472 909 3527 in
937 3472 984 3529 die
1003 3472 1080 3529 malo
1135 3471 1511 3541 aateruabouarestituere,
1532 3469 1623 3528 ethis
1640 3467 1837 3528 malainierre
1853 3471 1930 3534 perpe·

254 3560 330 3618 vide.
350 3560 518 3634 mquidem
535 3561 613 3618 istud
637 3575 800 3632 congruum
827 3560 895 3616 huic
914 3561 983 3618 iecit
1007 3563 1081 3619 urus
1135 3572 1196 3638 tua,
1213 3563 1323 3622 Hebraei
1335 3563 1433 3633 Justos
1448 3563 1603 3632 pereuntes
1624 3559 1656 3614 in
1667 3557 1785 3632 justitia
1798 3569 1856 3617 sue.
1877 3545 1930 3602 filiii

255 3650 291 3707 ad
314 3650 507 3724 loquendum,
537 3653 570 3704 ut
594 3665 651 3705 non
675 3647 907 3706 inveniathomo
932 3656 1080 3724 posteum
1136 3658 1231 3712 Aaron
1246 3651 1447 3725 suspicantur,
1472 3649 1550 3720 quod
1584 3647 1658 3704 dum
1694 3649 1799 3720 putant
1824 3658 1851 3698 ee
1873 3637 1931 3708 illie

256 3740 452 3813 quidquam.»
467 3739 533 3794 Scio
556 3753 602 3793 me
617 3738 735 3794 audisso
764 3738 793 3794 in
824 3738 949 3796 llcclcsia
974 3741 1010 3796 ab
1035 3757 1080 3807 eo,
1135 3759 1231 3816 agere,
1246 3741 1374 3798 alienum
1387 3739 1486 3809 ignem
1508 3734 1679 3792 obtulerint.
1701 3736 1737 3792 lit
1750 3731 1865 3804 impium
1884 3724 1929 3778 lon·

256 3827 307 3902 qui
322 3829 481 3901 putabatur
496 3827 603 3882 habere
619 3825 772 3883 scientiam
788 3827 1016 3902 scripturarum,
1041 3830 1082 3886 lta
1135 3829 1287 3905 gcvumiu
1305 3827 1489 3884 malitiaene
1505 3825 1662 3882 Manassen
1679 3823 1793 3889 dicunt,
1819 3816 1864 3892 qui
1885 3809 1931 3884 ltili

257 3916 315 3972 hos
336 3914 496 3972 versiculos
510 3914 678 3972 edissertos.
689 3937 702 3966 rr
724 3915 799 3971 Dum
816 3916 844 3972 in
870 3917 1004 3988 praesenti
1032 3935 1082 3974 sae-
1135 3919 1333 3994 captivitatem
1365 3916 1519 3974 restitutus
1544 3912 1573 3970 iu
1599 3929 1727 3986 reguum
1763 3911 1814 3984 [rit.
1848 3897 1931 3974 reguo}

225 4019 228 4026 ⁴
257 4003 706 4077 ouloes,etboniquidoperis
726 4009 807 4077 potes
837 4007 948 4076 lucore,
969 4006 1080 4074 labora,
1135 4011 1221 4082 longo
1234 4007 1373 4078 deinceps
1388 4003 1493 4060 vixerit
1506 4007 1650 4075 tempore.

257 4097 291 4152 ut
306 4097 407 4166 postea
422 4093 485 4166 ipse
499 4109 621 4151 securus
636 4093 666 4149 in
682 4093 729 4150 die
745 4093 832 4160 malo,
848 4095 877 4150 id
898 4112 951 4165 esa,
981 4095 1009 4150 in
1035 4095 1082 4152 die
1175 4121 1185 4148 ι
1207 4095 1272 4152 ΝοΙί
1283 4111 1347 4152 esse
1359 4095 1461 4165 justus
1473 4090 1611 4162 multum,
1623 4092 1654 4146 et
1665 4105 1702 4146 nc
1714 4075 1932 4162 querebamplill

253 4183 369 4256 Judicii,
384 4184 513 4256 torqueri
529 4183 601 4240 ulios
617 4183 727 4240 videas.
744 4185 824 4240 Sicut
846 4184 925 4240 enirn
954 4201 1083 4257 praeseur
1137 4181 1462 4256 neobstupescas.»Si
1489 4195 1577 4252 quem
1602 4178 1735 4252 rigidum
1749 4181 1779 4234 et
1795 4159 1932 4230 trucanal

256 4271 396 4330 asculum
412 4272 479 4328 lecit
496 4275 580 4338 Deus,
598 4272 627 4327 in
651 4291 709 4346 quo
738 4272 823 4328 nobis
849 4273 972 4328 tructam
990 4273 1080 4329 bono·
1136 4272 1236 4333 omnia
1251 4272 1374 4328 fratrum
1391 4273 1510 4343 peccatu
1527 4269 1727 4340 conspexeris,
1744 4259 1875 4322 urania
1891 4267 1933 4308 ⁵0¹*

257 4379 323 4421 rum
339 4377 460 4434 operum
477 4378 636 4434 possumus
651 4377 832 4434 prepararc3
849 4361 1081 4432 maceraturum,
1138 4379 1224 4420 muna
1247 4359 1389 4435 peccanti,
1411 4374 1464 4414 neo
1489 4361 1606 4430 propter
1630 4355 1796 4414 naturalem
1817 4343 1933 4406 inaura

257 4448 287 4505 in
303 4466 360 4522 quo
375 4449 456 4506 nulla
471 4450 539 4506 boni
554 4450 749 4522 operisdatur
763 4447 895 4505 incultas.
915 4471 929 4498 n
941 4449 1030 4507 Visus
1039 4456 1084 4508 est
1138 4450 1287 4526 pigritiam
1312 4447 1448 4516 moranti,
1476 4448 1526 4503 det
1549 4445 1677 4514 veniam,
1701 4445 1779 4500 hunc
1801 4440 1866 4498 scito
1886 4429 1933 4503 plut

258 4537 378 4609 quidem
394 4537 527 4604 suadere,
551 4554 618 4594 cum
639 4537 748 4592 diceret
779 4536 966 4594 audientibus
985 4538 1015 4593 ⁸:
1033 4539 1083 4595 scd
1099 4556 1122 4620 p
1134 4542 1251 4614 justum
1267 4555 1332 4594 csse
1348 4535 1566 4608 quamjustum
1581 4535 1725 4593 astitum
1740 4531 1816 4588 enim
1833 4521 1933 4582 sellulis

258 4625 332 4682 mibi
355 4624 472 4682 videtur
501 4625 577 4682 alius
601 4641 798 4693 eesesensus,
828 4641 915 4697 quem
948 4631 976 4682 ct
1004 4628 1085 4700 Sym·
1139 4625 1433 4703 precipiatdiceus:
1451 4625 1540 4681 Nolite
1562 4622 1703 4694 thccre,
1730 4630 1760 4678 at
1782 4607 1933 4684 nudilith·

295 4787 360 4844 ¹lta
380 4790 409 4843 et
433 4785 728 4860 mss.etvulgati,et
759 4785 1083 4860 Martianaeusipeeso·
1174 4780 1624 4842 lllermecouoinuiusPalatia.
1646 4786 1676 4838 et
1704 4778 1815 4841 latio..
1835 4770 1892 4829 uun
1911 4774 1934 4818 tl

257 4857 604 4926 cundiscuriercstitult,
627 4874 694 4914 cum
724 4861 809 4914 antea
838 4856 957 4930 legisset
979 4877 1083 4931 perau-
1139 4857 1287 4915 centrariis
1299 4855 1416 4911 mundas
1433 4853 1648 4924 ipsesnbriatul.

264 4932 341 4989 terit.
1174 4929 1342 5000 iScpieatr'a
1360 4928 1391 4982 ia
1405 4924 1530 4994 elipando
1546 4925 1657 4981 bonum.
1679 4921 1796 4994 Aliquot
1822 4928 1893 4992 msq,
1911 4902 1933 4958 Εἴ

295 5003 428 5058 ’literam
440 5016 568 5074 perverso
583 5002 755 5071 perverteris.
772 5000 812 5056 lla
840 4999 894 5056 hos
920 4999 984 5056 loco
1001 5000 1085 5057 intel·
1140 4997 1401 5070 adintelltqeadam
1415 4996 1496 5061 bono,
1511 4999 1538 5052 et
1568 4995 1717 5052 uitandam
1738 4991 1820 5047 mala
1840 4982 1893 5047 llll,
1912 4971 1934 5028 Η

261 5073 381 5146 ligimus
397 5072 498 5128 taleam
516 5089 580 5128 esse
594 5071 861 5144 interpretationem
882 5073 959 5143 apud
980 5071 1086 5144 vulgus
1139 5067 1527 5144 elipandobono‚etvdando
1554 5067 1639 5124 mute.
1658 5065 1799 5122 umarus
1841 5125 1846 5137 ,
1909 5114 1913 5122 ,

261 5149 419 5216 receptam,
436 5144 606 5215 qualorum
623 5147 794 5215 praesentem
811 5142 914 5214 psalmi
941 5160 998 5197 xvu
1027 5149 1085 5200 tra·
1176 5145 1185 5178 ⁷
1202 5141 1375 5198 bernhario
1389 5139 1436 5210 qui
1450 5143 1476 5194 et
1498 5139 1547 5193 itte
1566 5145 1695 5210 tempore,
1720 5138 1784 5216 eto„
1798 5128 1879 5186 Uarus
1899 5115 1933 5188 lat?

262 5214 337 5271 bunt
366 5215 400 5270 ad
431 5215 655 5272 contubernium
684 5213 864 5286 iniquorum,
889 5230 956 5270 oum
978 5215 1086 5286 quibua
1140 5214 1240 5270 terulae
1257 5210 1380 5268 mutatio
1396 5210 1473 5281 apud
1487 5210 1643 5266 Erasmum
1663 5215 1693 5264 et
1715 5207 1877 5264 murman.
1897 5197 1933 5264 <1¹¹¹

261 5285 330 5341 boni
351 5292 557 5356 pervertuntur
583 5287 688 5358 saepius
717 5293 745 5340 ct
774 5284 886 5341 similes
915 5287 989 5340 flunt
1015 5285 1086 5343 illis.
1141 5285 1306 5358 tegenhart
1325 5284 1373 5338 r‘tto
1400 5289 1529 5352 tempore,
1551 5281 1699 5338 diversum
1723 5286 1836 5334 sensum
1854 5257 1933 5347 tlfflfflir

269 5357 410 5412 Macrian.
1142 5374 1194 5412 uec
1217 5356 1289 5412 sutis
1308 5354 1502 5410 coherentem
1526 5351 1676 5408 sententiae
1705 5349 1871 5414 Hieronymi.
1897 5339 1933 5398 qua

298 5427 425 5482 ³lethaeo
453 5428 548 5492 verbu,
573 5429 604 5481 Et
625 5444 676 5498 pro
702 5427 854 5482 susbstantia
881 5443 933 5482 surr
962 5427 1087 5500 liquescit
1141 5427 1273 5500 loquitur
1295 5425 1331 5480 dc
1356 5429 1486 5494 temporo
1509 5422 1646 5480 Antiochi
1668 5424 1698 5478 el
1727 5411 1932 5518 machabeorum

263 5514 336 5564 cera,
352 5501 379 5553 et
392 5497 510 5552 siccatur
529 5500 627 5564 latrem,
644 5497 673 5553 in
693 5498 785 5554 Vatia.
802 5515 835 5554 ac
859 5497 981 5554 Palatia.
1014 5517 1086 5557 mss.
1142 5499 1261 5573 quando
1281 5499 1423 5568 apostata
1437 5511 1454 5550 a
1469 5493 1671 5567 legeblosaica
1684 5481 1861 5548 comedebant
1878 5483 1932 5528 iffl'

267 5587 325 5628 uon
336 5572 415 5624 sunt.
1141 5571 1202 5628 lum
1218 5583 1350 5626 carnem.
1367 5570 1509 5623 Maurum.

301 5641 396 5696 *Tres
407 5654 491 5705 mas,
505 5637 649 5696 audientes
663 5639 804 5710 videlicet,
820 5641 944 5699 suadere.
