4064 6158
95 308 104 323 κ
208 279 277 353 iii
312 369 315 377 Ι
810 281 873 351 s,
895 274 1050 354 nassau
1072 279 1293 354 ainaouuui
1359 317 1364 326 ·
1835 281 1892 354 iia

209 424 395 491 annuarum
410 423 443 478 ut
454 409 540 495 uulgo
555 417 672 487 dicitur,
687 437 808 479 encoma
821 422 874 478 ¹ad
886 420 1032 488 militiam,
1048 427 1155 495 Aque
1168 421 1296 496 virginee
1312 419 1429 488 suerint,
1446 436 1509 494 que
1527 419 1655 490 univira,
1671 423 1699 479 at
1724 436 1741 479 e
1761 424 1893 482 contrario

210 510 325 584 probat,
353 509 553 583 nequidquam
583 509 722 583 episcopi,
740 511 848 567 trustra
864 509 1035 583 presbyteri,
1093 509 1894 585 quasintcrdumhabeatmolastiasuinculumconiugale,

211 599 274 656 sine
289 617 379 656 cansa
402 599 517 655 diaconi
531 605 608 655 sunt.
638 599 710 666 Quid
739 598 1037 676 perseverantuirgi-
1091 601 1291 657 Trauaivimus
1319 601 1355 656 nd
1385 600 1545 657 secundam
1574 601 1769 673 partitionem,
1791 601 1819 656 in
1846 618 1898 673 qua

211 689 289 746 nas?
305 689 357 762 (At.
374 689 436 759 rur)
447 687 517 760 quid
532 686 667 744 laborant
683 687 800 743 viduae?
827 705 879 744 cur
895 686 1036 743 maritata
1091 695 1178 764 negat
1192 706 1252 757 eoo,
1268 689 1394 763 quitata
1410 689 1466 745 fide
1494 689 1640 761 baptisma
1667 689 1809 745 consecuti
1826 695 1898 756 sunt,

210 794 243 834 ea
257 778 407 834 continent
419 775 604 833 ‘lvPeccemus
619 793 730 844 ornnes,
747 781 775 832 et
798 781 866 849 post
893 776 1036 848 poeniten-
1090 779 1194 835 deinde
1208 795 1292 850 posse
1308 794 1436 851 peccare.
1455 779 1489 834 Hi
1499 778 1666 844 docuimus,
1691 778 1765 849 quod
1793 781 1898 849 excepto

209 867 281 922 tiam
297 866 374 922 idem
390 865 501 922 erimus
515 865 593 937 quod
608 863 732 937 apostoli
748 869 825 921 sunl.
1090 869 1159 935 Deo,
1175 869 1272 924 omnis
1285 872 1418 924 creatura
1446 868 1501 923 sub
1516 868 1585 922 vitio
1617 866 1665 934 sii,
1688 883 1745 922 nou
1759 866 1831 938 quod
1846 867 1899 921 uni·

1090 957 1164 1014 rarsi
1180 957 1370 1029 peccaverint,
1388 956 1438 1012 sed
1455 956 1533 1029 quod
1547 972 1668 1028 pecuare
1683 955 1802 1028 possint,
1830 958 1856 1010 et
1868 956 1899 1010 si·

210 1085 213 1096 .
246 1043 290 1098 ³5.
320 1043 446 1114 Epilogus
485 1043 690 1113 disputationis.
718 1045 833 1114 Hrcepte
862 1044 915 1099 Deo
947 1045 1036 1098 oninii
1090 1045 1205 1101 milium
1221 1045 1462 1101 ruinastnntium
1480 1044 1639 1101 metussit.
1666 1043 1761 1101 Tertio
1779 1044 1899 1100 venimus

209 1132 394 1189 creeturcsuli
405 1133 528 1187 uitieest.
542 1162 575 1170 —
586 1131 764 1202 Verumjam
780 1132 912 1204 cepimus
927 1136 1035 1188 terram
1091 1135 1126 1190 ad
1139 1135 1261 1206 jejunia,
1276 1134 1367 1207 etqui
1382 1133 1540 1189 adversarii
1556 1131 1663 1205 duplex
1678 1131 1831 1204 propositio
1846 1133 1898 1188 lna-

210 1225 396 1294 prospeotore
411 1221 446 1276 do
461 1219 574 1292 pelago,
594 1225 704 1292 etpost
733 1225 848 1276 montes
873 1220 1035 1294 gurgitum,
1089 1225 1144 1288 rat,
1160 1222 1204 1280 vel
1216 1223 1250 1280 ad
1265 1222 1454 1295 philosophos
1469 1223 1488 1286 ²,
1499 1221 1544 1277 vel
1560 1221 1594 1276 ad
1610 1221 1774 1276 divinarum
1785 1220 1901 1292 Scriptu-

52 1297 60 1320 '
151 1329 156 1334 ·
209 1315 238 1366 et
250 1311 293 1382 [it
308 1308 457 1382 spumeos]
473 1325 629 1381 spumosos
645 1309 762 1378 ductus,
779 1314 807 1366 et
823 1311 931 1377 navim,
947 1308 990 1365 uel
1006 1309 1035 1364 iii
1090 1329 1190 1368 rarum
1231 1311 1413 1383 provocantis
1454 1309 1596 1382 exempla,
1635 1326 1688 1366 nos
1726 1325 1838 1381 quoque
1870 1310 1900 1364 ad

208 1398 336 1456 sublime
351 1397 574 1464 subnectamus!
585 1399 615 1454 in
628 1398 688 1454 ima
702 1399 1035 1471 praecipitempaulatim
1092 1405 1246 1473 utramque
1260 1397 1630 1472 respondimus.Quarta‚id
1647 1402 1692 1453 est
1705 1400 1830 1453 extrema
1842 1396 1903 1453 diui·

208 1488 294 1545 lassis
307 1491 336 1542 ct
351 1486 557 1560 languentibus
572 1491 674 1561 pcrtus
689 1485 828 1558 aperitur.
858 1488 936 1543 878
957 1487 1035 1543 Dixi·
1090 1490 1144 1557 sio,
1160 1505 1227 1545 oves
1241 1493 1270 1546 et
1285 1488 1394 1557 haedos,
1410 1489 1558 1544 dexteram
1587 1485 1792 1556 etsinistram,
1817 1485 1903 1556 justos

208 1593 275 1632 mus
289 1576 325 1631 de
340 1575 450 1648 nuptis,
466 1574 893 1646 viduis,virginibus.Viduitati
917 1575 1035 1648 virgini·
1089 1583 1119 1634 et
1133 1583 1308 1650 peccatores,
1324 1577 1354 1632 in
1370 1578 1445 1634 duos
1459 1576 1577 1633 ordines
1591 1573 1789 1641 distribuerat,
1814 1573 1904 1629 volans

207 1661 483 1732 tatem,viduitatem
494 1662 676 1736 praetulimus
688 1663 885 1720 matrimonio.
898 1663 1035 1736 Exposita
1089 1665 1366 1724 ostenderenullam
1383 1665 1588 1736 interjustum
1618 1667 1647 1719 et
1671 1663 1798 1734 justum,
1814 1677 1903 1734 pecca·

207 1757 252 1808 est
265 1753 399 1827 περικοπή
416 1751 557 1824 Apostoli,
573 1752 608 1806 de
637 1751 839 1822 hujuscemodi
864 1752 1034 1824 questioni·
1089 1759 1225 1811 toremet
1249 1758 1430 1827 peecatorem
1447 1770 1511 1810 esse
1539 1751 1721 1809 distantiam.
1751 1751 1785 1806 Hi
1812 1749 1905 1806 uthoo

1052 1801 1074 1866 B

209 1841 264 1897 bus
276 1840 599 1913 disputantis,singnlis
613 1839 847 1912 oppositionibus
860 1857 1035 1913 responsum
1090 1842 1354 1916 probaret,insinita
1366 1843 1403 1898 de
1417 1841 1577 1914 scripturis
1606 1839 1739 1914 exempla
1764 1854 1905 1912 congesse-

208 1933 261 1986 eat.
276 1929 430 1986 Secularis
446 1945 564 2003 quoque
578 1928 743 1985 litteratura
757 1929 836 1984 venit
850 1930 880 1985 in
892 1930 1034 1996 medium,
1090 1931 1235 2004 rat,quasi
1246 1948 1300 1988 suo
1311 1931 1410 1988 sensui
1422 1930 1675 2004 congruentia,oui
1691 1945 1744 1986 nos
1754 1927 1904 2001 quaestioni,

208 2071 225 2111 a
239 2055 348 2111 dextris
364 2059 552 2128 sunt,oorpus
567 2072 671 2122 unum,
687 2060 715 2112 et
730 2058 762 2111 ut
776 2053 861 2128 vulgo
877 2055 993 2124 dicitur,
1008 2054 1035 2109 ἓν
1090 2059 1126 2112 nt
1141 2056 1329 2112 Martianaeus
1344 2056 1538 2128 interpretum
1554 2055 1682 2111 istorum
1698 2057 1815 2110 conatus
1829 2050 1905 2108 casti·

207 2124 309 2198 κόνιον,
334 2125 533 2198 nequidquam
561 2127 702 2199 episcopi,
724 2127 834 2183 frustra
862 2127 1034 2201 presbyteri,
1090 2123 1905 2210 gatsatisinclementer,ipsequemilitiamChristiauam

209 2197 273 2254 sine
287 2214 377 2254 causa
390 2197 504 2254 diaconi
521 2203 600 2254 sunt.
618 2220 632 2248 »
648 2198 716 2253 Post
743 2198 966 2269 impressionem
982 2198 1036 2254 hu·
1091 2199 1215 2255 indicari
1230 2198 1546 2266 autumansrescribit,
1562 2214 1662 2264 unuin,
1672 2200 1703 2253 iit
1718 2197 1792 2267 vulpe
1804 2195 1904 2261 dicitur,

203 2269 336 2340 jusmodi
351 2269 666 2334 contextus,Marianus
682 2269 710 2324 in
727 2269 805 2326 notis
821 2269 884 2326 suis
900 2269 1036 2326 vitiatum
1089 2267 1209 2342 irrupt,
1225 2272 1259 2326 ed
1271 2272 1406 2326 mititiam
1415 2270 1525 2353 proici,
1541 2269 1845 2342 nequcqunmepiiccpi,
1855 2270 1905 2321 etc.

207 2355 276 2396 eum
289 2340 408 2408 fatetur,
424 2345 453 2396 et
467 2341 508 2396 ita
524 2340 738 2398 restituendum
766 2340 915 2412 putat:Si
932 2357 1035 2409 omnes,
1090 2341 1217 2414 Vultque
1230 2359 1264 2398 ex
1277 2341 1423 2398 leviniam
1438 2357 1527 2398 seusu
1543 2339 1599 2395 dici
1629 2355 1734 2396 omncs
1761 2337 1789 2392 in
1811 2335 1907 2392 militia

207 2411 488 2482 quindecinorum,
509 2413 538 2466 ut
561 2413 642 2482 uulgo
663 2411 774 2477 dicitur,
804 2409 831 2465 ἓν
862 2415 1036 2486 ympnus-
1091 2412 1253 2469 christiana
1272 2429 1365 2470 unum
1394 2429 1458 2469 esse
1485 2407 1716 2483 iicupa,idest
1744 2425 1841 2482 corpus
1866 2407 1908 2462 in·

208 2482 358 2570 quidquam
370 2485 499 2556 episcopi,
520 2487 575 2538 ete.
592 2483 714 2539 Gravius
730 2481 853 2555 σύνθημα
868 2484 1037 2555 ponendum
1090 2485 1266 2542 distinctum
1282 2485 1426 2558 partibus,
1443 2485 1520 2539 unde
1535 2483 1646 2557 gradus
1662 2487 1750 2555 atque
1765 2481 1854 2537 officia
1866 2477 1907 2533 di·

207 2570 259 2625 pro
275 2573 300 2608 εν
316 2557 412 2628 χῶμα,
426 2554 553 2624 conjicit.
570 2554 626 2610 Sed
643 2554 743 2610 nullus
774 2553 880 2609 horum
908 2556 1036 2611 virorum
1090 2572 1174 2612 versa
1202 2572 1266 2612 essa
1296 2573 1353 2612 non
1382 2555 1530 2612 deberent.
1560 2553 1706 2637 Equidem
1733 2551 1808 2608 haud
1833 2548 1908 2605 lacile

208 2624 712 2682 doctorumfidemconsecutuaest
733 2625 944 2698 exemplarium
974 2643 1032 2683 ms.
1091 2627 1199 2692 dicam,
1215 2631 1287 2700 quot
1301 2626 1379 2682 uitiis
1392 2626 1452 2682 hac
1468 2627 1532 2698 ejus
1547 2624 1615 2681 letio
1635 2624 1759 2690 laboret,
1788 2626 1907 2694 atquem

209 2699 261 2751 aut
276 2699 404 2751 mentem
421 2695 599 2768 Hieronymi.
615 2696 789 2751 lovinianus
804 2696 882 2752 enim
897 2696 1038 2753 irridebat
1090 2714 1149 2770 pre
1167 2697 1429 2755 caeterissalsasit.
1458 2699 1546 2755 Unum
1574 2692 1698 2768 ἓνσωμα,
1727 2693 1835 2766 siquid
1859 2695 1908 2756 est,

209 2765 386 2832 Catholicae,
398 2765 476 2838 quod
492 2765 522 2821 in
539 2766 645 2822 militia
654 2765 820 2824 Christiana
829 2767 939 2840 gradus
950 2771 1037 2840 atque
1091 2769 1226 2842 repetitio
1241 2785 1320 2837 uoce,
1335 2785 1423 2824 unum
1437 2785 1524 2825 unuin
1539 2783 1636 2840 corpus
1652 2765 1810 2838 significat,
1824 2777 1910 2836 neque

207 2836 433 2893 efficiadiuersa
460 2841 589 2893 statuere
617 2837 733 2907 vellent,
763 2841 792 2893 et
817 2854 919 2894 omnes
945 2839 1036 2895 bonos
1091 2839 1181 2897 scribi
1195 2836 1305 2911 iusuper
1319 2845 1426 2912 potest,
1442 2845 1494 2896 aut
1506 2841 1687 2911 corporatum.
1709 2835 1838 2908 intelligi,
1866 2834 1909 2890 sad

208 2903 721 3036 ffsevolebatunumesseiucupui,
738 2909 768 2963 id
785 2913 838 2976 est,
856 2925 961 2981 eorpus
990 2910 1036 2964 in·
1090 2906 1118 2965 iu
1135 2913 1225 2982 σῶμα,
1241 2927 1329 2966 unuin
1342 2928 1451 2985 corpus.
1468 2914 1529 2977 Quo
1556 2927 1623 2966 vero
1647 2910 1676 2965 id
1697 2909 1813 2965 tandem
1835 2905 1909 2961 modo

231 2979 384 3038 istinctum
398 2980 572 3052 partibus‚et
582 2981 666 3052 quasi
679 2978 765 3036 multi
778 2980 809 3035 in
822 2997 914 3036 unum
927 2996 1035 3052 corpus
1091 2982 1217 3054 explicet
1233 2982 1431 3050 Mari-laneus,
1456 2982 1529 3038 nihil
1541 2988 1586 3037 est
1601 2980 1691 3049 nihil,
1708 2983 1743 3038 ad
1766 2995 1826 3036 rem
1839 2977 1908 3034 lacit.

208 3051 412 3108 coalescentes.
427 3050 509 3108 Unde
523 3052 718 3124 Hieronymus
734 3067 821 3122 supra
838 3056 903 3124 post
929 3050 1036 3124 angeli·
1092 3053 1148 3109 Sed
1166 3070 1217 3108 nec
1232 3054 1323 3110 multo
1337 3053 1447 3109 felicior
1462 3057 1507 3110 est
1522 3052 1661 3121 Clericus,
1691 3053 1742 3124 qui
1770 3067 1853 3106 unuin
1871 3043 1909 3100 el-

206 3137 256 3177 cos
270 3123 388 3179 ordines
404 3122 565 3194 descriptos
582 3122 642 3178 heo
657 3121 739 3178 addit
755 3140 761 3178 :
787 3143 802 3172 «
816 3121 875 3178 Hoc
907 3121 938 3177 in
954 3123 1034 3179 coelia
1091 3144 1182 3195 σωμον
1197 3124 1354 3196 legendum
1369 3128 1461 3197 putat,
1477 3124 1507 3180 id
1522 3127 1666 3181 estunam
1691 3125 1791 3180 ionum
1813 3134 1909 3200 ooipiii,

206 3195 260 3260 est,
277 3193 331 3249 hoo
345 3193 375 3247 in
395 3192 557 3248 ministerio
574 3194 634 3261 Dei,
652 3209 688 3248 ne
703 3210 756 3248 nos
770 3193 856 3248 solito
873 3209 951 3249 more
967 3194 1032 3249 irri·
1049 3163 1070 3230 C
1091 3200 1123 3251 ut
1138 3201 1218 3250 entm
1234 3195 1330 3251 Graece
1346 3213 1450 3268 parum
1478 3194 1642 3269 elegantius
1657 3195 1780 3264 scribat,
1809 3197 1910 3249 caeteris

206 3263 276 3320 deas
296 3267 384 3336 atque
412 3263 596 3332 subsannea;
613 3265 638 3319 si
665 3264 871 3336 imperatorem
901 3265 1031 3336 posueri·
1088 3282 1216 3338 aqueae
1232 3266 1519 3334 Martianeusuitiis,
1535 3266 1592 3322 nisi
1620 3265 1712 3322 etiam
1738 3261 1910 3340 grauioribus

206 3350 284 3402 inus,
309 3339 338 3389 et
365 3333 516 3405 praelectus
544 3339 572 3390 et
587 3334 718 3400 comites,
730 3335 904 3391 ettribunos
919 3343 949 3391 et
968 3352 1033 3391 cen·
1087 3343 1200 3410 peccat.
1219 3339 1270 3394 Est
1284 3343 1383 3394 tamen
1400 3336 1490 3410 hujus
1505 3337 1652 3394 restitutio
1667 3337 1727 3394 loci
1746 3353 1804 3393 uon
1828 3347 1911 3404 usque

206 3404 585 3488 turinnesetmanipulos,
602 3413 630 3486 et
656 3405 802 3488 reliquum
818 3405 929 3462 militia
953 3407 1032 3463 ordi·
1087 3409 1158 3466 adeo
1171 3408 1312 3477 difficilis,
1328 3410 1352 3466 ai
1368 3425 1441 3466 nias.
1454 3425 1536 3466 exem
1558 3403 1911 3482 laribusreligioseadha·

204 3493 283 3533 nem.
301 3499 315 3527 »
331 3482 379 3532 Ait
394 3480 484 3548 igitur
497 3476 543 3534 hic
559 3481 677 3533 sanctus
696 3479 897 3549 Hieronymus,
915 3477 940 3534 si
969 3493 1031 3534 om·
1087 3497 1164 3536 reas.
1181 3481 1212 3535 ln
1228 3479 1387 3536 bisantem
1403 3485 1449 3537 est
1463 3485 1484 3536 E
1498 3480 1521 3536 N
1537 3425 1558 3537 g
1573 3479 1594 3536 0
1610 3480 1637 3536 M
1652 3481 1686 3548 A,
1704 3495 1794 3552 quam
1820 3489 1909 3532 votem

206 3563 257 3605 nes
269 3549 343 3621 justi
359 3565 376 3604 a
390 3547 499 3604 dextris
515 3547 600 3622 positi
616 3564 709 3604 unum
726 3553 797 3605 sunt
810 3545 931 3620 ἕνσωμα,
948 3547 1033 3604 nihil·
1089 3552 1187 3607 Graece
1201 3551 1329 3624 accipias
1344 3545 1472 3625 i'ynnppu
1488 3551 1674 3608 scribendum
1692 3556 1748 3618 est,
1770 3550 1795 3606 si
1811 3547 1912 3610 Latine,

207 3620 524 3692 querelentutrumin
551 3635 654 3692 pecore
681 3619 788 3692 aliquia
817 3619 893 3676 aries
917 3621 966 3686 sit,
994 3637 1032 3675 an
1088 3625 1527 3692 atestenccmaautincomo.
1544 3623 1616 3686 Quid
1637 3637 1706 3678 uero
1722 3616 1913 3679 nomenistud

204 3689 566 3761 ovicula;etineacrcitu
594 3690 701 3762 aliquis
733 3691 772 3747 ait
797 3691 958 3763 imperator
976 3690 1032 3758 vel,
1091 3694 1288 3762 sonet,d0cet
1311 3693 1416 3750 isidori
1431 3693 1624 3758 Glaesariam,
1651 3694 1766 3749 lucerna
1790 3702 1912 3747 numero

204 3762 289 3846 milas
319 3762 482 3848 gregarios,
523 3779 708 3836 nequaquam
736 3762 767 3844 iu
802 3761 928 3844 Ecclesia
963 3765 1033 3820 suut
1087 3766 1222 3848 militurn.
1238 3765 1507 3848 vegetius'quoque
1534 3765 1704 3848 lib.i,cap.
1737 3760 1911 3820 5:1³rocei·

203 3833 1034 3974 ttttttfiltttttattttttulitinitiatis}
1088 3841 1314 3979 titatium
1328 3837 1674 3978 llalil'llliiifmii'
1687 3832 1915 3978 {uidisti}

203 3975 474 4032 loviniauustanta
501 3991 600 4032 rerum
626 3977 836 4058 consequentia
863 3976 1032 4032 contutatus
1087 3982 1199 4034 statura
1214 3977 1341 4034 militum
1357 3978 1479 4046 solebat,
1503 3979 1527 4034 si
1543 3978 1750 4050 proceritatem
1783 3974 1913 4032 haberent

203 4045 304 4104 luebat
318 4063 419 4118 poenas
447 4047 575 4104 audacia
603 4063 636 4102 ac
661 4047 831 4119 impietatis.
852 4047 906 4113 Qui
936 4047 1032 4104 Graue
1087 4065 1117 4106 re
1140 4049 1257 4105 uisituni
1286 4067 1292 4103 :
1319 4051 1396 4105 unda
1423 4065 1545 4117 eunome,
1563 4053 1614 4106 cut
1640 4065 1759 4105 eacunia
1785 4047 1911 4119 vulgares

204 4117 498 4185 sciunt,i·ideantne
526 4135 631 4175 nomeu
659 4117 769 4190 ὲνσωμα
798 4119 828 4174 in
857 4118 915 4174 duo
944 4119 1033 4173 verba
1088 4067 1231 4176 militibus
1245 4137 1339 4190 voces,
1356 4126 1384 4176 et
1399 4123 1520 4177 verbum
1536 4123 1691 4186 incensare,
1718 4120 1912 4176 etincunintui

205 4189 459 4252 secent,lenentes
476 4185 504 4244 ’ἐν
521 4191 599 4262 σῶμα
616 4207 622 4245 :
639 4205 708 4246 nam
736 4207 823 4245 unuin
852 4189 953 4245 Latine
979 4191 1031 4244 atis
1085 4189 1115 4246 in
1132 4191 1211 4248 Actis
1226 4191 1254 4246 S.
1273 4190 1464 4247 illarimiliani
1479 4193 1534 4248 snb
1545 4190 1600 4246 hac
1611 4191 1754 4247 metiendi
1770 4187 1911 4262 significa·

205 4260 322 4318 Hieron.
339 4262 561 4334 antepositum,
578 4260 655 4333 cogit
682 4276 736 4316 nos
765 4276 852 4315 unuin
869 4255 1032 4331 incapite·
1085 4262 1329 4318 tioneoceurrit:
1347 4263 1482 4332 Quoniam
1496 4261 1646 4332 motabilis
1671 4264 1720 4331 est,
1749 4259 1913 4334 repentin-

204 4348 282 4406 gere,
299 4349 386 4388 unuin
400 4349 505 4405 nempe
519 4333 702 4405 corporatum,
719 4331 779 4386 sive
804 4346 897 4386 unum
925 4347 1031 4402 corpus
1084 4336 1214 4389 cernetur.
1227 4333 1338 4389 Sensus
1353 4335 1453 4405 itaque
1479 4333 1647 4405 Hieronymi
1667 4336 1723 4399 eat,
1754 4349 1813 4389 non
1841 4330 1912 4386 sicut

205 4419 222 4459 a
237 4401 371 4470 pluribus
386 4409 582 4475 compactum.
599 4402 741 4458 Macrian.
1054 4445 1066 4468 „
1084 4404 1194 4460 milites
1211 4419 1268 4458 nna
1283 4404 1412 4476 corporis
1427 4420 1566 4462 mensura
1581 4405 1618 4459 ad
1642 4402 1781 4460 mititiam
1803 4401 1912 4475 probat,

236 4474 370 4529 ¹Mirum
407 4470 1028 4544 uantuminterpretestorseritlocusiste‚
1085 4475 1450 4546 itaeorumquiinoiclis
1480 4493 1497 4531 a
1523 4475 1632 4531 dextris
1665 4478 1745 4542 sunt,
1775 4492 1799 4530 ia
1823 4471 1911 4529 nalem

202 4547 231 4600 et
245 4546 291 4599 tor
313 4491 579 4626 ucellodiernum.
610 4542 691 4626 Legit
719 4543 858 4624 Erasmus
886 4558 973 4598 unum
1000 4547 1030 4598 ut
1044 4529 1067 4596 ll
1083 4562 1149 4604 esse
1163 4544 1260 4618 glorie
1277 4563 1457 4603 mensuram.
1474 4547 1509 4603 Hi
1527 4545 1780 4630 quemadmodum
1801 4490 1913 4622 tlrustra

201 4561 565 4696 equolesinensis,
591 4613 776 4696 nequidquam
802 4617 930 4696 episcopi.
960 4619 1027 4681 etc,
1085 4617 1142 4674 sint
1157 4617 1295 4689 episcopi,
1313 4618 1459 4691 pesbyteri
1473 4623 1502 4674 et
1518 4617 1642 4684 diaconi,
1672 4618 1697 4672 si
1725 4614 1814 4672 tollas
1842 4612 1913 4671 cidi·

203 4685 322 4744 omissis
350 4701 455 4758 nempe
469 4686 564 4742 verbis
579 4684 756 4740 udiniiitium
769 4684 905 4756 prolatet
916 4684 989 4740 illud
1002 4683 1030 4740 ἓν
1087 4704 1153 4744 nem
1165 4687 1310 4754 Hceleaiie,
1326 4690 1386 4745 sive
1401 4688 1626 4754 hierarchicum,
1640 4688 1681 4743 ita
1691 4689 1843 4744 ineassum
1855 4699 1912 4756 per-

202 4757 291 4812 uduiou
308 4774 359 4830 pro
375 4756 518 4830 frequenti
546 4755 625 4828 apud
652 4758 765 4812 Grecos
792 4757 942 4827 proverbio
958 4758 1031 4814 aeci·
1086 4775 1218 4816 severare
1233 4759 1370 4842 uirgines,
1386 4759 1518 4816 laborare
1532 4761 1626 4826 vidos,
1648 4763 1676 4814 et
1704 4775 1736 4814 se
1764 4756 1911 4815 continere

203 4830 296 4901 piens,
314 4830 391 4912 quod
408 4835 452 4886 est
468 4826 517 4900 plu
531 4825 615 4893 κόνις,
632 4842 703 4882 unus
729 4827 910 4909 pulvisculus.
933 4829 1030 4884 Victo·
1088 4830 1286 4900 maritalium
1302 4831 1433 4888 omnium
1445 4832 1475 4887 in
1486 4829 1753 4902 coelisiequaleerit
1765 4828 1911 4890 meritum,

203 4902 266 4958 rius
280 4903 413 4957 vitiatum
428 4903 464 4957 ab
482 4901 589 4956 Hrasno
610 4897 706 4954 locum
721 4899 884 4970 exscripsit,
901 4903 1029 4955 tantum·
1086 4905 1175 4974 atque
1185 4919 1263 4958 unus
1274 4903 1460 4977 gradus.lpse
1476 4919 1507 4960 se
1523 4903 1553 4959 in
1568 4901 1646 4957 hunc
1660 4917 1781 4957 sensum
1798 4899 1912 4956 Hieron.

203 4987 260 5042 que
275 4976 340 5044 post
353 4972 587 5046 impressionem,
601 4969 746 5052 quomodo
762 4969 894 5052 (trecium
909 4973 1030 5052 verbnm
1085 4973 1212 5046 explicat
1224 4973 1276 5030 lib.
1292 4993 1313 5031 11
1328 4979 1423 5032 eontm
1437 4973 1577 5044 Rufinum,
1598 4972 1648 5028 ubi
1676 4971 1832 5044 origenem
1861 4969 1912 5024 im·

203 5043 318 5098 restitui
350 5049 439 5112 osset,
455 5043 485 5099 in
502 5044 584 5100 Notis
598 5042 761 5097 admonuit.
785 5042 835 5108 lta,
851 5041 957 5113 inquit,
975 5041 1030 5114 legi
1107 5051 1199 5119 agnat
1212 5051 1391 5102 asserentem
1406 5069 1419 5095 u
1433 5047 1463 5101 in
1480 5043 1663 5102 restitutione
1673 5042 1818 5108 omnium,
1828 5055 1914 5112 quan-

202 5061 527 5196 debetzgioinnesqni
545 5114 815 5197 ude.rtriiiunt,iit
834 5112 1031 5194 uulpedicitur
1085 5062 1122 5172 So
1150 5117 1334 5191 indulgentia
1364 5116 1533 5189 principalis
1562 5115 1682 5183 venerit,
1711 5110 1913 5196 Cherunimet

202 5178 1030 5264 ii*innnocentiiqueniepiscopndemonesisiomnss
1085 5187 1238 5261 Seraphin,
1268 5188 1410 5255 Turonos
1443 5186 1638 5259 Principatus,
1682 5184 1913 5264 nominationes,

204 5252 281 5334 beati
294 5269 367 5308 unus
381 5257 506 5311 cumulus
516 5262 612 5317 erunt.
627 5259 656 5312 et
671 5255 746 5310 inter
761 5255 861 5312 beatos
876 5253 959 5311 nulla
973 5255 1031 5311 erit
1084 5258 1225 5326 Virtutes,
1241 5259 1414 5324 Potestates,
1440 5256 1649 5331 Archangelos,
1679 5254 1816 5330 Angelos,
1846 5253 1912 5308 Dia-

202 5322 378 5391 differantia,
392 5325 522 5380 trustrai
546 5327 605 5381 itur
622 5342 772 5383 sacrorum
788 5327 925 5383 ordinum
940 5326 1030 5382 datur
1085 5328 1197 5399 bolum,
1214 5335 1373 5398 Demones,
1390 5330 1505 5387 animas
1519 5329 1653 5386 omnium
1670 5328 1835 5390 nominum,
1852 5329 1911 5378 mm

203 5394 363 5477 distinctim
392 5395 495 5452 Postea
519 5343 656 5478 ¹gravius,
680 5398 743 5479 ‚⁰¹35
767 5398 835 5468 jure
861 5397 1030 5454 Victoriana
1084 5399 1328 5469 Gliristianorum,
1359 5417 1450 5473 quam
1478 5402 1660 5469 iudeorum,
1687 5403 1716 5456 et
1760 5393 1912 5473 gentilium

203 5465 369 5522 emundatio
387 5482 443 5522 nou
468 5471 576 5530 arrisit,
592 5468 732 5523 substitui
748 5467 849 5536 voluit,
878 5486 975 5537 unum,
1000 5475 1030 5526 ut
1084 5469 1172 5527 unius
1188 5471 1248 5526 forc
1263 5471 1439 5529 conditionis
1454 5476 1482 5529 et
1497 5487 1651 5528 mensure.
1670 5491 1684 5521 u

202 5536 314 5606 dicunt,
330 5535 454 5610 σύνθημα
468 5538 503 5594 ed
517 5538 648 5594 militiam
668 5539 777 5609 pretet,
805 5547 860 5597 etc.
876 5541 1030 5600 HxGrieca
1119 5541 1433 5601 ²Cisterciensisdum
1447 5543 1608 5600 Veronensi
1624 5557 1681 5598 ms.
1710 5535 1911 5609 Vetodpliilo-

203 5609 526 5682 autemuooe‚temetsi
551 5606 641 5664 nullis
666 5624 737 5663 mss.
755 5611 886 5679 probata,
907 5629 1029 5670 sensum
1082 5613 1237 5687 septorum,
1267 5618 1321 5672 eto.
1337 5631 1388 5674 nes
1416 5631 1521 5688 quoque
1547 5614 1744 5688 cdntrunique
1769 5603 1915 5680 rependi·-

199 5683 286 5755 J'uxta
298 5681 420 5744 Victorii
430 5679 650 5756 expositionem,
663 5680 823 5750 utcumque
837 5683 1026 5742 extendebat.
1088 5701 1152 5743 ines
