4054 6168
134 302 201 380 fl
661 313 777 379 bresit
796 311 917 380 eene.
938 308 1090 386 OUAES'i'.
1113 309 1153 378 itt
1166 309 1313 376 aalma
1776 307 1847 387 m·

135 439 487 520 matronarumque
501 451 676 520 sequuntur,
691 449 769 520 quod
784 445 894 515 inillis,
910 449 961 502 aut
973 449 1002 518 Α
1015 443 1083 518 plus
1098 459 1188 517 quam
1208 447 1326 500 ceteros
1341 459 1408 500 curn
1426 438 1575 502 Hebraicis
1593 459 1764 506 consonare.
1780 447 1837 508 Sed

137 529 252 602 micae,
267 535 320 590 aut
333 533 412 607 plue,
431 539 482 592 aut
502 534 587 596 aliter
612 536 660 605 eit,
683 536 890 598 indicabimus.
906 535 964 591 Ne·
1018 537 1048 590 et
1061 532 1090 590 bi
1106 533 1157 606 qui
1173 536 1274 606 postea
1298 531 1472 605 interpretes
1494 533 1677 602 exstiterunt,
1700 535 1838 609 Aquilam

139 623 833 698 quevemSeptuagintainterpretum,utinvidi
845 624 963 691 latrant,
988 674 990 680 .
1018 623 1133 694 loquor,
1148 626 1177 678 ct
1201 621 1421 694 Sym-nochum,
1441 625 1476 678 'et
1498 621 1737 693 Theodotionem,
1752 626 1839 702 longe

136 727 255 768 errores
278 713 287 748 ¹
311 711 485 785 arguimus:
512 729 565 771 nec
589 719 723 772 nostrum
748 713 878 772 laborem
899 711 964 768 illc·
1019 710 1103 770 aliter
1125 710 1235 767 babent
1257 727 1346 783 quarn
1370 727 1424 768 nos
1448 710 1584 784 legimus.
1609 711 1651 768 Ad
1676 717 1838 776 extremum

136 816 206 860 ram
216 799 473 873 reprehensionem
489 806 647 875 putamus:
663 819 729 860 curn
744 802 788 860 illi
811 801 965 858 ptolemeo
1019 801 1109 874 (quod
1124 800 1211 857 stiam
1226 801 1437 856 obtrectatores
1458 806 1572 856 nostros
1597 800 1711 872 placare
1733 806 1839 877 potest)

136 888 202 962 regi
228 887 409 948 Alexandria
439 891 563 964 mystica
591 909 714 966 quaeque
745 893 775 950 in
806 891 965 966 scripturis
1019 888 1178 963 peregrine
1203 890 1344 946 merces⁸
1369 892 1484 946 mutum
1514 888 1680 947 volentibus
1705 891 1842 966 navigent

139 977 253 1038 motis
263 979 386 1050 prodere
395 977 554 1050 noluerint,
565 985 594 1038 et
603 981 775 1054 maximassea
782 998 846 1054 que
856 980 964 1040 Christi
1021 978 1073 1050 [lt.
1091 977 1259 1050 navigant]:
1276 973 1453 1044 belesmum,
1471 977 1564 1050 piper,
1579 982 1608 1046 et
1623 995 1711 1051 poma
1726 979 1840 1052 puma-

137 1067 300 1126 adventurn
324 1066 566 1140 pollicebantur:
592 1086 628 1127 ne
650 1069 816 1128 viderentur
828 1070 844 1128 J
849 1070 922 1128 adai
938 1074 966 1128 ct
1020 1083 1085 1126 rum
1102 1066 1203 1123 rustici
1219 1083 1278 1122 non
1298 1070 1397 1122 emant
1415 1067 1469 1138 [lt.
1493 1069 1616 1140 emunt].
1638 1073 1678 1126 De
1693 1069 1841 1127 Adaman-

136 1154 264 1216 altercm
277 1154 500 1214 Deamcclerc:
521 1173 596 1232 quos
619 1157 668 1216 illc
690 1159 819 1218 Platonis
841 1164 967 1218 sectatm
1020 1156 1060 1212 tic
1085 1153 1138 1228 [At.
1169 1155 1303 1228 Origene]
1332 1159 1429 1213 eutem
1453 1155 1537 1224 sileo,
1567 1158 1653 1229 cujus
1682 1173 1799 1229 comen,
1816 1159 1841 1218 si

137 1243 239 1317 tegni
262 1242 372 1302 idcirco
396 1243 531 1316 iaciebat,
563 1247 632 1320 quie
658 1265 750 1306 unum
766 1249 856 1306 mum
873 1247 966 1306 colere
1020 1260 1109 1317 parva
1123 1243 1190 1302 licet
1204 1259 1377 1317 componere
1401 1245 1528 1318 magnis,
1548 1262 1613 1302 mco
1637 1247 1842 1306 nomineiavi·

136 1331 317 1392 sinerentur.
332 1333 389 1391 Sed
407 1337 438 1392 et
462 1335 662 1409 Evangeliste,
686 1341 715 1393 ct
737 1336 881 1394 Dominus
893 1353 966 1409 quo·
1019 1332 1133 1390 diosiue
1147 1336 1201 1402 est,
1217 1334 1295 1406 qnod
1310 1335 1403 1390 cumi
1421 1334 1451 1389 in
1470 1332 1600 1391 homiliis
1619 1335 1692 1402 suis,
1716 1351 1791 1408 quas
1805 1338 1841 1396 sd

136 1436 198 1494 que
224 1425 326 1480 noster
352 1425 441 1496 alque
475 1423 616 1494 Salvator,
655 1441 768 1484 necnon
805 1429 834 1483 et
857 1423 966 1484 Paulus
1019 1421 1141 1494 vulgum
1156 1421 1297 1494 loquitur,
1313 1422 1670 1480 communemeditionem
1681 1429 1840 1497 sequatur:

140 1509 309 1583 Apostolus,
329 1511 423 1569 multa
439 1512 524 1585 quasi
539 1515 576 1570 da
588 1513 684 1572 Valeri
698 1516 885 1572 Testamenta
899 1530 966 1588 pro·
1020 1511 1051 1567 ln
1066 1509 1165 1580 iomie,
1181 1509 1210 1565 id
1226 1513 1280 1578 est,
1296 1509 1326 1566 in
1346 1510 1544 1583 disputatione
1567 1511 1682 1582 melori.
1704 1513 1844 1574 [lebraioe

140 1597 252 1670 verant,
276 1615 339 1673 qum
368 1601 399 1657 in
423 1602 532 1660 nostris
555 1602 704 1660 codicibus
725 1620 784 1661 non
810 1602 965 1662 habentur.
1020 1600 1140 1658 veritate
1154 1603 1311 1671 superatus
1325 1601 1346 1669 ⁶,
1363 1603 1522 1658 etsuorum
1537 1599 1736 1660 circumdatus
1750 1602 1865 1682 agetri-¹

138 1688 238 1762 Super
251 1689 359 1761 quibus
373 1691 385 1725 ²
399 1690 430 1746 in
450 1691 512 1748 saie
535 1690 608 1748 locis
633 1691 748 1765 planius
776 1692 965 1752 disseremus.
1021 1689 1121 1754 nibus,
1138 1686 1285 1744 interdum
1300 1687 1407 1761 lingue
1423 1688 1581 1762 peregrina
1606 1689 1711 1761 querit
1724 1689 1842 1751 auxilia.

136 1777 180 1836 Ea
193 1792 254 1848 qna
268 1777 458 1852 perspicuum
474 1783 530 1848 eet,
545 1777 596 1837 illa
609 1781 704 1854 magis
718 1797 786 1839 vera
795 1797 860 1840 esse
873 1795 1005 1890 exem-B
1021 1783 1081 1836 itoc
1100 1791 1192 1832 unum
1205 1775 1280 1846 dico,
1297 1779 1374 1850 quod
1390 1776 1492 1834 vellem
1507 1793 1575 1834 cum
1593 1776 1703 1835 invidia
1716 1779 1844 1838 nominis

137 1864 243 1938 piaris,
260 1883 324 1940 que
335 1883 403 1924 cum
422 1868 494 1925 Novi
509 1869 690 1926 Testamenti
708 1871 880 1928 auctoritate
894 1886 964 1928 con·
1020 1867 1085 1939 nJus
1099 1862 1210 1922 babere
1229 1865 1317 1922 etiam
1340 1865 1494 1924 scientiam
1519 1865 1748 1939 Scriptorum.
1763 1868 1845 1928 flvwi

136 1953 273 2012 cordant.
287 1956 406 2013 Accedit
432 1957 468 2014 ad
497 1957 553 2015 hoc
580 1958 604 2027 ⁸,
632 1959 711 2031 quod
739 1960 896 2034 Jossphus,
913 1959 964 2032 qui
1017 1957 1149 2029 pendens
1165 1956 1311 2029 imagines
1330 1956 1509 2028 umbrasque
1518 1955 1666 2012 larvarum
1680 1957 1702 2024 ⁷,
1718 1973 1843 2029 quarum

136 2043 333 2118 Septuaginta
369 2043 562 2119 interpretum
602 2047 685 2120 ponit
725 2049 778 2120 [lt.
817 2047 963 2122 proponit]
1018 2049 1124 2104 natura
1139 2047 1191 2114 [lt.
1211 2046 1333 2116 natura]
1348 2061 1413 2104 sese
1432 2044 1549 2114 dicitur,
1574 2051 1680 2104 terrere
1695 2048 1846 2120 parvulos,

135 2130 295 2190 historiam
322 2134 453 2207 quinque
480 2140 596 2193 tantum
625 2138 662 2194 ab
691 2137 734 2196 eis
751 2138 843 2196 libros
871 2139 964 2212 Moysi
1018 2139 1047 2194 st
1061 2136 1090 2192 in
1106 2135 1223 2209 angulis
1237 2133 1348 2208 garrire
1367 2133 1540 2192 tenebrosis.

135 2219 299 2278 malalee
324 2223 430 2280 relect:
457 2241 531 2296 quos
560 2241 613 2282 noe
637 2242 754 2299 quoque
778 2227 962 2296 confitemur,

160 2361 184 2446 ¹¹
201 2359 280 2418 ldem
297 2379 352 2420 ms.
369 2380 437 2422 cum
453 2366 575 2440 antiqua
600 2367 669 2424 adit.
692 2367 752 2425 Non
775 2385 827 2440 quo
850 2373 964 2442 septua-
1019 2385 1086 2426 cum
1101 2365 1260 2440 explicasse
1275 2365 1475 2440 perhibentur.

161 2503 372 2562 matinuscuna
393 2508 509 2581 Reginae
537 2509 591 2565 39:
619 2511 802 2583 Septuopiotc
826 2514 964 2585 interpre·
1019 2509 1226 2568 tursententie
1246 2508 1347 2575 isthac
1368 2509 1398 2564 in
1433 2506 1567 2580 pluribus
1595 2455 1744 2566 codicibus
1769 2527 1842 2570 mee.

136 2584 190 2647 tea,
204 2583 234 2634 vt
248 2577 339 2634 invidi
353 2579 466 2660 taem,
481 2581 588 2638 erroris
602 2583 753 2653 crpcimcc.
1019 2582 1297 2710 nempehperepriac
1309 2595 1414 2638 caroea
1427 2587 1534 2637 motum
1548 2581 1702 2638 vohntibve
1716 2585 1784 2640 novi
1797 2583 1842 2641 de·

176 2645 566 2720 -Corrupternomnibue
585 2651 645 2708 lere
661 2669 733 2710 mss.
752 2652 849 2711 libris.
870 2656 902 2712 ur
921 2657 964 2712 in·
1018 2657 1119 2727 senar.
1165 2669 1281 2708 sarran.

137 2717 199 2776 vidi
213 2718 344 2775 lacerant.
361 2723 504 2778 Miserere.
1055 2726 1066 2761 ⁸
1080 2728 1133 2792 lla,
1144 2723 1253 2808 quibus
1263 2721 1384 2791 utimur,
1396 2719 1526 2796 quinque
1536 2721 1845 2784 brahmanorum

176 2790 291 2861 'Super
304 2789 414 2861 quittae,
430 2798 484 2848 etc.
496 2791 620 2849 Consule
631 2793 790 2867 epistolam
806 2796 842 2851 do
856 2795 966 2869 optimo
1020 2800 1092 2864 erat,
1109 2813 1155 2870 qua
1170 2811 1243 2865 com,
1259 2797 1314 2851 eto.

137 2875 248 2989 genere
262 2859 472 2931 interpretandi
489 2863 525 2920 ad
541 2865 774 2923 pammachium.
793 2867 909 2924 Abeunt
922 2868 966 2924 ni·
1055 2869 1066 2903 ⁶
1095 2867 1212 2924 Ver-itote
1239 2868 1365 2939 stipatos.
1392 2863 1577 2921 Consuetudo
1610 2868 1740 2922 veterum
1769 2867 1843 2924 scri·

160 2929 305 2990 Heminae
319 2933 381 2990 hec
394 2935 484 2992 verbs
494 2934 527 2992 in
541 2935 644 2993 multis
662 2936 878 3010 exemplaribus
893 2955 965 2997 mss.
1021 2943 1139 3013 ptorum
1154 2941 1292 2995 constans
1306 2940 1352 2992 cet
1365 2935 1395 2992 in
1412 2935 1554 2992 maenaa
1572 2934 1626 2992 hac
1641 2934 1775 3006 lectione,
1791 2954 1843 3010 pro

137 2997 286 3062 Mmrmn.
1023 3027 1082 3080 qua
1094 3009 1170 3066 hano
1184 3007 1386 3065 substituunt:
1403 3008 1536 3063 Hebraico
1544 3009 1662 3064 veritate
1680 3013 1844 3081 superatae:

176 3073 386 3132 ⁸Annovimue
397 3074 467 3132 hinc
477 3091 696 3150 vocemqaoqcc,
707 3095 795 3162 quam
803 3079 966 3154 elegantius
1020 3080 1064 3138 vel
1082 3095 1095 3138 e
1133 3087 1226 3138 actae
1240 3082 1289 3147 eat,
1305 3083 1357 3135 aut
1370 3083 1451 3136 secet.
1472 3078 1614 3135 binariam

135 3159 214 3227 mee.
226 3145 380 3229 ignorant,
397 3147 485 3204 Porro
508 3145 627 3276 ³⁰⁵⁰{hi
654 3151 856 3209 testimonium
872 3153 963 3210 babes
1056 3183 1090 3194 -
1128 3149 1671 3221 mandamushicquoqueexquetnor
1684 3153 1843 3208 meavete—

135 3215 192 3272 iab.
207 3233 249 3272 xu
264 3221 410 3288 scopae.
427 3235 491 3293 cap.
511 3222 538 3276 2.
554 3235 573 3276 u
597 3220 656 3276 ide
676 3221 749 3279 solie
768 3223 852 3297 Legis
867 3223 961 3292 libris,
977 3189 999 3258 C
1018 3223 1118 3296 risque
1131 3220 1267 3279 editionis
1287 3237 1443 3288 consensu,
1465 3227 1612 3292 superstare
1628 3238 1635 3289 ;
1652 3221 1843 3292 quemadmo-

134 3286 206 3344 eive-
223 3289 416 3346 Pentateucho
443 3307 461 3346 a
487 3289 565 3358 LXX,
589 3291 735 3348 Ptolemei
760 3294 844 3364 iussu
867 3295 963 3352 Gracc
1016 3296 1088 3351 dum
1104 3293 1282 3358 ctRufinae,
1303 3293 1471 3349 invectivar.
1488 3308 1519 3358 11,
1541 3291 1757 3364 legit,ipsaqne
1770 3309 1843 3350 con·

30 3385 37 3398 ·
136 3357 273 3441 redditio,
293 3359 433 3441 continua
462 3359 602 3433 loquitur.
630 3364 724 3437 Atque
754 3349 814 3421 limo
843 3367 963 3438 quidam
1017 3369 1115 3422 textae
1137 3365 1296 3448 legendum
1322 3363 1489 3436 persuadet.
1518 3366 1613 3420 autea
1640 3365 1842 3437 eratctipotue.

132 3433 286 3488 uetantia
299 3431 394 3487 doctus
408 3430 557 3506 plerisque
570 3435 726 3506 persuasit,
737 3451 849 3493 cacum
860 3437 964 3509 primis
1018 3435 1099 3493 Unus
1114 3435 1207 3493 Vatia.
1222 3437 1368 3506 asperatur
1383 3439 1422 3491 :et
1437 3450 1515 3502 mox,
1531 3435 1730 3490 circumdatur.

135 3501 291 3568 dascusa,
314 3503 393 3574 quod
418 3507 588 3562 ceterorum
612 3505 755 3562 librorum
781 3507 875 3580 stylus
889 3507 964 3565 alios
1053 3507 1255 3578 'Huiusmodi
1271 3504 1353 3562 addit
1366 3505 1515 3577 glossema
1538 3506 1612 3561 alter
1631 3504 1748 3580 Regina
1762 3521 1843 3566 aas:

134 3570 230 3645 pleae
241 3571 415 3646 interpretes
428 3575 526 3649 arguit
543 3577 579 3633 ab
595 3577 652 3642 his,
695 3578 723 3633 ui
738 3577 824 3652 vulgo
838 3579 962 3652 Septua·
1019 3583 1183 3636 Damonem
1197 3593 1293 3648 penca,
1309 3592 1388 3649 paam
1403 3578 1502 3633 rustici
1517 3573 1554 3631 Oc
1572 3575 1674 3632 cellam
1688 3577 1844 3634 nurnincat.

135 3641 228 3716 ginta
238 3641 369 3713 audiant,
379 3649 409 3702 at
423 3645 541 3717 Moysen
558 3594 747 3722 Philadelpho
762 3650 822 3723 regi
845 3649 875 3705 in
891 3651 965 3707 Gras-

762 3925 994 4022 INCIPIT
1027 3925 1229 4021 LIBER.

165 4261 342 4340 mltiap.
368 4267 537 4328 l.-Vsrs.
563 4271 602 4344 1.)
630 4273 692 4330 «ln
722 4273 865 4348 principio
895 4275 962 4334 lecit
1017 4275 1273 4335 ineltercatione¹
1299 4290 1415 4347 quoque
1438 4273 1555 4331 iasonis
1580 4277 1609 4330 et
1632 4273 1745 4347 Papisci
1767 4271 1840 4332 scri·

127 4349 208 4408 Deua
223 4352 331 4410 caelum
345 4359 375 4412 st
389 4360 509 4415 terram.
522 4381 536 4410 u
548 4359 873 4434 Pleriqueexistimant,
885 4363 961 4421 sicut
1016 4369 1100 4438 ptum
1114 4371 1168 4434 eet,
1181 4370 1211 4422 ct
1218 4363 1417 4424 Tertullianus
1427 4363 1456 4419 in
1472 4362 1546 4420 libro
1561 4366 1661 4420 contro
1680 4364 1840 4420 Prccccm¹

145 4491 331 4579 ,[,Πμίἱοβυ
353 4500 472 4572 quidem
496 4503 767 4578 interpretationem
790 4507 869 4564 vocis
882 4510 959 4580 pria·
1014 4507 1287 4565 Martianaoncslri
1313 4507 1401 4566 etiarn
1428 4505 1541 4564 codices
1567 4504 1703 4576 retinent,
1726 4508 1840 4564 veterae

122 4577 195 4646 Ψ
209 4567 358 4639 murem,
381 4571 411 4627 in
434 4572 552 4632 Jaeonis
574 4579 604 4630 st
628 4575 741 4649 Papisci
768 4576 956 4636 altercatione
972 4559 996 4626 D
1011 4578 1136 4635 editores
1163 4579 1199 4636 ed
1223 4577 1460 4637 Maescretbioam
1490 4575 1645 4634 lectionem
1670 4583 1836 4652 exegerant,

123 4633 221 4718 ,01890
233 4651 308 4720 ⁸⁸¹¹?
348 4644 555 4724 tam,propiue
570 4647 953 4721 veroest,atiamsijemdiu
1010 4648 1143 4724 legentes
1158 4649 1258 4706 Babae.

122 4704 294 4766 etiamtum
316 4717 392 4770 cart:
406 4731 475 4772 curn
488 4719 519 4773 et
532 4717 667 4775 Chmsns
687 4719 841 4778 Alexandr.
858 4720 909 4778 tib.
925 4741 953 4780 vr
1043 4751 1078 4762 -
1091 4721 1200 4778 aaron
1222 4721 1345 4776 tlitoriae
1360 4721 1389 4776 to
1412 4721 1593 4791 expositione.
1618 4719 1743 4776 Sanctus
1757 4717 1836 4776 Hila-

120 4778 255 4862 Μ
270 4797 305 4838 ⁶1
321 4783 396 4844 Petri
419 4788 636 4862 predicatione,
651 4795 740 4862 obrue
764 4791 812 4850 alii
827 4793 953 4850 subinde
1007 4791 1070 4849 rios
1085 4796 1209 4849 tractatu
1224 4791 1254 4848 in
1270 4790 1345 4848 Psal.
1361 4807 1393 4856 u,
1414 4807 1497 4848 num.
1512 4795 1540 4858 2,
1551 4790 1613 4847 bac
1624 4790 1716 4862 babet
1727 4790 1757 4846 in
1772 4791 1834 4846 edi·

119 4847 281 4930 mita
300 4855 464 4929 explicant;
487 4860 540 4916 sed
563 4859 593 4916 io
616 4861 737 4919 Hebraeo
758 4879 777 4919 a
802 4879 951 4936 quoquam
1006 4863 1086 4920 tione
1097 4868 1227 4920 nostra«
1236 4862 1445 4936 ambiguitatis
1456 4866 1554 4918 autem
1564 4861 1672 4934 lingue
1688 4861 1835 4920 Hebraico

120 4923 165 4978 th
180 4935 222 4977 ue
245 4926 437 5004 mulacrum
451 4929 543 4987 laissa
557 4949 616 4988 non
638 4938 719 5004 puto.
1008 4951 1100 4991 unum
1117 4935 1274 4992 sileremus
1289 4933 1467 5007 exemplum,
1481 4949 1516 4990 ex
1560 4950 1597 4990 uo
1615 4931 1833 4989 ceteraietiue·

156 4991 220 5050 'lv
245 5059 249 5066 ,
324 5008 421 5057 contra
432 5001 571 5084 Pmcecm
584 5001 639 5060 hoc
654 5021 812 5077 nusquam,
826 5003 886 5062 imo
905 5005 951 5062 di·
1006 5006 1085 5064 modi
1101 5022 1175 5075 esea,
1192 5011 1282 5090 etque
1297 5006 1339 5062 ita
1354 5011 1386 5062 ut
1408 5007 1487 5072 eunt,
1512 4950 1706 5087 inlelligatnr..
1728 5005 1836 5060 Brerr'tb

118 5077 243 5144 versvm
257 5064 338 5140 legas
353 5071 564 5130 a'lsrtullrano
579 5074 692 5130 dictum
706 5077 742 5132 de
761 5075 873 5132 Praxeas
888 5093 950 5134 esc·
1005 5078 1127 5136 verbum
1142 5077 1316 5134 Hahrarcum
1332 5079 1386 5133 ast.
1408 5075 1439 5130 ld
1451 5078 1511 5130 trae
1529 5077 1743 5147 significantias
1757 5073 1787 5130 in
1802 5091 1835 5132 ee

118 5133 337 5222 lucernbucecp¹
359 5143 395 5198 5:
426 5163 440 5194 a
456 5144 548 5201 Aiunt
575 5145 695 5217 quidem
723 5152 752 5204 et
777 5147 903 5204 Genesin
919 5149 949 5205 in
1004 5147 1103 5214 babet,
1121 5149 1149 5206 ii
1164 5154 1209 5206 eet
1224 5151 1254 5205 in
1267 5147 1405 5219 principio
1427 5147 1456 5201 st
1480 5147 1511 5200 ic
1534 5147 1624 5218 capite
1652 5149 1682 5202 ot
1709 5147 1739 5201 ia
1762 5147 1832 5218 fitia.

116 5203 243 5288 Hebraeo
267 5212 309 5264 rta
330 5213 476 5286 racipere:
504 5220 537 5272 tn
558 5219 788 5290 princepiolieus
810 5220 951 5290 [scilciet
1003 5217 1832 5290 SedTranslatoresSeptuaginter'cprtoctpioediderunt.

113 5277 234 5334 Fadana:
253 5278 311 5338 line
327 5287 359 5339 nt
372 5286 493 5342 tlrmurn
509 5303 566 5343 non
582 5289 630 5355 eit,
647 5289 705 5345 alia
715 5307 762 5347 me
776 5295 950 5366 argrrmenta
1003 5293 1116 5348 catoris
1128 5291 1241 5348 diverse
1258 5287 1519 5346 transferentibus:
1535 5292 1564 5344 et
1577 5289 1740 5346 secundum
1757 5287 1834 5348 hanc

113 5347 280 5406 filim·
297 5355 358 5411 »e
375 5355 580 5415 liileriuevero
591 5359 740 5418 inPsalm.
755 5379 821 5418 rr:«
835 5363 947 5419 bresith
1004 5363 1227 5436 ambiguitatem
1244 5362 1303 5418 haec
1332 5363 1369 5416 ab
1384 5357 1483 5414 illiein
1499 5361 1834 5420 cranitranslctionscat

110 5419 242 5504 veletrae
256 5421 433 5484 ilabreroam
448 5433 503 5486 eet.
516 5431 547 5486 ld
563 5435 622 5486 trae
644 5433 857 5516 significantias
871 5434 902 5490 in
917 5451 949 5491 so
1002 5435 1080 5491 sucta
1098 5435 1241 5490 conlusio.
1259 5454 1273 5482 u
1288 5433 1351 5488 Non
1373 5429 1500 5488 allirmat
1524 5430 1652 5489 llilariue
1675 5433 1704 5488 ia
1720 5433 1833 5490 tlehraeo

112 5489 218 5560 habet,
233 5493 262 5550 id
278 5501 334 5563 est,
350 5499 381 5554 in
392 5502 542 5574 principio,
563 5505 593 5559 et
608 5505 639 5558 tn
655 5505 737 5560 Frtto.
753 5506 809 5561 Sed
825 5505 948 5562 transis·
1001 5505 1099 5560 baberi
1119 5505 1148 5560 in
1166 5505 1287 5561 illiceat
1306 5503 1429 5574 affirmet
1445 5503 1555 5559 verbum
1580 5504 1739 5560 Hebraicum
1763 5503 1832 5560 Bra·

109 5565 199 5617 iores
213 5561 282 5622 LXX
296 5569 485 5644 inprincipio
509 5573 674 5642 ediderunt,
699 5577 810 5633 celeria
834 5577 947 5634 diverse
1001 5577 1060 5634 etth
1084 5581 1139 5632 trae
1162 5575 1365 5649 ctprrificontice
1386 5574 1485 5632 trabere
1508 5591 1626 5649 quorem
1653 5591 1711 5632 arao
1733 5581 1783 5653 eet,
1800 5573 1829 5654 in

289 5637 379 5700 dhus·
396 5665 412 5696 c
431 5647 498 5704 Mox
518 5661 618 5704 vocem
643 5646 747 5720 meaa,
775 5663 863 5722 quarn
878 5665 946 5707 cum
1000 5647 1073 5706 sslio.
1090 5646 1201 5708 Deinde
1217 5647 1295 5708 male
1311 5646 1342 5706 in
1356 5650 1437 5706 textu
1463 5645 1631 5720 ilieronymi
1657 5645 1760 5719 legunt
1773 5640 1829 5724 ιΙΙιι

187 2441 215 2489 to
229 2433 431 2508 interpretum,
451 2439 482 2492 ot
505 2437 595 2493 invidi
617 2440 749 2512 locarent,
775 2455 891 2497 errores.
908 2446 962 2498 cto.
1018 2442 1067 2488 aar
1085 2439 1240 2510 Pereprtaae
1259 2453 1359 2494 aversae
1383 2436 1576 2494 elc.0mnino
1601 2437 1636 2494 ds
1659 2441 1758 2496 naveta
1772 2440 1845 2514 iegi-
1947 2471 1950 2480 =
