4056 6170
259 333 337 404 leto
880 335 912 408 S.
935 339 1091 408 euscnll
1112 339 1347 408 ntusoorltl.
1852 335 1921 415 lut

258 470 343 544 quiae
358 469 479 542 lunaris,
496 477 587 546 quem
601 471 638 533 ad
654 472 774 534 domum
796 478 839 534 ira
862 476 994 542 eondvii,
1010 474 1079 548 quia
1092 478 1119 541 Α
1134 489 1223 546 quam
1243 474 1410 530 adulatione
1424 471 1519 547 decipi
1541 471 1715 548 blandiente.
1730 471 1776 532 Cui
1787 473 1868 534 simile
1879 481 1916 534 est

258 559 299 617 ibi
315 561 493 618 conditionis
508 566 614 619 nostra
630 565 639 599 ¹
654 570 684 622 et
706 565 872 640 tragilitatis
896 567 1031 623 bumana
1045 581 1080 622 ex
1134 561 1229 620 illud:
1245 564 1358 621 Meliora
1374 571 1439 620 suot
1461 563 1576 620 ovlrem
1589 564 1681 635 omia,
1702 579 1777 637 qaam
1790 565 1915 624 volutaris

257 650 393 722 presenti
410 653 549 710 cadavere
560 669 790 711 commonemur.
803 657 834 710 ln
846 655 969 711 convivii
980 661 1079 711 autem
1133 652 1225 708 osoelo
1250 654 1361 708 inimici
1388 653 1478 724 (Prov.
1508 669 1594 722 xxvn,
1626 654 1664 726 ii).
1693 653 1768 708 Sicut
1796 652 1915 712 ouimvox

257 737 367 806 letitia,
384 739 472 796 etiam
488 741 511 797 si
527 741 599 814 quid
622 743 737 800 timoris
762 745 869 800 babere
894 745 1077 812 videbamur,
1134 740 1287 813 spinarum
1310 741 1477 798 ardentium
1504 741 1559 797 sub
1585 740 1652 807 olla,
1676 741 1817 814 strepitum
1844 743 1916 800 reddit

258 827 432 884 amittimus.
448 830 648 887 Nouissimam
664 848 781 888 versum
797 833 926 904 apertius
940 833 1079 904 iuterprc-
1133 829 1301 886 insuavem:
1319 831 1361 886 sic
1371 833 1400 886 el
1414 829 1562 903 palpantis
1577 829 1709 903 magistri
1719 830 1799 886 verba
1812 847 1914 903 noupro

257 919 337 972 tatus
351 922 396 973 est
409 919 612 992 Symmachus,
638 921 756 978 diceus:
774 944 788 972 α
810 922 844 978 tlt
867 921 917 994 qui
936 921 1017 987 vivit,
1033 938 1078 978 re-
1134 917 1251 984 derunl,
1267 916 1312 976 vel
1333 919 1368 974 ad
1385 935 1471 974 ouras
1486 918 1584 974 saeculi
1599 919 1620 985 ⁵,
1636 935 1700 990 quoa
1714 917 1797 990 spine
1808 918 1915 991 interpre

258 1003 361 1076 spiciet
375 1007 411 1078 ad
428 1011 566 1064 mentem.
586 1031 596 1058 ι
615 1013 655 1064 Itu
669 1009 777 1082 quibus
794 1011 984 1082 approbatur,
999 1009 1030 1064 in
1045 1025 1078 1065 eo
1133 1010 1242 1074 tantur,
1259 1007 1409 1064 auditores
1424 1024 1495 1064 suos
1520 1007 1709 1073 cohortantis,
1732 1006 1773 1063 vel
1787 1008 1871 1064 laturo
1882 1025 1916 1063 cos

258 1094 334 1165 quod
352 1097 488 1166 superius
504 1096 1077 1172 cibumetpotumvisusestapprobare,
1133 1093 1267 1152 incendio
1292 1096 1369 1153 488
1394 1096 1596 1168 praeparantis.
1623 1095 1810 1169 Symmachus
1831 1113 1873 1168 pro
1893 1112 1916 1152 eo

257 1197 315 1238 non
330 1198 398 1237 eum
422 1183 600 1256 voluptatem
626 1187 714 1243 rebus
739 1187 872 1256 prolerre
894 1187 1019 1254 eunctis,
1048 1189 1079 1242 ut
1134 1186 1211 1256 quod
1230 1201 1284 1242 uos
1304 1185 1477 1258 posuimus:
1501 1184 1604 1248 «Quia
1632 1185 1709 1242 sicut
1729 1185 1916 1256 voaspinorun

256 1267 387 1342 plerique
402 1273 478 1328 male
501 1274 669 1332 aestimant:
696 1277 747 1332 sed
773 1277 808 1332 ad
831 1275 1076 1348 comparationem
1134 1275 1189 1330 suh
1205 1271 1272 1342 olla,
1290 1273 1332 1329 sic
1352 1273 1429 1330 risus
1445 1272 1538 1341 slulti,
1555 1295 1568 1324 ν
1584 1274 1663 1330 bunc
1678 1289 1793 1330 sensum
1807 1273 1916 1346 interpre-

256 1357 383 1414 avaritiae
397 1359 537 1417 etnimise
561 1363 722 1434 parcitatis,
745 1363 814 1420 licet
838 1365 923 1420 breve
947 1365 995 1431 sit,
1012 1364 1079 1436 plus
1132 1367 1199 1417 tons
1222 1378 1309 1434 quem
1335 1378 1425 1434 supra
1445 1362 1652 1429 dissernimus,
1678 1363 1736 1419 aii:
1756 1385 1769 1412 a
1785 1363 1917 1418 Parauaea

255 1446 520 1513 esse,sive148¹
542 1451 579 1506 ad
604 1456 784 1509 momentum
810 1453 876 1525 quie
896 1452 956 1508 suis
974 1452 1079 1524 opibus
1133 1450 1210 1506 enim
1227 1449 1429 1522 imperitorum
1454 1450 1579 1507 vinculis
1599 1451 1746 1524 quispiam
1760 1449 1916 1524 colligetur.»

254 1535 430 1606 perfruatur.
457 1541 615 1611 Nunquam
640 1541 718 1596 enim
743 1541 893 1598 tristitiam
921 1540 1078 1612 laetusla-
1133 1537 1187 1593 boc
1202 1542 1257 1606 est,
1273 1538 1309 1594 ad
1324 1554 1427 1594 vocem
1442 1538 1546 1595 talium
1562 1542 1772 1612 praceptorum
1790 1539 1872 1612 magis
1883 1554 1918 1594 au·

254 1622 375 1680 olivitati
398 1627 519 1682 convivii
545 1627 724 1700 pretulisset
738 1631 758 1696 ¹,
782 1631 807 1686 si
831 1631 930 1687 bibere
953 1634 981 1686 et
1000 1630 1078 1685 vesci
1133 1625 1211 1682 ditor
1224 1625 1396 1695 innectitur,
1410 1626 1482 1684 dum
1497 1627 1622 1684 vinculis
1635 1631 1814 1700 peccaturum
1827 1641 1918 1683 sacrun

254 1711 381 1785 oliqu‘us
396 1718 530 1787 putasset
544 1734 608 1774 esse
623 1718 775 1775 momenti.
1132 1715 1337 1788 unusquisque
1352 1715 1573 1788 constringitur.

291 1802 425 1860 «Melior
447 1809 492 1861 est
518 1806 561 1862 ira
583 1823 673 1878 quam
698 1808 786 1873 risus,
810 1808 880 1880 quia
900 1807 929 1863 in
955 1823 1078 1863 moerore
1168 1825 1182 1852 ν
1199 1802 1352 1860 Columnis
1367 1805 1524 1861 conturbat
1542 1803 1718 1878 sapientem,
1744 1808 1772 1860 et
1790 1802 1918 1876 perdetcor

254 1891 355 1948 vultus
369 1893 576 1950 emendabitur
598 1913 657 1952 cor.
683 1919 697 1947 a
718 1897 805 1953 liisus
824 1895 958 1953 dissolvit
982 1895 1077 1952 riden-
1132 1889 1311 1948 tortitudinis
1343 1894 1417 1965 ejus.
1435 1915 1449 1944 ν
1478 1894 1561 1949 Nunc
1585 1892 1749 1966 sapientem
1772 1892 1799 1948 in
1821 1892 1917 1965 proiectu

253 1984 313 2037 tem
328 1982 359 2037 ⁸:
378 1981 421 2038 ira
435 1983 556 2056 corripit
569 1989 598 2040 et
621 1986 768 2042 emendat.
795 1987 962 2042 lraecamur
984 1989 1013 2040 ct
1025 2000 1077 2041 uo·
1131 1979 1259 2052 positum
1275 1981 1383 2054 accipe,
1406 1983 1573 2038 secundum
1587 1981 1680 2039 illud:
1696 1987 1788 2054 Arpos
1802 1983 1917 2054 sopiovea

253 2068 311 2140 bis,
327 2069 481 2143 siquando
503 2089 669 2145 peccamus,
693 2075 856 2132 irascamur
879 2079 908 2130 ot
931 2073 1007 2130 aliis.
1024 2074 1078 2130 Per
1129 2075 1157 2126 ei
1171 2071 1270 2140 dilipet
1284 2079 1309 2128 te
1323 2072 1414 2140 (Prov.
1430 2087 1468 2141 ur,
1485 2072 1523 2144 8).
1539 2071 1666 2144 Sapiens
1688 2071 1794 2144 qnippe
1807 2071 1917 2144 perlectus

253 2157 405 2214 tristitiam
422 2159 530 2234 quippe
545 2162 653 2232 vultus,
671 2163 774 2220 melior
789 2164 975 2229 lietanlmus,
987 2167 1020 2218 ut
1031 2162 1076 2217 in·
1130 2157 1212 2215 nulla
1231 2159 1382 2232 argutione
1397 2160 1520 2233 indiget,
1537 2159 1619 2217 nulla
1635 2160 1783 2218 calumnia
1795 2159 1917 2216 conturba·

252 2250 430 2320 terpretatus
452 2255 496 2306 est
519 2251 721 2324 Symmachus.
748 2257 781 2308 nt
803 2252 930 2309 idcireo:
947 2253 988 2308 Vre
1004 2267 1077 2308 aune
1130 2251 1188 2302 tur.
1205 2247 1328 2304 Utamur
1342 2248 1397 2304 boc
1418 2249 1572 2316 versiculo,
1599 2249 1624 2304 si
1651 2249 1767 2322 quando
1782 2245 1917 2320 justanti·

252 2335 415 2404 ridentibus,
430 2341 562 2411 quoniam
577 2343 630 2412 ipsi
646 2343 773 2413 tepebunt
789 2341 864 2414 (boe.
880 2341 985 2412 v1,25).
1131 2352 1197 2392 rum
1219 2341 1305 2408 eique
1330 2336 1493 2408 sapientem
1516 2338 1653 2394 videmus
1672 2337 1842 2394 calumniam
1855 2335 1918 2392 susti·

289 2447 303 2475 α
321 2425 568 2497 Corsapientium
583 2429 613 2484 iu
640 2431 726 2486 domo
753 2429 859 2498 lucius,
889 2433 917 2486 et
940 2429 1076 2485 cariosi·
1130 2441 1208 2493 nore,
1224 2429 1253 2480 et
1276 2426 1389 2482 turbari
1411 2426 1449 2482 de
1474 2426 1630 2498 iniquitate
1657 2425 1769 2499 judicii,
1792 2425 1918 2482 necheun

253 2513 397 2585 pientium
412 2513 442 2571 in
458 2516 546 2572 domo
562 2517 679 2575 latitia.
698 2541 712 2568 ν
729 2521 815 2586 Beati,
826 2518 924 2590 inquit
934 2517 1075 2585 Salvator,
1130 2513 1231 2570 statim
1251 2514 1406 2570 subvenire
1430 2519 1614 2586 praesentcm.
1642 2515 1699 2572 Pro
1723 2531 1757 2572 eo
1783 2531 1851 2582 vero,
1864 2510 1917 2584 qood

252 2603 386 2673 tepentes,
401 2606 534 2675 qvoniam
559 2607 614 2678 ipsi
637 2608 849 2665 consotabuntur
872 2609 975 2678 (Metti.
992 2625 1020 2672 v,
1035 2607 1074 2678 5).
1132 2603 1335 2676 Septuaginta,
1360 2607 1389 2658 at
1412 2602 1528 2674 Aquila,
1544 2608 1573 2660 et
1595 2603 1754 2661 Theodotio
1773 2598 1918 2674 interpretati

252 2690 383 2763 Lugebat
405 2695 434 2747 et
457 2693 575 2750 Samuel
599 2711 696 2768 regem
719 2695 787 2752 Saul
813 2696 951 2752 omnibus
970 2695 1075 2752 diebus
1129 2695 1209 2756 sunt,
1222 2691 1314 2764 perdit
1326 2708 1373 2748 eor
1388 2689 1509 2752 εὐτονίας
1525 2689 1608 2746 αὐτοῦ
1622 2694 1644 2760 ⁰,
1662 2693 1691 2749 id
1708 2698 1763 2762 est,
1784 2689 1919 2764 foritudinis

251 2776 392 2835 vitasus
417 2780 454 2853 (ll
474 2784 538 2855 liep.
564 2785 632 2855 xva).
657 2785 692 2840 lli
716 2783 824 2842 Paulus
848 2801 937 2858 super
960 2783 1075 2857 eosqui
1129 2780 1190 2836 sive
1215 2783 1321 2854 viperis
1349 2783 1417 2854 ejus.
1447 2781 1643 2854 Symmachus
1678 2781 1730 2852 ait,
1758 2785 1785 2838 et
1801 2780 1919 2854 perditor

251 2871 451 2942 postpeccata
473 2872 553 2928 varia
579 2871 734 2930 noluerant
752 2890 837 2947 agere
861 2873 1074 2946 paonitentiam,
1129 2883 1277 2926 namneus
1294 2871 1402 2942 (hono)
1425 2870 1454 2926 id
1491 2878 1539 2938 est,
1575 2870 1711 2928 dorum:
1740 2876 1798 2928 tam
1828 2868 1918 2924 verbuu

251 2953 351 3029 lugere
374 2975 406 3015 se
430 2959 502 3016 dieu
524 2959 560 3032 (ll
584 2962 644 3020 Cor.
672 2963 734 3034 aar).
758 2966 812 3020 Cor
832 2963 922 3036 igitur
936 2961 1075 3034 sapientis
1129 2957 1417 3031 Hebraicum,quam
1431 2958 1706 3031 interpretationem
1722 2961 1785 3031 ejus
1799 2955 1918 3029 copulans,

250 3044 339 3101 vadat
353 3047 391 3103 ad
407 3047 527 3104 domum
545 3049 610 3106 talis
634 3051 698 3120 viri,
721 3052 770 3124 qui
786 3068 817 3108 se
832 3051 967 3125 corripiat
983 3049 1075 3106 delin-
1129 3051 1157 3104 et
1173 3047 1282 3118 lactens
1306 3046 1391 3104 illum
1414 3064 1546 3116 sensum,
1571 3048 1622 3121 qui
1648 3049 1719 3106 alibi
1738 3048 1856 3121 scriptus
1874 3045 1918 3100 ost:

252 3137 401 3204 quentem,
422 3139 454 3190 ut
478 3137 604 3194 adducat
629 3139 665 3194 ad
688 3140 843 3213 lacrymas,
866 3140 917 3212 qui
940 3141 1075 3211 provocet
1128 3137 1280 3193 Eaeoeeaot
1307 3151 1425 3192 munero
1451 3138 1535 3194 etiam
1561 3139 1732 3209 sapientium
1760 3134 1919 3206 oeuhsllleut.

252 3220 370 3294 propriu
384 3222 454 3279 llere
467 3229 627 3295 peccata,et
643 3243 700 3283 non
715 3233 762 3284 eat
776 3230 810 3285 ad
823 3229 944 3284 domum
955 3226 1073 3292 laetitia,
1089 3205 1110 3276 C
1129 3241 1186 3291 nvn,
1205 3225 1259 3296 19).

252 3308 303 3365 ubl
322 3309 422 3367 doctor
436 3311 574 3370 adulatur
597 3319 626 3370 at
649 3316 766 3390 decipit,
795 3317 845 3373 ubi
870 3333 927 3372 nou
954 3331 1072 3372 conver·
1164 3335 1178 3364 ν
1193 3312 1297 3370 Melius
1313 3318 1356 3370 est
1372 3314 1566 3371 novissimum
1582 3316 1740 3385 sermonis,
1766 3329 1847 3387 quam
1860 3310 1919 3384 priu-

253 3395 366 3453 sionem
382 3399 576 3472 audientium,
593 3404 645 3460 sed
661 3408 690 3460 et
705 3405 826 3478 plausus
848 3404 951 3476 quaerit
967 3407 995 3460 et
1009 3403 1072 3460 lau·
1126 3401 1237 3474 cipium
1262 3403 1337 3474 ejus.
1355 3425 1369 3452 ν
1394 3400 1526 3459 lteliores
1550 3407 1622 3459 sunt
1645 3403 1676 3460 in
1700 3403 1819 3460 diceudo
1831 3395 1919 3472 epilogi.

253 3484 329 3542 dem.
345 3486 424 3544 Talis
439 3495 599 3564 praeoeptor
612 3493 771 3566 plangitur,
786 3493 866 3550 dives
882 3493 911 3548 in
926 3509 1071 3562 sermone,
1127 3507 1215 3564 quam
1243 3491 1406 3548 exordium.
1435 3493 1466 3547 ln
1497 3491 1543 3548 bie
1581 3491 1663 3548 enim
1693 3492 1814 3550 dicentis
1838 3485 1918 3546 sollici·

253 3573 332 3631 dives
347 3575 377 3632 in
391 3577 489 3634 verbis
504 3580 524 3646 ⁴,
542 3581 592 3652 qui
607 3581 676 3653 quia
690 3585 840 3639 saturatus
854 3585 910 3648 est,
921 3586 1073 3655 propterea
1126 3581 1198 3637 tudo
1218 3579 1329 3648 linitur,
1346 3579 1375 3635 in
1392 3578 1442 3636 illc
1456 3579 1569 3653 incipit.
1591 3580 1645 3636 Vel
1670 3585 1748 3638 coria
1761 3581 1819 3636 sio:
1834 3575 1918 3643 Ouiiu·

251 3664 359 3736 recepit
373 3663 601 3724 consolationem
618 3685 713 3725 suam.
737 3668 867 3742 lienique
891 3670 959 3728 huic
982 3687 1072 3744 expo·
1126 3668 1198 3742 cipit
1212 3669 1314 3726 audire
1328 3683 1504 3736 sermonem,
1529 3673 1558 3724 et
1577 3669 1613 3724 ad
1638 3673 1840 3742 preceptorem
1852 3661 1918 3724 vait

251 3749 349 3809 sitioni
369 3753 457 3810 etiam
488 3761 642 3829 sequentes
664 3755 799 3814 versiculi
823 3761 1009 3816 concordant.
1025 3760 1073 3817 Ait
1125 3757 1156 3814 in
1171 3756 1368 3830 principioesi
1383 3774 1390 3824 ;
1407 3756 1459 3829 qui
1478 3773 1545 3813 vero
1560 3761 1693 3814 extrema
1706 3757 1796 3824 audit,
1810 3765 1918 3811 consuu-

250 3839 348 3896 enim:
1127 3850 1226 3903 matus
1240 3850 1284 3902 est
1302 3849 1390 3918 atquc
1405 3845 1561 3918 perlectus.
1577 3846 1633 3902 Sed
1649 3852 1680 3903 et
1695 3846 1750 3903 boc
1765 3844 1843 3902 modo
1855 3835 1918 3896 iutel-

287 3928 1073 4010 «Meliosestaudirecorreptionemsapientis,super
1126 3935 1178 4008 ligi
1206 3935 1334 4007 potest:
1366 3935 1442 3990 Dum
1467 3935 1497 3990 iu
1526 3935 1582 3990 isto
1608 3934 1717 3992 saeculo
1744 3923 1918 4002 sumus,un

249 4015 346 4072 virum
370 4018 538 4076 audientem
565 4039 682 4079 carmen
705 4024 873 4082 stultorum.
901 4026 974 4092 Quia
997 4026 1073 4083 sicut
1127 4023 1248 4092 scimus,
1265 4039 1352 4080 omne
1372 4023 1548 4096 principium
1564 4027 1629 4092 est;
1646 4040 1716 4081 cum
1731 4011 1920 4081 autemveoeril

249 4121 303 4161 vox
318 4105 470 4178 spinarum
485 4110 540 4166 sub
555 4109 622 4181 olla,
640 4113 682 4170 sic
697 4114 774 4170 risus
794 4116 887 4171 stulti.
905 4116 960 4172 Sed
976 4120 1004 4172 et
1018 4115 1073 4172 hoc
1127 4113 1204 4185 quod
1227 4113 1388 4184 perlectum
1411 4118 1465 4180 cst,
1493 4112 1663 4170 novissimis
1687 4119 1716 4172 et
1741 4101 1920 4196 consummetis¹

249 4194 373 4252 vanitas.
399 4219 413 4248 ο
440 4197 543 4256 Melius
578 4200 657 4258 enim
680 4208 766 4260 esta
794 4205 925 4277 sapiente
954 4203 1072 4276 corripi,
1126 4201 1249 4259 erimus.
1270 4201 1409 4258 ltebraeus
1433 4201 1475 4256 ita
1499 4201 1578 4258 hunc
1599 4201 1699 4258 locum
1723 4217 1790 4260 cum
1815 4195 1921 4268 sequano

286 4373 392 4430 ¹ldem
407 4373 523 4443 sileain,
539 4393 606 4433 cum
622 4377 708 4435 editis
727 4383 794 4436 ante
819 4379 952 4435 Martian.
976 4379 1070 4436 libris.
1129 4379 1272 4436 haetenus
1299 4377 1434 4453 εὐγενείας
1463 4379 1544 4434 αὐτοῦ
1572 4379 1718 4453 legerunt,
1748 4379 1840 4436 Greca
1856 4369 1921 4452 verbo

251 4445 322 4512 Quia
345 4445 386 4500 ibi
413 4447 599 4504 reeor·dotiorve
624 4450 788 4506 conditionis
817 4459 924 4517 nostra,
954 4456 1021 4520 eto.;
1045 4455 1073 4508 et
1128 4439 1921 4524 exHieronyrnianismss.,sedexpervulgatasiuldi

251 4529 327 4581 mox,
343 4515 374 4570 lo
388 4520 522 4574 conviviis
535 4523 636 4586 uatem,
653 4521 678 4576 et
693 4521 803 4577 iaetitio.
1129 4521 1256 4578 editione
1269 4523 1459 4594 expressisse.
1476 4521 1588 4579 Scilicet
1608 4539 1682 4580 mss.
1699 4519 1825 4587 adtollas,
1839 4527 1919 4588 quen·

264 4615 320 4668 ῥ-
335 4586 405 4667 Quia
420 4587 459 4642 idi
479 4589 640 4646 eonrir'iiooss
661 4600 773 4648 nostrae
797 4593 948 4664 Superllue
963 4593 992 4648 in
1009 4592 1069 4648 edi·
1086 4577 1110 4643 D
1126 4593 1287 4650 admodum
1303 4594 1437 4659 eruendo,
1453 4594 1619 4666 praeerunt,
1643 4598 1672 4650 et
1687 4594 1712 4651 si
1737 4591 1785 4664 qui
1809 4583 1921 4646 mendoso

250 4662 289 4713 tre
303 4655 431 4726 additur,
448 4661 514 4732 quio
527 4661 581 4716 iiii
594 4663 804 4728 recordatione,
820 4669 875 4720 etc.
894 4665 1035 4721 Msnrrnu.
1129 4664 1292 4720 scribarum
1313 4664 1468 4722 oscitantia
1481 4665 1545 4721 Tin
1560 4667 1781 4730 scommatant,
1792 4660 1921 4733 legantque

283 4727 441 4784 'Vatican
474 4733 626 4788 iustitiam
649 4733 745 4800 tvetvi,
770 4735 818 4791 sed
840 4737 987 4807 festivitati
1007 4752 1072 4793 eoa·
1129 4732 1253 4808 εὐγονίας
1279 4735 1323 4791 νοί
1353 4735 1488 4810 ἑκγονίας,
1522 4737 1586 4809 ipso
1614 4738 1679 4808 ejvs
1709 4731 1919 4792 litterularum·

189 4805 191 4812 '
249 4799 354 4855 nivium
362 4801 539 4873 praetulisset.
1129 4805 1202 4862 lesio
1221 4805 1304 4870 vitio,
1319 4807 1452 4880 reposita
1469 4806 1584 4864 lectioni
1599 4808 1804 4880 suffragantur.
1824 4801 1919 4858 tarro

284 4871 382 4927 ³Cum
411 4872 516 4930 iisdem
545 4872 672 4946 vulgatis
698 4875 824 4942 alcuin,
841 4880 923 4934 nisos
951 4879 1073 4934 dissolvit
1127 4880 1259 4950 etpeues
1276 4877 1624 4952 LXXreponendumpro
1644 4877 1672 4932 εὐ
1694 4865 1919 4937 avelaaconlende·

248 4944 409 5014 sapientem.
426 4946 512 5016 Tum,
528 4947 575 5001 ire
589 4948 711 5018 eorrupit
725 4953 750 5004 et
770 4949 894 5005 emendat
905 4954 1070 5020 percuntem.
1128 4947 1194 5017 rim,
1211 4965 1279 5004 nam
1295 4955 1323 5005 et
1339 4949 1368 5004 iu
1384 4949 1510 5006 editione
1530 4950 1661 5006 Romana
1706 4945 1838 5005 taminiae
1849 4940 1919 5020 adut·

249 5016 404 5070 lraseomor
417 5022 443 5072 el
457 5017 545 5085 nobis,
560 5019 627 5090 poio
637 5021 818 5090 peccavimus,
840 5023 994 5076 irascamur
1007 5021 1073 5076 otiis
1126 5023 1246 5089 laverat,
1263 5021 1304 5076 ito
1317 5021 1347 5076 in
1364 5020 1515 5078 nonnullis
1536 5022 1686 5078 codicibus
1709 5017 1812 5076 Grecis
1832 5014 1890 5090 lep,
1900 5009 1920 5058 ti

248 5101 355 5169 qvoqve
379 5089 556 5158 preeuntibus
584 5088 620 5144 od
644 5091 861 5148 emendationem
889 5095 944 5159 soi,
968 5108 1023 5148 ooo
1037 5090 1073 5147 od
1127 5091 1206 5162 quod
1220 5091 1350 5174 palmare
1365 5095 1570 5166 argumentum
1586 5097 1631 5149 est
1645 5087 1918 5172 Hieronymiaoedll'

248 5157 383 5212 ultionem
397 5162 494 5214 matri.
1126 5163 1205 5220 vocis
1220 5165 1434 5237 nuterpretatio,
1449 5164 1478 5220 id
1494 5168 1548 5233 est,
1579 5163 1817 5228 artitudinis,s1ve
1829 5161 1918 5225 viperei.

284 5229 399 5283 —liiovs
413 5231 535 5286 dissolvit
556 5231 701 5288 ridentem.
731 5232 832 5290 Plures
852 5250 925 5292 mss.
949 5234 1074 5290 dissolvit
1127 5234 1200 5290 eatis
1216 5235 1288 5292 bene
1305 5233 1435 5304 εὐτονίας,
1452 5237 1591 5292 vocabuo
1613 5234 1768 5307 respondet
1785 5226 1854 5302 quod
1866 5225 1918 5278 sire·

250 5296 401 5378 ridentem
418 5302 489 5372 quia
503 5301 587 5359 facile
602 5308 717 5360 mutant
731 5305 867 5361 ridentem
881 5307 911 5360 iu
926 5305 1071 5362 videntem.
1126 5307 1233 5375 onitas,
1250 5307 1365 5378 impetos
1381 5307 1470 5379 viper,
1486 5311 1515 5363 at
1538 5323 1573 5364 ue
1587 5305 1635 5362 his
1655 5305 1753 5361 simila
1773 5301 1841 5356 inter
1859 5295 1918 5348 reta·

249 5367 326 5423 lldru
346 5366 448 5441 legunt
461 5375 623 5453 sapientem.
642 5375 783 5432 Marmara.
1127 5381 1195 5444 tur;
1212 5377 1333 5434 minime
1347 5394 1414 5434 vero
1430 5323 1576 5452 ἱῦγῑνεῖας,
1593 5377 1670 5450 quod
1694 5373 1797 5445 lim
1808 5385 1843 5452 ,³2²
1872 5359 1919 5444 ,ἂψ

273 5438 294 5521 Ι*
308 5439 408 5496 Denuo
427 5442 580 5510 silcamus,
595 5448 623 5500 ot
646 5446 759 5516 pridem
785 5446 893 5520 vulgati
920 5446 997 5516 libri,
1014 5448 1073 5506 Noa
1127 5464 1196 5514 rem,
1236 5449 1296 5505 sive
1333 5450 1505 5507 nobilitatem
1540 5453 1634 5514 sonti.
1662 5447 1755 5514 AddO.
1785 5443 1916 5519 V¹⁰iif¹um

248 5510 322 5566 dives
337 5511 372 5594 io.
382 5527 471 5583 opere.
1127 5518 1190 5575 loco
1205 5519 1295 5591 perdit
1314 5520 1409 5594 legere
1422 5522 1535 5594 prodit:
1562 5520 1635 5578 mihi
1648 5518 1741 5592 perdet
1754 5512 1856 5588 proban
1868 5517 1916 5560 ¹1¹⁸·

283 5580 415 5650 ivano,
431 5583 469 5637 ld
484 5585 581 5655 culpus
593 5587 697 5642 seeevli.
1127 5589 1182 5664 gis.
1830 5601 1833 5606 “

283 5653 294 5688 ⁶
309 5652 373 5710 Nou
388 5654 525 5711 videntur
538 5658 650 5713 veteres
666 5663 854 5733 recentesque
869 5663 1006 5731 editores,
1022 5662 1072 5736 qui
