4064 6158
125 287 177 372 ni
626 305 823 373 annosus
845 305 1002 371 course
1026 301 1323 371 nooirneiinus.
1764 259 1821 368 iri

122 443 242 516 accipiat
255 441 400 516 Spiritum
415 447 562 512 sanctum,
573 459 662 516 quem
676 461 729 500 nos
740 442 901 500 asserimus
913 442 944 498 in
958 444 986 510 Α
1001 441 1129 510 sederis,
1146 444 1172 496 et
1188 441 1266 497 nuda
1291 459 1307 496 a
1335 440 1456 513 spiculis
1484 440 1571 496 dorsa
1598 456 1656 495 nou
1680 437 1819 512 protegis,

121 550 182 590 vero
198 533 379 607 baptismate
393 533 494 604 tribui,
512 532 592 592 disce
611 533 688 590 hauc
712 533 944 590 observationem
999 531 1067 586 Esto
1083 530 1192 603 quippe
1208 531 1285 602 apud
1297 530 1420 586 Arianos
1436 545 1472 584 ne
1487 528 1634 600 baptisma
1656 528 1734 584 18⁸
1755 526 1820 599 qui·

121 640 150 679 ex
164 639 202 678 sa
216 622 389 680 auctoritate
404 622 591 688 descendere,
608 622 685 696 quod
702 627 768 692 post
789 637 944 678 ascensum
999 619 1275 690 demesse,etideo
1297 618 1436 691 Spiritum
1463 621 1598 673 sanctum
1629 617 1664 673 ab
1693 617 1736 672 eis
1763 633 1820 672 non

120 711 240 767 Domini
253 710 379 783 Spiritus
395 717 516 767 sauctus
531 712 569 768 ad
583 711 732 784 apostolos
747 710 945 767 descenditllt
999 724 1085 780 posse
1100 708 1175 775 deci,
1191 707 1260 780 quia
1271 709 1396 764 necdum
1413 707 1616 764 remissionem
1636 709 1821 779 peccatorum

121 798 226 855 multis
240 799 269 854 in
284 798 356 855 locis
370 798 450 858 idem
466 800 632 856 factitatum
648 799 823 871 reperimus,
840 799 877 853 ad
890 797 944 853 ho·
999 798 1291 870 acceperint;totum
1312 796 1367 852 boc
1391 796 1516 852 victorias
1544 813 1614 852 more
1641 793 1766 868 prolicit,
1795 796 1823 848 et

119 903 223 944 norem
237 889 334 960 potius
350 889 636 961 sacerdotii¹quam
648 889 684 944 ad
700 886 794 961 legem
816 885 945 942 necessi·
1000 889 1241 959 argumentorum
1275 891 1393 941 tuorum
1429 884 1572 958 palestra,
1603 883 1676 939 mihi
1705 881 1822 956 palmari

118 975 322 1050 tatisAlioqui
336 977 361 1032 si
377 977 414 1032 ad
428 977 559 1051 episcopi
573 981 689 1033 tanturn
704 974 943 1049 imprecationem
998 975 1124 1030 victoriae
1140 975 1237 1030 sudat.
1256 973 1384 1030 brianus
1411 973 1558 1046 baptisma
1581 990 1638 1028 non
1667 971 1756 1028 habet
1771 988 1779 1037 3
1795 974 1825 1025 et

116 1066 242 1139 Spiritus
257 1071 382 1122 sanctus
397 1066 510 1134 defluit,
528 1066 642 1139 legendi
659 1069 728 1122 sunt
744 1065 839 1136 quiin
858 1064 943 1119 villu·
999 1065 1146 1136 quomodo
1160 1063 1356 1119 sacerdotium
1373 1063 1484 1118 habet‘l
1500 1061 1600 1118 laicus
1611 1061 1689 1134 apud
1704 1076 1754 1116 cos
1765 1075 1821 1114 non

116 1153 146 1210 lis
161 1156 184 1226 ¹,
200 1157 256 1210 aut
270 1153 303 1209 in
317 1152 459 1221 castellis,
475 1153 569 1211 autin
585 1151 792 1210 remotioribus
806 1150 879 1207 locis
894 1167 943 1222 per
999 1157 1054 1220 est,
1071 1158 1100 1208 et
1115 1154 1263 1225 quomodo
1276 1152 1431 1226 episcopus
1447 1168 1511 1208 esse
1526 1150 1648 1222 potest?
1663 1147 1733 1204 Mihi
1751 1147 1822 1203 reci-

116 1243 305 1316 piesbyteros
320 1247 350 1298 et
364 1242 504 1298 diaeonus
519 1240 656 1314 baptizati
672 1245 740 1296 unte
761 1240 946 1296 dormierunt
1000 1257 1067 1316 pere
1082 1241 1250 1297 mendicum
1266 1257 1324 1297 non
1349 1241 1426 1308 licet,
1442 1245 1475 1296 tu
1491 1239 1595 1312 repris
1623 1253 1720 1311 regem
1736 1237 1750 1292 ‘l
1765 1235 1823 1290 Vos

116 1347 201 1404 quam
224 1332 264 1386 ab
289 1331 436 1404 episcopis
465 1331 673 1386 inviserentur.
704 1329 780 1386 182
808 1328 941 1385 Ecclesia
999 1329 1331 1398 hosticastratraditis;
1348 1333 1405 1384 ota
1422 1329 1511 1385 nobis·
1531 1329 1652 1400 perfuga
1677 1326 1730 1396 [Al.
1756 1340 1822 1396 pro·

118 1421 197 1476 salus
208 1419 240 1475 in
251 1420 367 1475 summi
380 1419 539 1476 sacerdotis
554 1419 696 1493 dignitate
710 1418 818 1490 pendet
831 1417 842 1451 ³
856 1416 903 1472 cui
919 1417 944 1472 si
1001 1418 1081 1490 luga]
1097 1417 1275 1488 rejiciendus
1290 1422 1343 1474 est.
1824 1413 1826 1416 ’

118 1526 170 1565 non
187 1524 295 1565 exsors
310 1511 321 1542 ⁸
335 1509 471 1580 quedam
487 1508 566 1565 stab
586 1506 727 1563 omnibus
747 1506 880 1563 eminens
896 1505 945 1562 de·
1037 1507 1079 1563 ll.
1097 1507 1127 1562 0.
1145 1506 1173 1563 Si
1195 1507 1326 1578 priorum
1353 1507 1550 1575 meminisses,
1563 1507 1627 1578 jam
1651 1502 1741 1562 scires
1769 1502 1823 1558 tibi

115 1603 159 1654 tor
171 1603 323 1671 potestas,
338 1601 382 1653 tot
402 1597 431 1652 iu
447 1595 584 1654 Ecclesiis
599 1595 763 1653 efficientur
786 1594 947 1650 schismate
1001 1594 1091 1651 luisse
1106 1611 1301 1668 responsum:
1318 1597 1368 1652 sed
1385 1597 1456 1651 dum
1468 1611 1597 1652 amorem
1606 1591 1823 1651 contradicendi

116 1692 182 1760 quot
203 1687 389 1743 sacerdotes.
407 1685 477 1741 lude
500 1684 579 1741 venit
601 1689 634 1741 ut
653 1686 716 1740 sine
741 1683 895 1740 chrismate
917 1687 947 1739 et
1001 1683 1143 1756 sequeris,
1174 1701 1191 1740 a
1220 1683 1416 1757 quaestionum
1445 1684 1530 1742 lineis
1559 1683 1673 1740 ecidisti
1703 1701 1709 1740 :
1744 1696 1825 1738 more

115 1774 403 1849 episcopijussione,
419 1790 515 1846 neque
525 1773 686 1848 presbyter,
696 1789 790 1845 neque
805 1773 946 1829 diaconus
964 1813 988 1880 B
1003 1773 1199 1844 quorumdam
1215 1771 1382 1845 loquacium
1397 1771 1496 1846 potius
1511 1789 1600 1845 quam
1614 1771 1822 1836 iucundorum,

110 1865 159 1935 jus
175 1863 312 1919 babeant
327 1861 509 1936 baptizandi.
526 1860 607 1925 Quod
623 1861 800 1932 frequenter,
815 1859 839 1915 si
850 1863 948 1914 tamen
1004 1861 1054 1934 qui
1070 1879 1135 1917 cum
1153 1861 1303 1934 disputare
1328 1863 1471 1931 nesciant,
1497 1866 1597 1918 tamen
1623 1861 1738 1933 litigare
1766 1875 1825 1915 uon

114 1951 280 2009 necessitas
302 1949 392 2024 cogit,
417 1950 530 2006 scimus
558 1949 647 2006 etiam
674 1949 761 2005 licere
790 1948 882 2005 laicis.
913 1947 949 2003 Ut
1004 1949 1151 2005 desinunt.
1170 1950 1512 2022 Egoenimnontemin
1540 1949 1676 2023 presenti
1706 1948 1826 2004 Arianos

115 2041 199 2097 enim
216 2039 321 2112 accipit
331 2039 412 2112 quis,
427 2038 469 2094 ita
496 2043 525 2094 et
547 2039 617 2095 dure
640 2041 763 2111 potest3
790 2038 848 2092 nisi
876 2036 948 2092 sorte
1002 2037 1047 2095 vel
1061 2038 1205 2111 improbo,
1222 2039 1266 2094 vel
1281 2039 1416 2110 delendo,
1433 2056 1521 2111 quam
1537 2039 1618 2096 illam
1641 2054 1746 2095 cursus
1769 2035 1827 2093 mei

115 2128 278 2186 eunuchus
291 2145 308 2184 a
321 2126 458 2200 Philippo
473 2127 595 2183 diacono
610 2127 787 2200 baptizatus,
804 2127 868 2182 sine
886 2125 948 2198 Spi-
1004 2133 1113 2184 metam
1128 2127 1390 2194 circumeo,eadem
1407 2127 1519 2184 rationo
1533 2127 1645 2184 euobis
1655 2127 1826 2199 episcopum

112 2217 171 2274 ritu
189 2215 577 2273 sanctoluissecredendus
591 2218 647 2284 est,
670 2215 706 2272 de
722 2231 779 2287 quo
798 2214 950 2286 Scriptura
1004 2215 1103 2289 recipi,
1134 2233 1192 2288 qua
1214 2215 1307 2272 laicus
1333 2233 1351 2272 a
1377 2216 1460 2272 vobis
1488 2216 1636 2289 recipitur.
1664 2215 1693 2270 Si
1719 2214 1827 2271 erranti

116 2309 156 2363 ite
181 2305 341 2380 loquitur:
362 2305 396 2361 Et
420 2303 615 2362 descenderunt
639 2306 718 2361 ambe
733 2306 763 2360 in
787 2320 910 2376 aquam:
924 2311 951 2359 et
1004 2304 1140 2362 concedis
1155 2305 1322 2373 veniam,et
1336 2320 1388 2378 ago
1410 2304 1529 2377 ignosco
1558 2303 1768 2376 paenitenti&
1796 2303 1826 2358 in

116 2391 514 2470 baptisaviteuml'bilippus
542 2393 611 2465 (Act.
640 2410 703 2462 vni,
734 2393 789 2464 38).
820 2393 856 2448 ut
881 2407 949 2448 cum
1005 2393 1356 2466 fidesuabaptizntomt.
1383 2393 1576 2465 baptizatum)
1599 2393 1752 2466 baptizans
1775 2409 1828 2448 no·

115 2485 315 2542 abscederent
331 2483 367 2539 ab
376 2499 473 2556 aqua:
491 2483 610 2555 Spiritus
624 2486 736 2538 euectus
751 2481 825 2537 veni!
847 2482 876 2536 in
900 2497 950 2537 eu·
1005 2499 1068 2540 cere
1084 2499 1141 2538 non
1157 2483 1262 2555 potuit,
1276 2487 1305 2538 et
1318 2483 1348 2538 in
1366 2482 1422 2538 side
1437 2501 1491 2539 sna
1514 2483 1693 2539 sacerdotem
1719 2484 1827 2539 consti·

115 2577 235 2630 umam
246 2571 415 2644 (istaes).
431 2573 460 2628 Si
475 2577 572 2629 autem
586 2570 658 2627 illud
674 2570 872 2642 objiciendum
894 2587 950 2642 pu·
1005 2577 1101 2628 tutum
1130 2571 1313 2628 constituens
1342 2589 1399 2628 non
1426 2571 1601 2644 inquinavit.
1630 2572 1751 2630 Subtilis
1784 2579 1829 2632 est

113 2667 169 2732 tas,
185 2662 274 2736 quia,
293 2661 364 2717 Cum
379 2660 520 2717 audissent
534 2661 650 2733 apostoli
673 2660 721 2732 qui
740 2665 821 2716 crant
849 2661 951 2715 Hiero·
1004 2660 1135 2728 heresis,
1149 2665 1178 2717 et
1188 2661 1252 2717 ideo
1264 2660 1413 2733 simplices
1424 2662 1527 2717 anime
1538 2661 1622 2718 facile
1631 2662 1828 2735 decipiuntur.

115 2747 720 2824 alyrumqaiarecepesmarnvertum
734 2748 792 2818 Dei,
815 2749 951 2803 miseruut
1005 2750 1203 2824 Decepiotam
1221 2749 1288 2808 laici
1305 2767 1393 2823 quam
1419 2751 1549 2824 episcopi
1577 2753 1743 2808 communis
1772 2759 1828 2810 est.

114 2842 206 2898 edem
226 2846 348 2897 Petrum
367 2847 395 2894 et
421 2839 563 2906 ioannes,
589 2839 638 2909 qui
664 2853 727 2892 cum
752 2839 888 2893 vertissent
916 2835 951 2892 ud
1006 2843 1043 2894 At
1056 2840 1211 2911 episcopus
1226 2855 1322 2896 errare
1337 2856 1394 2896 non
1409 2839 1512 2912 potuit.
1530 2845 1637 2896 Revera
1650 2843 1686 2898 de
1701 2841 1829 2898 Platonis

115 2933 407 3001 eos,oravmntpro
428 2929 478 2994 cis,
497 2935 528 2983 ut
550 2928 704 2999 compererit
726 2925 861 2998 Spiritum
882 2943 950 2980 soa·
1006 2931 1034 2984 et
1049 2928 1252 3001 Aristophanis
1278 2928 1344 2984 sinu
1374 2929 1404 2984 in
1432 2929 1633 3001 episcopatum
1662 2929 1829 3003 alleguntur

114 3024 202 3087 dam,
214 3017 343 3074 nondum
356 3019 431 3072 enim
451 3016 584 3072 ceciderat
610 3033 693 3089 super
719 3016 809 3072 ultum
838 3016 951 3072 illorum
1006 3019 1061 3090 (At.
1078 3017 1248 3091 eliguntur).
1266 3019 1378 3083 Quotus
1394 3018 1471 3073 enin.
1488 3018 1613 3091 quisque
1630 3023 1684 3086 est,
1702 3020 1752 3092 qni
1769 3038 1828 3077 non

115 3109 198 3178 libid.
213 3107 319 3178 lli-iti).
337 3105 396 3162 Cur
416 3106 458 3162 ita
482 3106 591 3162 factum
615 3105 668 3172 sit,
694 3105 723 3160 in
746 3103 951 3178 consequenti·
1006 3107 1139 3180 apprime
1155 3107 1184 3162 in
1200 3107 1246 3164 liis
1262 3106 1394 3163 eruditus
1411 3107 1449 3162 sit
1464 3107 1478 3162 ‘l
1494 3109 1620 3181 Denique
1635 3125 1669 3164 cx
1694 3108 1829 3167 litteratis

116 3199 176 3253 bus
207 3195 302 3252 disce.
334 3196 398 3268 lpse
424 3194 503 3250 enirn
541 3193 669 3250 ait:Sed
693 3193 783 3250 solum
820 3181 989 3266 baptismii}
1009 3196 1177 3269 quicunque
1192 3195 1277 3252 hodie
1293 3195 1476 3268 ordinantur,
1493 3195 1522 3252 id
1537 3197 1648 3254 habent
1673 3217 1760 3269 curs,
1777 3220 1834 3264 non

116 3294 204 3342 aaut
220 3287 252 3340 ia
263 3285 377 3341 nomine
388 3284 500 3340 Domini
512 3285 586 3339 lesa.
616 3285 688 3340 Tunc
714 3284 889 3356 imponebant
915 3285 950 3339 il·
1006 3285 1154 3357 quomodo
1193 3285 1408 3357 Scripturarum
1445 3286 1590 3344 medullas
1618 3289 1747 3360 ebibent,
1775 3298 1827 3353 sed

121 3375 159 3430 lis
174 3377 333 3442 mennaei
359 3371 532 3445 accipiebant
557 3371 693 3444 Spiritum
720 3376 844 3427 sanctam
871 3371 950 3444 (ibid.
1007 3375 1154 3447 quomodo
1184 3391 1270 3431 aures
1299 3375 1399 3448 populi
1428 3375 1658 3435 declamatorum
1695 3383 1828 3442 llosculis

120 3465 173 3532 ts,
192 3464 252 3530 Ul·
265 3461 398 3518 llocloco
412 3460 437 3516 si
453 3464 481 3517 et
495 3465 526 3516 tu
551 3459 689 3518 similiter
711 3465 739 3517 te
756 3462 849 3518 lacere
868 3461 952 3528 diois,
1010 3461 1165 3519 mulceant.
1182 3464 1300 3520 Accedit
1315 3464 1351 3520 nd
1375 3464 1441 3535 hoc,
1470 3465 1547 3537 quod
1576 3468 1683 3525 Ariana
1710 3471 1830 3531 liuresis

120 3550 206 3626 quia
220 3549 343 3606 baeretici
356 3566 414 3606 uun
431 3549 652 3622 baptizaverunt
665 3549 694 3605 in
711 3550 820 3622 Spiritu
841 3553 953 3617 sancto,
1009 3551 1103 3626 magis
1118 3569 1185 3608 cum
1201 3553 1346 3626 sapientia
1360 3554 1458 3609 sacculi
1475 3553 1553 3624 lacit,
1583 3559 1612 3612 et
1639 3567 1828 3632 argumenta.

118 3640 216 3698 scias
231 3635 389 3712 Philippum
405 3638 441 3694 ab
457 3638 598 3711 apostolis
623 3656 680 3694 non
700 3639 792 3695 inisse
815 3639 954 3707 divisum,
1009 3641 1121 3697 tionum
1149 3641 1225 3698 rivos
1254 3642 1290 3696 de
1317 3641 1482 3698 Aristotelis
1506 3643 1636 3702 lontibus
1667 3654 1832 3719 mutuatur,

117 3725 418 3786 eamdembabuisse
438 3726 608 3799 Ecclesiam,
637 3728 773 3784 eumdem
797 3727 955 3784 Dominum
1011 3730 1104 3804 Igitur
1118 3729 1303 3802 parvulorum
1320 3730 1397 3786 inter
1411 3747 1442 3786 se
1456 3731 1631 3789 certantium
1648 3735 1716 3808 ritu,
1745 3738 1834 3812 quid·

116 3823 235 3877 «iesum
244 3815 392 3873 Christum
408 3816 581 3890 predicasse
593 3835 600 3873 :
612 3817 769 3874 diaconum
780 3816 956 3873 eerteluisse
1011 3818 1081 3891 quid
1098 3818 1216 3887 dixeris,
1233 3818 1344 3875 dicam:
1366 3817 1540 3890 nllirmabis,
1556 3824 1728 3884 affirmabo:
1746 3844 1835 3902 nega-

117 3923 246 3974 eorum,
261 3906 311 3979 qui
327 3910 429 3979 postea
450 3922 557 3962 manus
582 3905 796 3980 imposuerunt.
822 3907 866 3961 Tu
889 3922 956 3962 vero
1010 3908 1057 3965 bis
1073 3908 1195 3980 negabo,
1211 3907 1337 3963 Arianos
1352 3907 1491 3982 baptizat,
1507 3927 1575 3984 ergo
1590 3913 1746 3988 episcopus
1770 3923 1832 3975 est:

119 4013 198 4055 cum
215 3996 295 4070 apud
310 3994 434 4052 Anonos
449 4011 508 4052 non
523 3994 682 4052 Ecclesiam
700 3996 782 4051 dieas
805 4011 879 4065 esse,
906 3995 956 4051 sed
1012 4014 1069 4054 nou
1085 3996 1224 4067 baptizat,
1239 3999 1271 4052 tu
1288 3996 1382 4052 reluta
1397 3995 1515 4068 laicum,
1532 4005 1561 4056 et
1575 4018 1628 4074 ego
1653 4021 1710 4060 non
1727 4007 1835 4079 recipio

120 4101 335 4160 magogam
352 4083 541 4142 conclericos
559 4083 619 4154 Dei,
636 4084 686 4140 sed
703 4088 843 4140 creature
854 4084 959 4140 etido·
1012 4084 1203 4143 sacerdotem.
1218 4085 1330 4158 Sequar
1345 4089 1372 4141 te
1387 4103 1562 4160 quocunque
1577 4089 1656 4159 ieris,
1678 4099 1730 4149 aut
1754 4095 1835 4166 peri·

119 4175 229 4231 lorum
243 4171 384 4242 cultores,
399 4173 544 4246 quomodo
558 4172 588 4228 iu
604 4172 713 4245 dispari
725 4189 814 4229 causa
824 4173 957 4230 eamdem
1012 4181 1057 4232 ter
1071 4175 1101 4231 in
1116 4173 1178 4230 luto
1198 4173 1413 4242 haesitabimus,
1434 4180 1484 4232 aut
1506 4173 1623 4248 pariter
1636 4181 1833 4244 expediemur.

123 4261 244 4321 aseris
260 4261 407 4318 rationem
423 4267 453 4318 ta
464 4265 572 4319 tenere.
1053 4267 1092 4321 12.
1107 4263 1242 4322 Solemnis
1257 4265 1433 4337 interrogatio
1452 4267 1483 4321 ia
1499 4267 1641 4338 baptismo.
1667 4301 1701 4310 —
1724 4273 1755 4327 L.
1779 4271 1835 4328 Sed

162 4353 214 4408 ltt.
230 4353 262 4407 1..
275 4347 414 4406 Valenter
440 4349 602 4424 quidemst
629 4351 685 4406 tlxo
711 4351 803 4424 gradu
832 4367 879 4408 me
906 4349 959 4407 tibi
1014 4354 1088 4411 laico
1103 4353 1168 4409 ideo
1183 4352 1395 4426 ignoscendum
1416 4355 1653 4430 est,184quia
1675 4358 1837 4416 Ecclesiam

123 4438 286 4500 infaciem
308 4438 497 4496 dimicantem
525 4437 724 4513 repellis;sed
753 4444 819 4512 post
845 4443 958 4514 tergum
1014 4443 1064 4500 llei
1092 4441 1387 4515 putans,eimpliciter
1424 4444 1555 4513 accessit,
1585 4451 1614 4503 ct
1637 4447 1723 4520 juxta
1748 4449 1837 4507 sidem

974 4552 998 4618 D

165 4639 174 4673 ¹
190 4636 251 4694 Jus
265 4635 460 4708 consignandi
480 4636 656 4710 presbyteris
680 4653 738 4694 non
765 4637 889 4695 obscure
916 4655 963 4695 as·
1019 4636 1200 4695 solisdeberi
1215 4637 1370 4712 episcopis,
1387 4642 1420 4695 ut
1433 4639 1477 4696 vel
1494 4640 1676 4716 consignent,
1692 4643 1734 4700 vel
1755 4659 1839 4715 para·

129 4707 668 4782 serit,qnietiamusumaliquando
712 4710 822 4765 ermitti
851 4711 879 4766 in
909 4711 966 4783 epi·
1020 4709 1126 4766 oletum
1141 4708 1281 4782 Spiritum
1307 4711 1433 4778 tradant,
1457 4728 1514 4766 non
1539 4715 1635 4769 solum
1661 4714 1841 4770 consuetudo

130 4780 217 4837 stela
232 4779 270 4836 ad
288 4778 478 4861 Evangelium
493 4779 632 4837 iudicavit
645 4796 652 4836 :
665 4803 678 4830 ι(
692 4726 768 4844 ιὸιιῑά
789 4781 869 4837 enim
885 4782 964 4851 lucit,
1020 4779 1201 4838 ecclesiatica
1215 4781 1408 4848 demonstrat,
1423 4798 1524 4838 verum
1541 4788 1570 4839 ot
1593 4783 1644 4838 illu
1672 4783 1756 4839 lectio
1784 4785 1841 4840 Ac-

130 4869 206 4908 exee
231 4857 267 4932 ta·
291 4850 484 4921 ordinatione,
513 4851 668 4925 episcopus
706 4853 784 4923 quod
815 4854 967 4925 presbyter
1020 4851 1548 4924 tuum'apostolorum.»eto.Conter
1568 4855 1597 4909 S.
1623 4854 1742 4928 Gregor.
1765 4855 1841 4911 Mu.

128 4941 194 4982 uon
223 4921 360 4978 aciatis
376 4921 412 4978 lii
424 4922 454 4978 in
468 4921 854 4980 Commentariisnmbrosii
871 4925 966 4980 nomi·
1021 4926 1041 4980 l.
1059 4940 1097 4993 iv,
1113 4939 1160 4996 ep.
1182 4922 1216 4978 ad
1246 4922 1366 4980 Januar.
1385 4923 1620 4982 :Toletconcil
1652 4926 1673 4992 l,
1701 4943 1766 4983 can.
1797 4871 1844 4996 ig,

130 5013 171 5052 ne
187 4993 320 5068 wigstis
336 4993 366 5049 iu
382 4994 488 5068 Spbes.
505 5011 534 5050 iv
548 5011 555 5050 :
569 5018 584 5046 a
606 4995 691 5067 Apud
721 4998 877 5068 AEgyptum
903 5011 966 5066 pre·
1020 4995 1190 5052 Arausioun.
1206 4993 1295 5050 fidem
1311 4995 1338 5061 l,
1354 5011 1418 5050 can.
1436 4994 1478 5048 ll.

131 5069 250 5140 sbqteri
268 5063 456 5140 consignant,
471 5067 496 5122 si
512 5082 641 5139 praesens
656 5082 712 5121 uon
729 5067 767 5122 sit
781 5067 966 5140 episcopus.»
1055 5067 1067 5100 ¹
1082 5065 1166 5123 Falso
1197 5065 1392 5132 Martianoeus,
1408 5066 1438 5120 in
1456 5065 1564 5121 tecleiis
1578 5083 1630 5140 pro
1648 5068 1768 5138 vitullis,
1794 5073 1845 5126 aut

132 5137 241 5196 Parias
258 5135 350 5192 babet
363 5143 448 5194 vetus
462 5142 564 5195 auctor
578 5137 779 5202 Quaestionum
795 5153 829 5193 ox
843 5143 908 5194 utro
932 5153 967 5193 ue
1021 5139 1128 5194 cicutis.

131 5209 273 5292 Testem
290 5207 404 5265 mixtim
420 5210 498 5292 inter
510 5207 666 5281 Augustini
681 5225 769 5281 opere
786 5224 792 5262 :
810 5213 896 5281 utque
911 5155 967 5265 liic
1058 5208 1222 5282 ³1npressi
1235 5207 1357 5280 aliquot,
1372 5207 1507 5280 diqaitotc
1522 5225 1554 5266 ue
1576 5214 1756 5271 ueneratione
1778 5230 1845 5270 cen·

131 5295 213 5340 usus
225 5285 391 5338 etiamnum
413 5281 522 5338 dicitur
543 5281 620 5352 apud
641 5280 754 5336 Graecos
772 5281 910 5338 obtinere.
921 5281 967 5336 lu·
1021 5282 1103 5338 stetit.

134 5353 297 5410 nocentius
313 5356 410 5408 temen
426 5351 533 5409 celebri
548 5353 590 5408 ita
611 5351 647 5407 ad
673 5352 840 5408 ttccrntium
859 5353 966 5426 episto·
1059 5350 1136 5407 ‘Cui
1162 5353 1188 5407 si
1212 5367 1267 5407 rien
1296 5365 1385 5406 exors.
1417 5351 1490 5408 liss-
1514 5355 1629 5412 codices
1658 5356 1698 5414 ita
1726 5357 1845 5430 legunt:

136 5423 187 5482 la:
206 5447 221 5474 a
237 5423 281 5480 De
295 5423 508 5496 consignandis
526 5422 967 5481 veroinlantibusmanil'estum
1025 5445 1038 5472 «
1057 5421 1108 5478 Cui
1129 5425 1155 5478 si
1179 5439 1233 5479 nen
1258 5424 1315 5478 lac
1341 5439 1399 5479 sors
1427 5421 1553 5496 quedam
1577 5429 1603 5484 et
1629 5429 1664 5484 ab
1690 5428 1848 5484 bominibus

139 5495 235 5552 catab
250 5492 321 5560 alio,
337 5509 427 5568 quam
443 5495 580 5568 episcopo
604 5494 665 5548 lieri
687 5492 783 5552 licere.
805 5494 877 5551 Nam
903 5511 967 5568 pre·
1025 5495 1377 5572 minensdcturpetettus,
1396 5495 1548 5552 estosed
1572 5499 1686 5555 videtur
1711 5501 1768 5556 laec
1788 5513 1848 5555 sore

141 5565 253 5643 abpteii
268 5563 340 5623 licet
354 5569 476 5624 secundi
491 5568 567 5624 sieut
581 5563 758 5634 sacerdotes,
781 5569 969 5640 pontificatus
1024 5565 1154 5701 qusitum
1171 5583 1221 5640 pro
1236 5583 1326 5628 exors.
1344 5589 1358 5620 a
1375 5567 1452 5644 quod
1475 5569 1546 5628 satis
1562 5585 1619 5629 nou
1634 5569 1847 5644 intelligebant,

140 5645 241 5708 umen
256 5638 371 5724 spiceus
384 5653 443 5706 uon
455 5638 574 5708 babent.
590 5640 651 5697 tice
666 5640 764 5698 autem
784 5639 968 5720 pouttttciuui
1053 5654 1166 5706 escun.
