4072 6164
229 345 290 422 167

735 351 855 420 ranan
877 355 1016 422 66666
1038 353 1089 421 67
1110 353 1434 422 saurnarraauu.
1698 303 1701 310 ¹
1873 341 1922 420 761

229 487 260 543 61
271 484 348 543 66716
362 483 488 554 volucer,
513 485 644 559 quandiu
669 486 698 544 in
722 490 901 562 protundum
923 491 1053 562 ingradi-
1069 495 1095 559 A
1112 493 1216 547 trarias
1232 491 1394 546 sententias
1410 508 1460 563 per
1475 489 1576 546 odium
1591 483 1780 546 occasionum
1793 485 1924 546 Christia-

228 575 431 650 tur,iruotum
461 575 571 634 dealto
601 593 720 650 carpere
746 577 870 635 videtur.
901 581 936 634 Et
951 595 1053 635 omnes

229 665 294 738 ejus
309 665 469 736 sententiae,
487 667 554 722 fidei
569 666 712 738 Ecclesiae,
725 671 753 723 et
763 667 896 723 omnium
911 668 1052 724 virtutum

228 754 322 812 firmae
336 759 407 812 sunt
421 756 575 812 columna.

264 847 342 902 3114
357 845 416 901 Vll.
428 846 591 916 Dardanus,
603 845 712 902 multas
723 847 899 918 questiones
909 847 1051 921 arripiens

228 949 281 1007 per
296 933 404 990 mentis
420 935 569 1006 astutiam,
582 951 746 1007 nucemque
756 937 832 991 circa
842 935 978 992 nucleum
993 953 1051 992 666

228 1022 424 1097 confringens,
442 1023 535 1080 multa
549 1023 745 1096 impossibilia
760 1025 795 1081 de
806 1024 965 1096 scripturis
983 1043 1050 1082 cum

227 1112 335 1168 11716616
350 1111 489 1185 loquitur.

261 1199 336 1258 Vlll.
352 1199 472 1258 Paulino
487 1203 582 1258 visum
598 1207 642 1259 est
657 1203 830 1276 magistrum
846 1203 919 1272 ficri,
945 1209 972 1259 et
992 1220 1048 1259 non

227 1293 370 1346 aretenta
385 1290 557 1362 discipulus,
575 1297 604 1346 et
623 1291 750 1347 fructum
777 1291 840 1348 sine
869 1292 965 1347 radice
982 1293 1050 1348 oriri

226 1377 348 1451 fierique
376 1381 507 1436 tentavit.
537 1381 602 1436 ldoo
630 1382 694 1452 ejus
723 1381 953 1453 conscriptiones
981 1381 1050 1437 seri-

226 1472 309 1541 ptore
324 1472 352 1524 et
366 1468 467 1525 charta
481 1486 539 1525 non
550 1469 694 1542 indigent.

1109 581 1154 636 uis
1171 583 1321 652 proterens
1336 579 1510 652 6667666611,
1527 584 1555 637 61
1570 595 1617 636 me
1631 583 1813 652 (quanquam
1829 576 1858 633 in
1873 593 1925 634 om·

1107 669 1196 726 nibus
1224 669 1419 738 laboriosum)
1434 668 1552 725 assidue
1580 667 1794 742 quaestiouibus
1810 667 1925 723 infinitis

1107 759 1235 815 61461161
1249 763 1351 814 vexat.

1142 848 1187 904 lll.
1204 845 1716 920 7666667616116666146166666,
1743 847 1831 917 cujus
1850 845 1928 901 76611-

1106 937 1188 1008 glum
1204 953 1306 992 omnes
1322 935 1478 993 orientales
1494 936 1681 1007 autralesque
1698 934 1854 1008 diligenter
1868 953 1928 992 una·

1106 1025 1283 1098 nimiterque
1304 1026 1333 1082 in
1351 1024 1477 1081 Danielis
1495 1024 1730 1082 hebdomadibus
1746 1025 1925 1098 investigent,

1106 1113 1242 1170 universa
1256 1118 1423 1186 temporum
1440 1113 1536 1186 spatia
1550 1131 1618 1170 cum
1636 1112 1715 1170 omni
1733 1113 1840 1186 peritia
1855 1113 1926 1186 jugi·

1106 1217 1162 1272 quc
1178 1218 1312 1258 sermone
1323 1201 1493 1272 construxit,
1511 1207 1540 1258 et
1555 1201 1635 1258 nulla
1649 1203 1685 1257 ab
1696 1201 1846 1272 omnibus,
1871 1219 1927 1274 qua

1105 1291 1184 1346 dicta
1207 1295 1277 1346 suut
1290 1308 1343 1362 per
1357 1307 1435 1362 oum,
1452 1291 1482 1346 16
1498 1295 1558 1347 1616
1575 1293 1644 1347 orbe
1659 1307 1791 1364 unquam
1808 1291 1876 1348 deta
1890 1296 1926 1346 est

1106 1378 1308 1435 contradictio,

1140 1468 1199 1524 Xll.
1217 1468 1382 1524 Favonius²
1397 1487 1413 1525 a
1429 1468 1531 1524 multis
1546 1467 1711 1540 culpabilis,
1728 1470 1925 1526 (1676666166-

261 1556 308 1614 lX.
323 1556 468 1631 Pelagius,
485 1558 521 1614 de
536 1575 593 1629 quo
610 1559 686 1630 apud
703 1557 803 1614 fideles
819 1575 915 1614 sermo
942 1563 996 1623 est,
1014 1561 1049 1616 de
1111 1556 1153 1611 tia
1166 1557 1336 1628 fortiterque
1348 1557 1482 1613 universa
1496 1556 1672 1613 difficillima
1686 1556 1821 1629 ingerere
1843 1574 1926 1614 veona·

226 1645 387 1720 quostiam
403 1651 431 1702 et
446 1647 519 1702 mihi
533 1646 629 1719 grauis
644 1663 733 1702 causa
760 1647 969 1718 disputationis
985 1649 1049 1718 ejus
1103 1647 1153 1700 tus
1169 1650 1223 1716 est,
1240 1649 1269 1702 et
1284 1646 1367 1717 quasi
1384 1647 1434 1718 qui
1451 1650 1553 1702 eontra
1568 1645 1662 1702 undas
1682 1645 1773 1702 maris
1798 1647 1926 1720 navigare

224 1736 380 1792 verborum
394 1736 402 1770 ¹
418 1752 492 1808 pene
505 1735 536 1790 16
550 1740 609 1791 1616
625 1736 694 1791 6766
709 1736 948 1807 6666611616661,
961 1753 1047 1808 quem
1105 1751 1163 1790 non
1187 1738 1291 1806 potest,
1322 1734 1366 1790 vel
1392 1739 1493 1790 contra
1521 1735 1663 1806 impetum
1691 1733 1830 1791 torrentis
1851 1753 1927 1808 aquae

225 1841 327 1882 omnes
341 1823 475 1881 Ecclesiae
490 1825 576 1896 quusi
589 1824 693 1897 lupum
705 1824 821 1880 71661176
832 1825 985 1895 mirantur,
1000 1843 1050 1881 66-
1066 1861 1088 1926 Β
1103 1829 1204 1879 natare
1229 1839 1287 1878 666
1307 1822 1394 1892 76161,
1413 1824 1452 1879 116
1466 1827 1582 1895 cuncta,
1598 1840 1663 1896 qua
1689 1823 1807 1895 scripsit
1830 1830 1929 1881 contra

224 1929 307 1970 reum
323 1912 449 1969 colorem
465 1931 553 1985 super
568 1913 686 1986 nigrum
697 1930 842 1969 vencnum
858 1930 1046 1986 componens,
1104 1911 1271 1984 Scripturas
1301 1916 1429 1982 sanctas,
1461 1913 1576 1968 obstare
1605 1928 1663 1967 non
1692 1915 1841 1983 poterant:
1866 1911 1929 1969 ideo

224 2002 335 2059 iontem
350 2002 465 2060 dulcem
482 2002 567 2075 primi
585 2001 690 2073 mellis,
706 2001 913 2058 amaritudinis
929 2002 1048 2058 malitiae

223 2091 423 2147 commiscuit.

260 2179 293 2234 X.
308 2180 480 2236 ¹Iovinianus
494 2180 561 2236 laeta
576 2180 658 2250 facie,
685 2185 712 2236 61
736 2181 822 2236 667716
847 2197 959 2251 aspero,
978 2185 1047 2252 potu

224 2268 395 2326 dulcissimo
411 2269 476 2326 iclle
490 2257 654 2342 commist'o,
671 2268 780 2325 multos
798 2270 914 2341 putavit,
933 2273 1047 2325 61666-

259 2448 267 2482 ¹
284 2448 366 2518 Has,
383 2447 479 2504 Gravis
492 2449 640 2519 disputatio
654 2447 810 2518 verboram,
827 2451 882 2502 oto.

1104 2001 1190 2072 quasi
1205 2002 1310 2080 umbra
1326 2017 1412 2056 secus
1429 2001 1578 2058 bominem
1592 2005 1670 2057 sunt.

1140 2089 1276 2160 Hilarius,
1293 2107 1326 2146 ex
1341 2089 1509 2162 Hieronymi
1523 2088 1661 2163 catalogo
1677 2106 1742 2162 666.
1763 2091 1821 2144 100.

1139 2179 1293 2248 Damasus
1310 2195 1344 2234 ex
1359 2196 1423 2251 cap.
1439 2179 1500 2233 103.

1138 2268 1295 2340 Gregorius
1310 2267 1446 2323 Nazianz.
1463 2283 1496 2323 ex
1512 2284 1576 2340 cap.
1594 2269 1655 2322 117.

257 2519 366 2575 ¹Hunc
378 2520 548 2590 Favonium,
565 2519 621 2575 nisi
637 2523 807 2592 corruptum
823 2535 928 2575 nomeu
943 2522 996 2588 est,
1014 2518 1092 2590 apud
1107 2515 1181 2574 alios
1197 2521 1306 2572 veteres
1321 2531 1468 2587 nusquam
1484 2514 1582 2572 inveni
1596 2515 1760 2572 laudatum.

225 2722 1930 2756 Q

225 3095 588 3208 VERBORUM,
617 3090 1104 3187 SENTENTIARUM
1128 3091 1206 3183 ΕΤ
1241 3087 1462 3183 RERUM
1491 3085 1928 3208 INSIGNIORUM.

225 3263 228 3270 ’
587 3299 698 3385 666
724 3299 771 3372 ru
799 3298 932 3372 76676
960 3296 1179 3370 secunao
1208 3293 1564 3369 66676766766.

622 3607 652 3671 Α

255 3718 362 3769 Abacuc
375 3713 510 3765 Canticum
526 3724 579 3774 quo
590 3710 664 3760 titulo
674 3708 837 3766 inscribitur,
854 3711 907 3758 733.
921 3709 1047 3771 Loquitur

223 3781 352 3832 audacter
366 3777 399 3827 od
410 3775 561 3830 Dominum,
573 3787 631 3821 seso
642 3772 820 3834 reprehendit.
833 3776 858 3820 61
868 3772 971 3834 scripsit
981 3771 1047 3819 Con·

224 3845 305 3893 ticum
320 3839 495 3903 poenitentias,
512 3840 566 3887 739.
584 3835 652 3892 Quid
667 3835 833 3897 deprecatur,
850 3837 904 3882 712.
933 3833 1047 3882 Historia

226 3904 333 3954 abacue
348 3901 420 3948 missi
434 3899 466 3946 ad
486 3897 629 3956 Danielem,
655 3910 709 3946 666
725 3897 860 3946 invenitur
883 3897 909 3945 in
925 3895 1044 3952 Hebraea,

256 4021 405 4078 4676716166
419 4021 530 4076 6661666,
546 4022 601 4070 311.

254 4085 386 4139 Abrabam
398 4083 490 4142 virtus,
502 4082 574 4140 tides,
587 4083 640 4131 713.
653 4081 784 4132 Abrabam
796 4081 958 4130 conscientia
969 4081 1047 4142 frngi-

222 4151 304 4202 litatis
319 4161 374 4198 666
384 4159 486 4210 676666
501 4145 595 4195 66617111
609 4145 637 4193 16
651 4148 826 4199 terramala.
847 4145 944 4191 1161666
959 4155 987 4190 66
1002 4157 1044 4190 66-

221 4215 278 4266 1676
290 4215 352 4270 Deo,
368 4212 457 4273 aperte
468 4208 555 4258 ridere
566 4221 619 4258 non
631 4208 719 4266 audet,
734 4206 865 4254 1617111677
878 4204 1043 4268 6766116664

221 4277 293 4328 Deus
307 4272 469 4338 repromisit,
484 4276 510 4320 et
524 4285 618 4320 cerasus
632 4268 826 4318 incredulitatis
841 4267 959 4327 6766611,
978 4266 1041 4316 aoid.

220 4338 347 4403 Arguitur
356 4350 372 4386 a
380 4337 434 4384 Deo
445 4333 548 4383 occulta
558 4333 741 4394 responsione,
755 4328 818 4377 16771.
828 4328 962 4377 Abraham
974 4343 1043 4378 asse·

221 4403 289 4452 ritur
296 4401 434 4462 trigamus,
443 4398 497 4446 263.
506 4395 616 4458 47116761
626 4405 733 4442 servum
744 4391 892 4462 1611671616,
902 4394 947 4440 262
965 4392 1044 4440 abra·

220 4465 283 4514 ham
298 4463 405 4512 613676
420 4465 568 4522 arguuntur
582 4458 610 4506 16
624 4457 687 4514 7166,
703 4458 759 4503 731.
779 4453 861 4502 ladem
876 4467 909 4502 cs
925 4467 955 4502 co
971 4455 1042 4526 quod

221 4515 1041 4641 11133311613631636166376311·

251 4649 416 4702 abrotanum
431 4657 502 4707 aegro
514 4656 569 4692 666
578 4642 659 4692 audet
668 4640 740 4700 dare,
752 4640 860 4703 6161661
873 4616 975 4700 11111611,
987 4641 1040 4690 472.

250 4707 426 4765 Abstinentiae
442 4707 543 4755 bonum
564 4707 590 4754 61
615 4703 713 4752 areium
738 4703 893 4760 saturitatis,
916 4705 969 4760 316,
986 4705 1041 4752 317.

219 4771 359 4828 licatltudo
373 4767 490 4834 paradisi
505 4767 606 4830 absque
621 4765 783 4815 abstinentia
803 4765 853 4814 cibi
877 4779 933 4815 666
957 4767 1043 4828 661611

221 4837 349 4896 dedicari,
366 4835 421 4885 346.

253 4895 484 4955 4667166661633.
731 4954 735 4963 ¹
782 4953 786 4962 1

251 4961 390 5014 466666116
404 4969 468 5006 7676
482 4958 575 5004 666176
590 4953 695 5002 tratrem
711 4952 841 5014 displicet,
857 4955 911 5002 167.

252 5024 359 5076 achaias
374 5015 779 5080 116616617661671116666676611766
796 5019 906 5072 7666176,
922 5017 974 5070 691,
986 5017 1040 5064 393.

251 5083 470 5138 4661466166167,
486 5082 540 5130 193.

254 5142 541 5199 46161111616676166617
556 5139 707 5190 4167667176
723 5140 850 5198 visitatus,
868 5140 905 5187 13.

253 5210 358 5259 4616716
372 5207 452 5257 Paula
467 5218 534 5254 uror
548 5205 582 5252 11.
598 5203 705 5253 Catonis
715 5202 841 5260 Censorii,
858 5203 912 5251 313.
924 5200 987 5263 Ejus
1004 5200 1041 5248 71-

237 5273 242 5284 ·
286 5269 349 5318 ibid.

223 5273 336 5384 uaA'dam
347 5341 394 5390 spe
405 5327 551 5376 divinitatis
561 5325 941 5389 666616616166661,13471676
952 5329 978 5374 61
989 5325 1042 5372 Ε76

220 5400 250 5450 in
264 5391 386 5458 paradiso
400 5391 525 5452 virgines.
542 5390 676 5437 consortio
692 5390 796 5438 Domini
807 5389 973 5448 fruebantur,
985 5389 1040 5446 241,

221 5463 277 5514 265.
292 5453 466 5514 blonogamas
480 5452 537 5506 1611,
554 5453 607 5499 aas.

251 5519 379 5572 4717776166
393 5515 524 5576 quaritum
539 5516 649 5567 6676166,
666 5513 720 5559 alt.

253 5579 383 5636 adulator
397 5574 532 5638 qucruoda
548 5573 682 5634 delinitur,
696 5577 750 5622 723.

252 5640 361 5699 47161671
376 5637 481 5703 6766716
497 5634 682 5683 lrmreticorum
698 5640 745 5692 cst,
761 5638 815 5684 722.

251 5703 350 5774 AEgroti
364 5699 440 5751 multi
454 5698 514 5747 vilse
529 5699 640 5745 mortem
655 5696 809 5757 6776167661,
825 5701 879 5748 ite.

1133 3600 1179 3664 AEg
1199 3599 1236 3661 pti
1251 3597 1362 3660 singulae
1378 3597 1498 3647 civitates
1514 3595 1633 3660 singulas
1642 3595 1742 3646 bestias
1751 3601 1923 3654 7666766167,

1101 3662 1155 3712 333.
1191 3661 1249 3710 aiis
1263 3661 1373 3709 nomina
1384 3674 1432 3709 sua
1442 3659 1600 3714 sortiuntur,
1611 3659 1666 3709 336.
1677 3660 1708 3708 16
1719 3659 1832 3724 AEgypto
1842 3663 1868 3710 et
1881 3661 1923 3708 Pa-

1101 3723 1204 3773 17661166
1218 3736 1297 3771 76666
1313 3735 1366 3772 666
1383 3722 1540 3780 comeditur,
1556 3723 1611 3771 334.

1131 3793 1205 3843 46716
1219 3793 1390 3904 iptempcrioe
1406 3792 1472 3842 nihil
1486 3791 1558 3842 aliud
1572 3795 1668 3855 6776167
1692 3791 1822 3855 pudenda
1844 3791 1925 3841 velari

1102 3857 1210 3918 6611167,
1246 3860 1266 3904 1.

1133 3918 1204 3968 46711
1220 3917 1337 3975 haeresis,
1353 3919 1408 3966 416.

1130 3982 1206 4030 AEsC
1227 3981 1315 4042 prium
1335 3980 1363 4026 in
1379 3992 1433 4041 qrro
1448 3977 1540 4042 figurae
1566 3980 1728 4040 6671661666·
1750 3977 1925 4041 6661617623.

1130 3993 1304 4104 assuimus,
1322 4043 1376 4089 622.
1392 4041 1533 4104 AEsculapii
1546 4045 1621 4089 vates
1635 4040 1801 4112 interrogati,
1818 4041 1857 4090 23.

1130 4107 1222 4154 71116116
1233 4105 1298 4153 67716
1310 4104 1520 4160 commendatur,
1531 4105 1586 4153 279.
1598 4101 1666 4160 Ouid
1676 4101 1776 4152 dicatur
1785 4103 1818 4152 de
1829 4103 1924 4152 utrius·

1098 4180 1150 4230 que
1167 4181 1245 4216 sexus
1260 4170 1338 4214 astate
1355 4167 1467 4222 divorsa,
1484 4169 1539 4215 789,

1129 4237 1183 4286 4171
1198 4237 1302 4285 16667116
1319 4235 1445 4284 viridibus
1461 4237 1530 4285 76661
1541 4235 1636 4293 661661,
1647 4236 1702 4284 334.
1714 4235 1750 4285 De
1759 4235 1825 4284 4176
1835 4237 1924 4286 Gram·

1098 4300 1194 4350 malloo
1210 4297 1273 4362 quid
1288 4298 1410 4350 76167167.
1427 4301 1481 4348 556.
1504 4300 1573 4360 ager
1589 4298 1705 4362 irriguus
1728 4301 1755 4348 et
1769 4297 1925 4364 voluptatis,

1098 4365 1152 4414 337.
1167 4364 1250 4411 Nemo
1265 4373 1374 4410 6666766
1389 4374 1482 4416 aarum
1499 4359 1627 4424 possidet,
1642 4363 1696 4410 196.

1130 4426 1150 4474 4
1170 4424 1235 4472 61116
1251 4422 1278 4470 16
1293 4437 1347 4485 quo
1363 4422 1450 4470 71111671
1464 4437 1479 4471 6
1491 4423 1610 4483 notione,
1623 4425 1677 4480 614,

1129 4438 1185 4535 aria
1201 4486 1263 4536 urbs
1278 4485 1422 4533 imminens
1437 4486 1503 4534 76671
1517 4485 1619 4542 Rubro,
1634 4487 1674 4533 21.

1127 4549 1240 4598 Albinus
1255 4561 1393 4596 successor
1406 4548 1475 4596 Festi
1491 4548 1518 4596 in
1532 4547 1727 4610 gubernatione
1741 4546 1856 4608 16716676,
1871 4550 1924 4598 331.

1128 4611 1243 4661 41666116
1260 4611 1343 4660 167167
1355 4624 1403 4673 676
1418 4609 1530 4659 admeto
1547 4612 1641 4672 sponte
1660 4607 1823 4669 defunctam,
1840 4613 1895 4660 311.

1128 4673 1360 4785 46616166661211.
1375 4674 1396 4722 4
1411 4683 1464 4734 quo
1479 4671 1655 4732 occisus,³tl.
1669 4671 1753 4721 Amor
1767 4673 1925 4723 concubinas

1098 4736 1148 4786 ini
1169 4748 1222 4796 um,
1239 4736 1248 4784 i
1268 4735 1306 4782 17.

1127 4799 1259 4849 Alcmenae
1276 4795 1445 4846 adulterium.
1461 4799 1516 4846 397.

1126 4861 1278 4910 alexander
1293 4861 1414 4922 Magnus,
1431 4861 1484 4908 567.
1500 4857 1649 4908 alexander
1667 4855 1734 4921 quid
1748 4855 1851 4909 dixisse
1866 4873 1924 4908 667·

1096 4929 1171 4974 76167
1186 4921 1339 4972 6646611116
1354 4921 1495 4980 tumulum,
1512 4922 1550 4970 13.

1129 4986 1278 5037 alexander
1291 4983 1409 5046 alphred.
1431 4982 1578 5033 Aristotelis
1601 4982 1739 5034 volumina
1758 4983 1924 5042 edisserens,

1097 5051 1150 5099 476.
1166 5045 1356 5098 Commentarii
1371 5045 1500 5110 ejusdcm,
1517 5049 1572 5096 633.

1127 5117 1275 5168 Alexander
1289 5119 1441 5179 imperator,
1458 5117 1511 5168 393.
1536 5116 1617 5165 Filius
1638 5119 1677 5165 est
1700 5117 1851 5176 1166767676,
1867 5119 1921 5167 399.

1127 5180 1275 5231 Alexander
1286 5178 1528 5242 Hierosolymorum
1539 5178 1856 5241 Episcopus,879.Esstat
1864 5178 1922 5242 ejus

1096 5242 1220 5308 Epistola,
1232 5241 1296 5290 16171.
1308 5243 1372 5290 Cum
1388 5241 1508 5290 Narcisso
1523 5241 1591 5290 rexit
1603 5239 1755 5298 Ecclesiam,
1772 5240 1839 5290 14171.
1855 5241 1920 5290 Dor·

1096 5307 1173 5355 671711
1188 5306 1214 5355 16
1231 5317 1335 5354 6676676
1348 5316 1396 5364 676
1412 5302 1580 5352 66616661666
1595 5301 1701 5362 Christi,
1715 5306 1772 5354 395.

1126 5373 1311 5426 Alexandriam
1325 5372 1447 5423 Ecclesia
1458 5371 1633 5434 consuetude,
1643 5375 1697 5424 313.
1708 5374 1772 5436 Eius
1783 5375 1920 5436 Martyres,

1097 5441 1151 5490 492.
1170 5434 1332 5488 Alexandria
1347 5439 1374 5484 et
1382 5436 1510 5548 AEgpptus
1519 5436 1547 5486 16
1557 5435 1620 5506 41111
1629 5435 1685 5486 6616
1693 5436 1854 5499 Hesychium
1864 5434 1917 5484 lau·

1096 5503 1302 5558 detractorem,
1318 5499 1373 5548 622.
1389 5499 1437 5557 067
1481 5501 1657 5548 constitutum
1684 5497 1735 5548 1611
1762 5499 1791 5548 16
1812 5493 1916 5560 syuodo

1098 5561 1287 5616 alexandrina,
1306 5562 1359 5610 193.
1377 5560 1505 5611 Occidens
1520 5573 1658 5610 assensum
1679 5561 1703 5610 ci
1716 5561 1840 5624 praebuit,
1854 5554 1914 5608 itta.

1128 5629 1350 5682 11676717641676
1373 5631 1556 5694 interpretatio
1579 5629 1746 5692 ludaeorum,
1768 5632 1824 5682 237.
1851 5629 1916 5680 itera

1097 5697 1261 5760 assignatur,
1275 5695 1331 5744 233.
