4108 6174
242 342 319 414 lilii
985 345 1199 412 serbabis.
1839 355 1898 422 issi

239 493 272 534 ac
288 474 468 550 provincias
486 475 571 536 nobis
590 481 727 552 suscepta
740 477 870 552 exegisse
891 475 1054 536 videbatur.
1070 487 1097 556 p,
1111 479 1239 553 plurima
1253 479 1333 538 euim
1348 479 1464 539 curiosa
1483 497 1516 539 ec
1542 479 1617 544 scitu
1633 481 1720 558 digna
1738 501 1755 542 a
1779 484 1895 548 aaran

237 549 360 608 Hasunt
380 565 448 621 ergo
477 550 513 606 de
542 549 650 622 quibus
679 551 803 606 maxime
831 552 1056 622 premonendus
1080 564 1084 572 ’
1113 554 1406 625 pretermissasunt,
1428 553 1554 626 plurima
1579 571 1694 629 quoque
1721 556 1749 613 in
1776 559 1829 630 dus
1852 562 1895 618 edi·

237 620 562 703 luitstudiosuslector,
586 623 643 702 'qui
672 628 700 677 et
722 621 778 676 alia
807 622 879 679 bene
907 623 1001 680 malta
1026 623 1057 679 in
1112 624 1190 680 tione
1221 625 1371 706 imperitia
1402 625 1653 700 typographorum
1680 635 1805 700 corrupta
1828 649 1898 705 :que

237 693 485 748 adnotatiunculis
502 698 610 749 nostras
621 693 753 765 reperiet,
770 693 806 748 ad
821 694 1056 752 emendationem
1111 697 1211 752 omnia
1226 713 1289 753 suis
1304 696 1375 754 loeis
1392 702 1502 765 notata,
1515 699 1661 768 restituta,
1675 699 1846 774 suppletaque
1857 721 1900 760 cer·

235 764 429 837 manuscripti
454 768 482 821 et
509 764 578 820 euru
605 764 722 820 Husebii
750 764 841 820 Greci
869 765 1052 838 spectantia:
1112 775 1236 824 nuntur.

236 959 1898 1001 w

527 1255 533 1268 ¹
785 1131 958 1218 acre
990 1132 1391 1223 ruocrxmuas

541 1311 581 1370 ΙΝ
605 1309 752 1370 LIBRUM
776 1309 1058 1372 Hucasraaautt
1081 1310 1353 1382 QUAESTIONUM
1374 1313 1415 1376 ΙΝ
1438 1309 1627 1377 ceassiu.

1031 1471 1132 1490 uun—³

267 1607 373 1661 Preter
401 1601 657 1662 adnotatiunculae
684 1607 802 1658 nostras
826 1619 900 1676 quas
941 1603 970 1659 in
999 1619 1051 1660 cra
1103 1621 1151 1662 ma
1174 1603 1375 1663 iseeceditad
1393 1605 1502 1662 sontem
1529 1605 1695 1678 Hebraum,
1718 1623 1800 1680 qaum
1824 1609 1896 1666 versic

232 1675 363 1734 inferiori
378 1675 552 1748 paginarum
568 1673 642 1731 libro
661 1674 834 1747 precedenti
857 1675 1049 1746 subjecimus,
1103 1621 1173 1734 LX}
1187 1677 1393 1748 Interpretum,
1408 1679 1564 1748 terebatur.

231 1747 405 1808 necessitate
420 1745 580 1829 compellor
597 1744 765 1828 difficiliora
783 1762 847 1826 ‘non
874 1763 967 1828 pauca
986 1749 1049 1818 jam
1139 1747 1196 1806 Nec
1212 1747 1380 1820 quempiam
1396 1753 1510 1805 moveat
1524 1749 1603 1821 quod
1619 1749 1648 1804 in
1674 1749 1773 1806 Latina
1790 1749 1836 1806 Vul
1854 1753 1899 1820 ata,

231 1817 1049 1951 titttlttlitlttldell,distillate·
1103 1767 1899 1949 tiltitiisditatl?ltlltsstttlldititt

230 1968 322 2020 tatem
338 1907 574 2019 obseilvaionum
583 1904 720 2016 pnwpp]
737 1958 845 2040 criticis
869 1931 1049 2032 quibusdam
1104 1908 1313 2034 disiciamus?
1326 1979 1363 2018 ne
1378 1932 1551 2034 ambianum
1567 1909 1692 2018 recinam
1711 1909 1738 2020 as
1749 1963 1855 2020 diversis
1865 1963 1900 2020 di·

230 2033 424 2108 scriptoribus
439 2033 499 2089 lore
520 2031 693 2115 placituram
721 2029 802 2098 ;nis1
824 2030 888 2088 loca
909 2030 1047 2103 plurima,
1104 2049 1269 2090 verseacee
1291 2034 1405 2090 tumad
1430 2049 1519 2090 unam
1545 2038 1660 2091 tantum
1690 2034 1899 2108 significationen

228 2122 293 2179 quea
307 2105 364 2178 ipsi
380 2105 464 2187 redar
485 2107 603 2160 uuntrn
618 2103 805 2174 Hieronymo,
835 2119 953 2158 rursum
982 2119 1048 2185 ena·
1105 2050 1451 2173 trabereviXeretuuet
1479 2105 1557 2177 quod
1588 2106 1625 2162 de
1659 2109 1744 2162 vento
1767 2105 1794 2161 id
1815 2106 1900 2174 estio

228 2176 369 2236 minanda
383 2193 416 2232 ac
443 2121 619 2231 iliustranda
640 2176 881 2256 proponerentur.
912 2176 1051 2246 lnsprora-
1067 2140 1091 2205 B
1106 2176 1213 2248 spiritu
1226 2176 1318 2256 hujus
1333 2175 1435 2232 mundi
1450 2175 1620 2249 intelligunt
1634 2149 1841 2259 quamplurimi,
1853 2177 1899 2249 ipse

228 2248 320 2306 musi
343 2248 401 2304 itur
415 2265 474 2304 non
489 2263 552 2319 qum
577 2246 714 2302 omnibus
742 2243 881 2301 laudibus
901 2245 1052 2302 abundant
1104 2246 1141 2302 de
1155 2246 1217 2302 solo
1231 2246 1341 2319 Sprritu
1356 2251 1457 2304 sancte
1481 2251 1623 2320 tanquam
1651 2249 1795 2304 conditore
1817 2263 1894 2304 reram

229 2319 337 2448 ltin
351 2317 983 2462 {titillantiantistiti-tlt
1006 2317 1049 2446 lt:
1104 2317 1597 2447 tessellatam{litii
1611 2319 1899 2448 riiili⁰ii²HiH

229 2462 382 2521 cautiores.
1104 2461 1215 2518 ductor.
1231 2460 1439 2518 consuetudini
1467 2465 1599 2518 veterum
1627 2461 1812 2533 interpretum
1834 2477 1898 2517 suern

262 2538 286 2591 1.
306 2533 389 2590 Prior
403 2534 501 2588 autem
516 2529 599 2586 locus
610 2528 685 2586 baud
703 2528 775 2586 satis
784 2529 960 2601 probatusin
975 2529 1050 2586 libro
1104 2537 1240 2604 coaptare
1255 2530 1382 2590 voluisse
1395 2531 1642 2603 Translationem,
1657 2533 1709 2589 ubi
1738 2531 1838 2589 nullam
1853 2535 1900 2588 erat

227 2605 436 2664 Hebraicarum
450 2602 649 2670 Quaestionum
670 2601 800 2658 sumitur
824 2617 858 2657 ex
881 2600 937 2657 hac
949 2602 1050 2658 obser·
1104 2603 1247 2658 damnum
1263 2603 1294 2658 in
1310 2620 1399 2661 seusu
1416 2621 1423 2660 :
1440 2625 1454 2653 u
1471 2603 1626 2660 Noluimus
1645 2619 1726 2677 ergo,
1751 2605 1838 2675 inqui,
1857 2603 1899 2657 in·

228 2677 345 2734 ratione
357 2673 525 2746 Hieronymi
540 2673 570 2730 in
585 2675 673 2745 ca'put
686 2673 697 2728 Ι
712 2673 794 2738 Gen..
810 2673 828 2728 2
844 2689 851 2728 :
866 2673 920 2728 Pro
935 2688 965 2728 eo
980 2671 1050 2744 qaod
1104 2678 1218 2737 mutare
1237 2674 1315 2746 quod
1342 2676 1378 2730 ab
1404 2675 1541 2747 Antiquis
1569 2675 1732 2749 legebatur,
1758 2675 1819 2748 quia
1840 2673 1899 2729 iden

227 2751 257 2806 in
286 2749 387 2808 uostris
413 2745 554 2803 codicibus
581 2746 713 2815 seriptum
750 2746 799 2812 est,
830 2743 977 2799 ferebatur
1019 2747 1049 2800 in
1104 2761 1211 2801 census
1225 2751 1297 2802 erat.
1330 2769 1340 2796 ι
1371 2747 1404 2801 Et
1428 2755 1486 2818 post
1510 2763 1600 2820 pauca
1620 2764 1627 2802 :
1644 2769 1658 2796 a
1675 2748 1731 2802 Sed
1759 2751 1785 2802 et
1808 2745 1833 2802 iu
1856 2745 1898 2800 boo

226 2820 339 2880 Hebraeo
353 2819 431 2876 laniet
446 2816 608 2890 disrupisti,
635 2815 704 2888 quod
737 2831 785 2872 nos
813 2813 1048 2888 appellorepossb·
1103 2815 1186 2872 nulla
1200 2821 1364 2874 estsensus
1380 2817 1503 2874 mutatio
1520 2836 1527 2886 ς
1544 2823 1574 2874 et
1588 2833 1642 2874 uos
1671 2819 1814 2890 antiquam
1827 2825 1896 2871 rucr-

227 2908 298 2948 mus.
314 2890 473 2948 incubabat
491 2891 549 2946 siue
577 2887 748 2944 conl'ovebat
780 2887 811 2941 irs
837 2887 1049 2943 similitudieem
1103 2888 1297 2960 pretationem
1313 2892 1478 2960 sequentes,
1495 2889 1576 2961 quod
1591 2905 1649 2946 non
1664 2891 1794 2952 nocebat,
1808 2891 1895 2944 mutare

225 2965 345 3020 volucris
359 2962 507 3020 operatore
521 2961 672 3016 animantis
686 2963 741 3016 etc.
770 2957 885 3024 Melius,
909 2957 1051 3031 inquiunt
1103 2958 1265 3016 noluimus.
1282 2959 1366 3014 »Pro
1382 2976 1463 3018 more
1487 2961 1578 3034 igitur
1608 2976 1661 3018 suo
1692 2961 1782 3018 noluit
1806 2964 1895 3016 mutare

225 3033 359 3094 hodierni
387 3032 486 3090 Critlci
514 3032 667 3088 Hebreum
701 3041 810 3094 nanim
839 3029 1049 3102 meroibeplretb
1102 3033 1223 3088 verbum
1249 3031 1384 3103 [eadmer
1412 3031 1483 3103 qaia
1526 3031 1601 3087 nibil
1631 3033 1756 3088 nocebat
1780 3030 1845 3102 quod
1867 3029 1894 3084 ab

226 3107 349 3163 vertitur
364 3105 465 3162 Latine
488 3103 627 3176 serebatur
652 3117 743 3182 quam
769 3101 914 3181 incubabat
944 3119 950 3158 :
979 3101 1049 3172 quia
1101 3102 1240 3174 antiquis
1255 3101 1282 3157 le
1303 3102 1422 3158 ebatur:
1441 3117 1509 3159 nam
1528 3104 1684 3175 superferri
1711 3106 1803 3176 potest
1825 3107 1848 3157 et
1868 3099 1895 3180 de

226 3175 508 3234 verbumineuiaiut
547 3173 648 3255 soprius
684 3172 790 3228 accidit
817 3171 852 3227 ad
881 3188 1047 3230 sermonem
1100 3179 1185 3230 vento
1201 3119 1403 3244 etdegSpiritu
1419 3179 1521 3230 sancto
1550 3174 1751 3232 indifferenter
1775 3171 1852 3244 accipi
1872 3187 1894 3226 rn

227 3249 376 3321 Syrorum,
393 3263 483 3318 quam
499 3193 545 3302 arf
548 3245 658 3300 idioma
669 3241 855 3299 Hebraicum.
1101 3244 1156 3302 hoc
1172 3244 1293 3301 Genesis
1308 3244 1451 3301 versiculo
1467 3247 1606 3302 secundo.

260 3336 317 3392 Sed
331 3335 418 3406 longe
437 3333 587 3390 diversum
613 3334 676 3386 erat
699 3328 846 3401 judicium
874 3327 1045 3402 antiquissi-
1117 3315 1171 3397 ,ll·
1188 3315 1268 3398 Alie?
1286 3315 1370 3372 locus
1389 3315 1536 3399 insignior
1558 3317 1685 3398 babetur
1710 3315 1746 3371 cd
1769 3311 1895 3395 filiiflii·

224 3422 342 3463 mcrum
358 3405 476 3460 Petrum
502 3418 535 3458 ac
554 3403 683 3458 virorum
706 3399 944 3458 doctissimorum
970 3401 1046 3458 circa
1099 3402 1212 3470 ⁸¹9¹¹0¹11
1226 3389 1407 3469 Hlifflssifflla
1423 3404 1494 3515 (311ῑὸ
1510 3405 1548 3469 ‚1¹¹
1574 3404 1607 3444 00
1635 3403 1719 3444 ‘'¹³⁰ss
1745 3389 1787 3442 ⁶⁵²
1810 3387 1895 3440 ⁰¹¹¹¹⁰¹⁸

143 3483 148 3492 “
224 3471 978 3550 interpretationemvocisHebreeetaffinitatemlin
1002 3490 1044 3528 ue
1098 3457 1416 3542 fllllu⁰i³⁰flii9llb⁰⁵
1450 3460 1619 3540 Vdfflssffl'uffl
1638 3457 1801 3515 fstbulssfflffl
1825 3469 1897 3534 ΜΡ·

222 3554 359 3619 Syrorum
375 3563 442 3604 cum
457 3561 592 3603 sermone
607 3544 736 3600 Hebraeo.
764 3543 838 3600 Nam
857 3560 892 3600 ex
907 3542 957 3599 illa
970 3489 1081 3600 &pm-c
1101 3533 1155 3586 ῑθῐ·
1172 3529 1412 3611 ΟῧΒθΝᾳῑῑὲῐῑΠΓ
1426 3530 1620 3602 H¹⁸r⁰¹¹iffll¹⁸
1637 3529 1711 3586 Gen·
1741 3545 1808 3610 any,
1831 3529 1853 3594 8,
1874 3542 1897 3578 ¹¹1

224 3615 729 3692 nitateapprobantsaccti-Petres
755 3614 961 3688 proximiorem
981 3631 1046 3672 esse
1100 3601 1220 3658 Hebliffi
1237 3605 1461 3674 ⁵⁰P¹P²Vm⁰⁸⁸⁰
1491 3613 1578 3744 0³80
1602 3601 1749 3658 ’medem-
1777 3599 1804 3654 ¹¹¹
1829 3599 1898 3654 ⁰⁵²⁰

224 3691 366 3766 armagis
387 3690 546 3764 genuinam
574 3687 784 3759 expositionem
813 3687 959 3743 incubabat
986 3687 1046 3744 sive
1098 3691 1266 3762 principio:
1291 3705 1415 3761 eamque
1445 3689 1522 3763 signi
1546 3689 1692 3746 cabonem
1722 3690 1801 3745 docet
1820 3683 1899 3758 prele-

223 3765 381 3836 corrfccebut
411 3779 479 3818 uam
493 3760 642 3832 [meister.
667 3758 841 3816 audiendus
868 3758 922 3814 bac
950 3758 987 3816 de
1015 3775 1046 3814 re
1102 3761 1224 3818 rendam
1238 3761 1367 3816 versioni
1391 3760 1458 3816 Lxx
1487 3760 1722 3826 Translatcrum,
1747 3759 1795 3832 qui
1816 3771 1899 3838 posue

224 3834 352 3892 Basilius
411 3850 516 3906 agnus,
545 3829 648 3895 homil,
685 3832 712 3895 2,
742 3831 772 3886 iu
801 3829 937 3886 Hexaem.
954 3846 961 3883 ι
980 3851 993 3881 >r
1009 3834 1047 3884 At
1100 3837 1169 3888 runt
1195 3837 1292 3888 centro
1319 3834 1462 3888 orimtem.
1507 3833 1598 3888 Suam
1626 3849 1733 3888 rursus
1759 3829 1899 3902 opinonem

225 3923 354 3980 quonam
369 3910 451 3978 pacto
471 3903 579 3976 iuquit,
609 3901 727 3968 dixeris,
758 3916 847 3973 super
879 3916 973 3972 aquas
1000 3900 1047 3956 bie
1122 3903 1205 3958 robat
1220 3904 1456 3960 sanctusdoctor
1485 3918 1520 3960 cx
1547 3904 1739 3959 consonantia
1763 3905 1900 3957 arccana

225 3972 689 4062 spiritualersbatur2llquidem
706 3987 876 4030 ncnmsam
906 3971 970 4054 tibi,
994 3973 1045 4028 sed
1100 3919 1291 4044 garsionum,
1307 3974 1432 4047 Aquila,
1456 3973 1623 4057 Symmachi
1652 3979 1683 4030 et
1709 3967 1900 4032 Theodotionis,

223 4051 277 4106 vrri
293 4048 448 4119 cujusdam
464 4047 526 4120 Syri
543 4048 717 4102 senteutiam
733 4043 891 4100 recensebo
912 4059 963 4115 qur
979 4045 1046 4098 tan-
1101 4045 1272 4114 dicentium,
1288 4045 1322 4100 ob
1336 4047 1448 4102 exordio
1466 4062 1527 4102 save
1553 4061 1571 4100 o
1616 4047 1736 4116 sincipio
1749 4087 1752 4092 .
1763 4043 1900 4116 plantatum

225 4125 288 4177 tum
305 4119 480 4192 asapientia
495 4116 598 4174 mundi
612 4116 751 4182 distabat,
780 4119 901 4196 quanto·
911 4130 1046 4170 verarum
1101 4116 1193 4172 luisse
1207 4115 1379 4188 paradisum
1394 4117 1424 4171 in
1440 4117 1540 4174 Hdem.
1558 4137 1572 4167 c
1588 4063 1628 4172 lfa
1642 4133 1712 4188 quo,
1728 4118 1815 4188 racab
1831 4113 1901 4192 Hiar

226 4192 349 4250 scientia
364 4207 462 4246 rerum
475 4187 669 4262 propinquior
682 4193 754 4243 erat.
771 4189 875 4242 Aerbat
895 4185 985 4258 igitur
998 4185 1047 4242 ille
1100 4203 1202 4261 npmas
1221 4188 1461 4244 manifestissime
1482 4189 1703 4260 comprobatur,
1725 4186 1800 4259 quod
1842 4195 1901 4238 raus·

224 4264 365 4336 Syrorum
379 4278 477 4318 vocem
492 4260 516 4316 si
540 4259 752 4316 nitionnticrem
775 4263 861 4328 atque
887 4257 1045 4313 evidentio-
1102 4275 1191 4332 quam
1206 4259 1312 4314 crelam
1327 4263 1477 4315 atterram
1507 4259 1585 4316 Deus
1613 4259 1731 4328 laceret,
1759 4201 1902 4331 parasitum

225 4351 287 4392 rem
302 4351 377 4400 esse,
393 4333 499 4390 etoba
522 4331 656 4388 mitatem
672 4345 762 4402 quam
788 4327 878 4384 habet
905 4345 972 4384 cum
995 4331 1046 4384 lle·
1101 4335 1169 4388 ante
1184 4331 1363 4395 condiderat,
1379 4331 1456 4386 sicut
1470 4336 1498 4387 et
1511 4329 1620 4403 legitur
1632 4330 1663 4385 in
1683 4329 1811 4386 Hebros:
1834 4326 1902 4381 Pica·

225 4407 324 4464 braica
338 4405 439 4478 lingua
454 4403 599 4460 sententia
614 4401 712 4472 aliquo
728 4399 814 4455 modo
829 4399 1046 4472 seripturarum
1100 4405 1206 4458 tereret
1217 4405 1315 4458 autem
1331 4402 1473 4458 Dominus
1489 4405 1565 4458 Deua
1580 4401 1750 4474 paradisum
1776 4400 1804 4455 in
1829 4395 1901 4472 ildeb,

246 4479 347 4550 ropius
363 4477 514 4549 attingere.
533 4471 732 4546 ltaqustalem
747 4469 871 4541 hujusce
895 4470 964 4526 dicti
980 4487 1046 4528 sen·
1103 4474 1133 4528 in
1147 4473 1302 4545 principio.
1320 4493 1334 4522 a
1349 4473 1378 4528 Si
1393 4474 1559 4546 Augustino
1582 4474 1721 4544 eple'copo
1735 4470 1903 4544 calmacus,

225 4497 347 4606 fantiam
363 4547 559 4605 essedicebat
574 4563 581 4602 :
597 4543 726 4600 Verbum
743 4541 808 4608 boc,
823 4541 970 4614 parebatur,
986 4559 1049 4614 pro·
1102 4560 1136 4601 ae
1163 4546 1276 4616 parenti
1314 4545 1440 4600 Historiae
1476 4545 1591 4600 criticis
1628 4545 1730 4600 Veteris
1768 4543 1902 4614 issimi

224 4622 397 4694 conserebat,
414 4617 591 4689 vitalemque
606 4613 815 4671 fecunditatem
834 4629 979 4685 aquarum
995 4630 1046 4669 na·
1103 4615 1263 4683 credimus,
1279 4616 1407 4686 pessime
1422 4615 1497 4672 banc
1511 4616 1588 4672 inter
1610 4615 1782 4671 rotationem
1795 4605 1903 4688 delendi

225 4691 465 4776 turaprsebebat,
481 4689 705 4756 sumuntatque
726 4684 966 4768 iptcrpretantur,
996 4686 1047 4741 ad·
1103 4686 1308 4760 Hieronymus,
1337 4687 1459 4742 edoctus
1504 4685 1548 4744 vel
1585 4632 1727 4758 deceptus
1765 4680 1902 4740 studes.

226 4763 449 4822 similitudinem
465 4757 582 4818 avicula
597 4757 775 4822 incubantis,
790 4772 910 4827 vimque
931 4755 1049 4812 vitalem
1104 4759 1155 4831 qui
1178 4756 1313 4842 plurimis
1341 4756 1543 4814 deliramentis
1571 4757 1737 4830 indulgent,
1762 4760 1791 4812 et
1813 4755 1902 4824 septem

227 4836 387 4910 quamdam
403 4829 612 4905 imprimentis,
628 4828 658 4883 in
678 4844 712 4884 ea
726 4843 790 4899 quea
806 4827 843 4883 ab
867 4826 932 4899 ipsa
950 4828 1048 4884 loven·
1104 4831 1222 4887 condita
1237 4829 1329 4885 luisse
1340 4828 1442 4885 volunt
1456 4834 1524 4886 ante
1536 4829 1715 4887 creationem
1730 4826 1791 4884 coeli
1814 4827 1840 4880 et
1859 4825 1901 4876 tar·

225 4913 282 4965 tur.
299 4903 536 4964 Talemhuneis
564 4900 740 4982 predicabat
768 4914 801 4954 ea
829 4915 901 4980 rope
927 4885 1152 4972 sensumDrse,
1170 4901 1327 4973 interque
1351 4900 1515 4974 paradisum
1540 4917 1605 4957 com
1628 4905 1711 4957 utam
1740 4892 1902 4980 solitum'tsi

226 4970 1050 5106 liiiifiilis?iiiaililiatdqllitmsi”iiiiii
1105 4973 1290 5102 iiiiii?
1306 4919 1900 5101 ‘illisit'ttlltfftatldtitt

227 5137 290 5177 ram
300 5068 404 5195 ¹ipsuern
417 5091 562 5192 'Spiritum
579 5119 714 5172 sanctum
733 5059 930 5240 preparagse.
956 5113 1050 5178 Quare
1104 5061 1272 5173 sangtorum
1285 5060 1414 5172 virorum
1427 5059 1588 5188 {spondere
1603 5061 1755 5188 primaeui,
1773 5125 1845 5193 .⁰¹³.⁰¹
1859 5105 1896 5158 θ’·

229 5191 301 5248 eatis
316 5193 436 5263 perhoc
451 5193 480 5246 id
495 5188 731 5257 ostenditurque
776 5184 917 5266 quaritur
938 5202 955 5242 a
976 5202 1048 5240 non·
1103 5187 1183 5243 lianc
1199 5192 1228 5242 et
1240 5185 1381 5244 lanseuio
1394 5186 1594 5243 detonsionem
1616 5187 1781 5258 Hieronymi
1803 5179 1898 5254 liberter

229 5260 330 5326 nullis,
354 5280 406 5319 nec
437 5263 473 5319 ab
499 5267 566 5319 actu
594 5258 711 5316 creandi
742 5257 884 5328 Spiritum
915 5259 1048 5312 sanctum
1105 5259 1275 5331 suscipiam,
1294 5263 1327 5313 ut
1341 5275 1375 5314 ex
1390 5273 1480 5314 sensu
1493 5257 1675 5325 iudeorum,
1690 5273 1748 5312 non
1761 5271 1796 5310 ex
1809 5259 1900 5326 proprw

227 5330 367 5389 abluisse.
382 5357 396 5384 a
408 5335 515 5390 liudem
530 5332 619 5388 habet
631 5335 660 5386 S.
676 5329 849 5385 Ambrosius
861 5327 898 5410 'in
917 5330 1049 5384 Heraens.
1104 5329 1236 5386 locutum
1252 5329 1342 5386 luisse
1357 5329 1612 5402 sapientissimum
1638 5329 1821 5399 interpretem
1844 5331 1900 5400 em·

227 5404 279 5461 lib.
296 5404 576 5474 1.‚cap.8:eadcm
593 5407 621 5459 et
635 5400 819 5472 Augustinus
848 5399 899 5466 ab,
931 5399 1050 5456 rdeGe·
1105 5401 1615 5474 cerepossim,Salienusitaquein
1636 5402 1758 5528 ipsam
1779 5390 1901 5478 iareim

227 5473 475 5533 aerirdlittercm
501 5477 632 5546 cap.18.
661 5473 782 5543 lixquo
810 5470 1051 5528 manifestissime
1109 5474 1208 5529 Veteres
1225 5474 1384 5529 Testamenti
1398 5489 1517 5530 causam
1533 5489 1622 5546 agens
1670 5471 1816 5552 iercnpuu,
1831 5474 1900 5518 ³³³⁰·

229 5545 437 5618 comprobatur
450 5519 616 5625 Hieronymi
647 5542 884 5610 adnotaticrubi
914 5541 1050 5598 lectorem
1106 5544 1246 5600 tationem
1268 5544 1505 5614 ejusbocmodo
1524 5544 1705 5601 defendite«
1722 5537 1900 5612 Davusaulsn}

228 5622 312 5678 docet
327 5633 379 5690 pro
393 5614 542 5688 serebatur,
559 5632 587 5669 m
606 5615 720 5670 Hebraeo
736 5613 793 5686 legi
819 5613 975 5678 incubabat,
992 5613 1052 5668 sive
1109 5616 1300 5688 liter-onymus
1314 5632 1349 5672 ex
1365 5617 1548 5674 uehraeorum
1569 5613 1723 5679 sententia,
1747 5621 1859 5694 quoram
1871 5600 1900 5656 llll

227 5691 394 5776 confovebat.
425 5685 499 5752 Quia
526 5685 604 5766 caim
632 5687 771 5756 Syrorum
804 5701 900 5742 sermo
933 5686 1052 5742 Hebraeo
1106 5687 1460 5754 Traditionesscribebat‚
1482 5686 1598 5745 locutus
1617 5690 1671 5744 est.
1696 5681 1790 5740 Simili
1803 5687 1899 5746 menon·

229 5763 362 5824 vicinior,
379 5766 467 5832 atque
495 5760 590 5838 aptior
615 5761 828 5826 consequenter
856 5757 1053 5828 exprimendis
1107 5760 1191 5816 sione
1215 5757 1353 5815 omnibus
1381 5765 1553 5816 excusatum
1582 5759 1787 5830 Hieronymum
1810 5743 1897 5806 volcbal

229 5835 327 5893 verbis
342 5830 501 5898 Hebraicis,
529 5826 819 5906 retraetmercpbplro,
844 5827 946 5893 idest,
971 5832 1053 5886 ineu·
1107 5831 1274 5898 ianseuius,
1291 5847 1359 5885 eum
1374 5829 1435 5887 bose
1450 5831 1590 5888 scriberet
1616 5831 1645 5886 in
1673 5829 1760 5900 caput
1788 5822 1809 5879 ll
1830 5819 1896 5894 Geli·

233 5907 316 5965 iniat
337 5905 397 5965 eive
420 5901 525 5978 [avebat
548 5895 630 5955 baud
655 5894 744 5950 dubie
773 5900 972 5967 interpretatio
1002 5901 1035 5958 ill
1109 5919 1174 5962 sens
1190 5919 1197 5959 r
1214 5903 1235 5959 Α
1251 5903 1393 5977 principio
1407 5903 1511 5979 inquit,
1532 5919 1590 5962 nou
1604 5906 1672 5962 ante
1695 5903 1800 5957 turam
1821 5885 1893 5949 tow·

222 6099 338 6146 ,Α
