4064 6158
129 251 181 320 Μ
661 242 869 318 ADVERSUS
890 237 1135 314 tollatecus
1156 245 1231 314 bili.
1252 242 1280 313 l.
1764 233 1832 314 iti

127 383 255 465 pudicita
269 383 405 447 nolentes
419 385 613 462 supervivere,
630 385 741 444 mutuis
756 385 946 442 conciderunt
960 386 986 449 Α
1002 380 1143 454 magister
1152 381 1355 454 plenissimam
1366 377 1468 437 scribit
1476 375 1684 436 historiam.itc
1694 393 1730 436 uc
1741 378 1829 437 nobis

125 479 302 539 vulneribus.
317 477 436 535 lustum
451 483 496 534 est
522 481 550 535 et
574 477 708 534 Locridas
724 476 776 548 [ill.
796 471 948 544 Lucrinas]
1003 469 1162 526 Dominum
1177 471 1357 527 salvatorem
1372 470 1408 525 de
1425 467 1544 542 Virgine
1567 473 1751 541 procreatum
1767 470 1827 528 lio·

123 568 246 642 virgines
259 585 321 624 non
337 571 442 636 lacere,
455 584 519 639 quae
535 583 601 624 cum
621 565 708 622 Ilium
722 564 950 620 mitterenturex
1004 575 1091 616 mana
1106 560 1296 632 exprobraret
1319 559 1459 632 potentia,
1486 561 1620 614 auctores
1644 561 1722 615 810
1745 559 1828 617 urbis

123 672 265 729 morepcr
279 673 374 713 annos
396 656 513 712 circiter
534 654 624 722 milla,
649 653 731 710 nulla
752 650 879 709 obscoeni
901 667 949 705 ru·
1004 651 1033 704 et
1046 648 1142 720 gentis
1168 665 1227 704 sua
1243 648 1295 704 llia
1318 647 1429 720 virgine
1455 651 1485 702 et
1512 647 1603 702 Marte
1622 648 1736 720 genitos
1752 649 1829 705 arbi-

121 746 213 802 moris
228 750 258 802 el
271 744 388 818 polluta
404 745 582 817 virginitatis
598 742 690 799 ullam
714 739 842 797 fabulam
858 737 948 795 dedit.
1005 739 1131 793 truatur.
1827 747 1830 756 ’

121 835 192 898 Quis
207 833 301 888 valeat
317 832 435 890 silentio
450 832 598 905 praeterire
613 835 726 902 septem
741 827 870 885 Milesias
893 827 950 882 vir-
1041 826 1084 880 43.
1102 826 1191 882 Viduae
1210 827 1336 896 gentiles.
1352 856 1386 866 -
1402 825 1466 882 llac
1490 825 1526 881 de
1549 824 1713 898 virginibus
1734 826 1832 883 saculi

122 922 214 996 gines,
230 939 307 994 que,
323 920 475 978 Gallorum
498 921 607 992 impetu
631 923 737 975 cuncta
759 919 951 984 vastanto,ne
1005 927 1126 968 currens
1154 929 1206 984 per
1232 911 1410 983 multiplices
1437 910 1584 977 historias,
1614 916 1643 968 el
1671 929 1831 986 properans

122 1010 189 1083 quid
200 1010 345 1066 indecens
359 1010 397 1065 ab
421 1009 555 1065 hostibus
578 1009 655 1064 808
679 1006 871 1073 sustinerent,
890 1008 951 1058 tur·
1006 1016 1102 1056 sermo
1118 999 1328 1071 perstrinxerit.
1346 999 1467 1056 Veniam
1485 1001 1519 1055 ad
1535 999 1689 1056 maritatas
1700 1002 1754 1073 [Al.
1771 1019 1834 1058 ma·

120 1098 283 1172 pitudinem
301 1095 743 1170 mortafugeruut,exemplum
765 1094 812 1150 sui
837 1093 951 1150 cunctis
1006 1087 1098 1159 ultast,
1116 1105 1180 1160 qua
1208 1088 1333 1144 mortuis
1361 1086 1834 1162 veloccisisviiialsuperviverc

120 1187 284 1261 virginibus
301 1184 511 1258 relinquentes,
528 1185 659 1241 honestis
685 1183 834 1240 mentibus
859 1179 952 1254 magis
1007 1175 1834 1251 uoluerunt,nccogerenturseouadosuosseconcubitus‚

122 1275 292 1348 pudicitiam
309 1291 387 1330 cura
404 1290 469 1330 esse
481 1289 569 1345 quam
581 1272 671 1328 vitam
682 1271 707 1327 ¹?
717 1271 853 1335 Nicanor,
868 1268 952 1324 victis
1007 1268 1037 1321 et
1051 1281 1114 1338 quar
1129 1265 1202 1322 mire
1214 1267 1316 1322 uuicos
1326 1269 1496 1321 amaverunt
1506 1266 1628 1321 meritos
1641 1283 1648 1333 ;
1660 1269 1695 1321 ut
1705 1267 1835 1324 sciamus

122 1363 230 1420 Thebis
260 1369 349 1436 alque
379 1361 539 1432 subversis,
566 1361 654 1417 unius
682 1357 805 1433 virginis
832 1357 952 1430 captivae
1008 1353 1168 1426 digamiam
1186 1355 1262 1426 apud
1279 1351 1835 1427 ethnicosetiamreprobari.Dido,so·

124 1469 218 1508 amore
233 1455 392 1525 superatus
408 1455 462 1507 est.
479 1451 569 1520 Cujus
584 1449 754 1521 conjugium
766 1450 912 1519 expetens,
926 1448 954 1500 et
1008 1459 1057 1497 ror
1080 1441 1289 1516 Pygmalionis,
1315 1441 1409 1498 multo
1431 1441 1494 1498 auri
1519 1445 1548 1497 ct
1567 1443 1679 1515 argenti
1706 1443 1835 1514 pondere

120 1541 304 1597 uoluntarios
319 1539 484 1613 amplexus,
501 1539 578 1611 quod
594 1537 706 1596 scilicet
724 1535 837 1610 captiva
853 1538 954 1608 optare
1009 1535 1194 1604 congregato,
1216 1531 1248 1586 in
1271 1531 1398 1587 Africam
1428 1531 1584 1604 navigavit,
1613 1531 1713 1603 ibique
1731 1532 1835 1588 urbem

120 1630 272 1697 debuerat,
283 1629 380 1686 sensit
390 1627 506 1701 pudicis
517 1627 666 1683 mentibus
677 1625 743 1699 plus
755 1625 953 1698 virginitatem
1008 1619 1213 1692 Carthaginem
1224 1619 1365 1686 coadidit,
1377 1623 1406 1676 et
1417 1636 1483 1675 cum
1495 1621 1530 1676 ab
1539 1620 1709 1692 larbalmss.
1717 1619 1835 1692 Hiarba]

120 1733 294 1792 essequam
309 1733 447 1791 regnum,
469 1720 498 1772 ct
513 1715 695 1772 interfectam
721 1713 839 1786 propria
866 1729 953 1768 mauu
1009 1723 1076 1780 roge
1092 1708 1187 1780 Libya
1204 1707 1233 1763 in
1250 1707 1420 1780 conjugium
1436 1712 1593 1780 peteretur,
1614 1707 1763 1781 paulisper
1778 1707 1837 1765 dis-

120 1806 188 1864 flens
202 1812 236 1863 et
251 1806 362 1880 lugens
380 1808 495 1861 amator
518 1802 621 1860 tenuit.
645 1802 771 1858 Narrant
794 1800 953 1873 scriptores
1008 1795 1077 1852 tulit
1092 1797 1220 1869 nuptias,
1238 1797 1329 1853 donec
1346 1795 1484 1853 conderet
1500 1797 1657 1853 civitatem.
1673 1797 1731 1854 Nec
1744 1798 1837 1854 multo

118 1896 204 1952 Cruci
231 1899 263 1952 et
287 1894 378 1950 aliam
402 1893 573 1950 Thebanam
596 1891 739 1964 virginem
750 1892 770 1959 ²,
796 1905 884 1963 quam
901 1887 952 1945 ho·
1008 1885 1455 1959 postexstructainmemoriem
1467 1885 1838 1959 maritiquondamSichai

119 1985 174 2041 stis
186 1984 313 2041 Macedo
327 1985 508 2054 corruperat,
525 1978 729 2037 dissimulasse
739 1977 889 2052 paulisper
902 1978 954 2033 do·
1008 1990 1090 2046 pyra,
1111 1973 1217 2030 maluit
1241 1975 1342 2030 ardere
1362 1991 1451 2046 quam
1477 1975 1597 2030 nubere.
1623 1974 1709 2030 Casta
1732 1973 1839 2032 mulier

121 2069 231 2138 loram,
243 2075 274 2126 et
286 2070 453 2127 violatorem
467 2069 645 2142 virginitatis
660 2085 720 2124 suae
733 2065 954 2140 jugulasse'po-
1009 2061 1214 2135 Carthaginem
1232 2061 1375 2131 condidit,
1398 2068 1427 2118 et
1451 2079 1568 2119 rursum
1591 2064 1694 2120 eadem
1719 2063 1791 2121 urbs
1807 2065 1838 2120 iu

123 2166 189 2216 stes
209 2160 423 2216 dormientem:
451 2173 541 2229 seque
564 2155 747 2213 interfecisse
769 2155 897 2228 gladio⁸,
923 2157 956 2210 ut
1009 2151 1154 2208 castitatis
1169 2151 1256 2208 laude
1272 2153 1355 2208 finita
1376 2156 1430 2208 est.
1447 2143 1521 2208 Nam
1545 2152 1738 2210 Hasdrubalis
1754 2171 1838 2222 uxor,

121 2265 175 2305 nee
187 2249 289 2304 vivere
304 2246 429 2303 voluerit
451 2251 518 2319 poet
541 2245 685 2318 perditam
710 2241 886 2311 castitatem,
902 2258 956 2299 nec
1009 2245 1094 2312 capta
1107 2245 1137 2296 et
1148 2240 1270 2296 incensa
1285 2241 1444 2305 urbatum
1461 2255 1492 2296 sa
1511 2244 1641 2296 cerneret
1657 2257 1674 2297 a
1699 2241 1840 2299 Romanis

119 2343 186 2394 aute
201 2337 283 2394 mori
300 2352 390 2408 quem
407 2335 453 2391 sui
470 2333 558 2390 ultrix
571 2333 733 2390 exsisteret.
1010 2329 1183 2400 capiendam
1209 2345 1284 2397 esse,
1310 2327 1503 2400 apprehensis
1536 2329 1573 2384 ab
1599 2333 1723 2401 utroque
1749 2329 1839 2387 latere
1865 2390 1868 2398 ,

1010 2417 1140 2491 parvulis
1160 2416 1240 2486 filiis,
1267 2417 1297 2473 in
1320 2417 1485 2488 subjectum
1501 2417 1607 2473 domus
1621 2432 1681 2473 succ
1696 2416 1841 2475 devolavit

155 2512 957 2586 42.Aviminibusprocreatorumfahulcc.-ApudGym-
1011 2505 1193 2561 incendium.

121 2603 316 2677 nosophistas
326 2601 516 2674 ludiae,quasi
529 2617 580 2675 per
590 2600 799 2672 manus,hujus
810 2601 957 2673 opinionis
1047 2595 1089 2650 4⁴·
1100 2594 1175 2662 Quid
1186 2593 1422 2667 loqua'rNicerati
1432 2594 1840 2669 conjugemquaiinpoticns

120 2693 286 2749 auctoritas
301 2691 441 2760 traditur,
467 2691 545 2762 quod
567 2690 721 2746 Buddami
740 2690 793 2762 [ill.
810 2690 956 2764 Buldam],
1011 2683 1125 2756 injuria
1141 2683 1205 2752 viri,
1222 2689 1346 2740 mortem
1362 2683 1419 2740 sibi
1434 2681 1491 2756 ipsi
1506 2684 1657 2750 conscivit,
1671 2701 1707 2742 ue
1718 2683 1841 2759 triginta

120 2783 289 2856 principem
305 2779 457 2854 dogmatis
472 2795 584 2847 eorum,
599 2795 615 2834 c
629 2777 720 2835 latere
736 2795 789 2834 suo
808 2780 890 2853 virgo
906 2797 958 2854 ge·
1010 2777 1213 2846 tyrannorum,
1230 2789 1304 2846 quos
1324 2772 1472 2846 Lysander
1497 2772 1579 2829 victis
1605 2773 1725 2830 athenis
1743 2773 1838 2848 impo-

120 2871 241 2928 uerarit.
259 2867 519 2926 Necbocmirum
543 2867 579 2923 de
603 2867 747 2934 Barbarie,
772 2883 838 2924 eum
854 2868 959 2926 Miner·
1012 2868 1122 2928 suerat.
1148 2861 1300 2919 libidinem
1330 2861 1513 2918 sustineret?
1537 2861 1695 2918 Artemisia
1722 2879 1840 2935 quoque

120 2975 184 3016 vam
197 2975 326 3032 quoque
342 2957 378 3012 de
393 2957 488 3029 capite
501 2956 592 3026 lovis,
605 2962 633 3012 et
649 2956 785 3011 hiberum
798 2960 911 3029 patrem
923 2957 959 3014 da
1013 2967 1086 3006 uxor
1100 2950 1223 3006 Mausoli
1239 2949 1367 3023 insignis
1385 2949 1532 3021 pudicitia
1558 2949 1649 3006 fuisse
1671 2950 1841 3022 perhibetur

119 3047 252 3105 femore⁸
267 3047 338 3118 ejus
353 3049 521 3117 procreatos
545 3043 717 3101 doctissima
741 3045 856 3100 finxerit
878 3045 957 3103 Gra·
1013 3039 1160 3103 Quacum
1176 3043 1254 3096 esset
1269 3039 1370 3112 regina
1380 3037 1480 3104 Caria,
1492 3043 1520 3094 et
1531 3037 1673 3094 nobilium
1686 3035 1839 3112 poetarum

120 3135 172 3192 oia.
189 3136 383 3209 Speusippus
405 3151 522 3207 quoque
544 3133 654 3190 sororis
678 3133 808 3189 Platonis
828 3133 916 3203 lilius,
930 3112 994 3191 eti]
1013 3131 1101 3200 atque
1115 3127 1322 3184 historicorum
1337 3126 1475 3183 laudibus
1492 3127 1674 3199 predicetur,
1687 3127 1717 3183 in
1727 3128 1783 3186 hoc
1793 3127 1839 3186 val

119 3223 284 3282 Clearchus
299 3223 330 3278 iu
345 3222 434 3280 laude
450 3221 591 3288 Platonis,
615 3225 644 3276 et
663 3220 957 3280 Anaxiliues⁸insc-
1012 3216 1139 3272 maxime
1163 3217 1302 3273 111ἳ811111ο
1325 3217 1403 3289 quod
1428 3216 1599 3272 defunctum
1629 3217 1768 3275 maritum
1797 3219 1840 3276 sio

120 3321 221 3370 cundo
234 3313 313 3369 libro
329 3309 534 3385 philosophia,
551 3309 741 3366 Perictiouem
758 3316 880 3367 uiatrem
896 3311 953 3368 Pla·
1011 3321 1128 3378 semper
1142 3307 1251 3362 amavit
1263 3310 1296 3362 ut
1311 3305 1419 3373 vivum,
1435 3308 1465 3361 et
1487 3305 1568 3361 miris
1593 3306 1807 3380 magnitudinis
1817 3309 1839 3344 ¹⁰

120 3402 214 3472 tonis,
229 3401 443 3474 phantasmate
458 3397 602 3475 apollinis
618 3415 789 3471 oppressam
805 3400 912 3467 ferunt,
929 3405 958 3457 et
1011 3393 1153 3450 exstruxit
1167 3393 1346 3468 sepulerum,
1358 3394 1388 3450 iu
1403 3397 1520 3450 tautum
1532 3399 1565 3450 ut
1576 3411 1669 3467 usque
1679 3395 1766 3453 hodie
1776 3413 1839 3454 om-

123 3489 281 3562 sapientie
295 3488 457 3562 prinoipem
474 3504 532 3544 uon
547 3487 632 3544 aliter
646 3487 835 3554 arbitrantur,
853 3489 909 3546 nisi
921 3491 957 3546 de
1011 3482 1060 3539 11ἱᾶ
1083 3483 1218 3556 sepulcra
1242 3484 1370 3556 pretiosa
1393 3499 1428 3540 ex
1449 3483 1567 3540 nomine
1591 3483 1656 3555 ejus
1682 3484 1841 3543 Mausolea

126 3581 221 3650 partu
236 3576 355 3649 virginis
367 3577 493 3633 editum.
509 3576 564 3633 Sed
588 3580 617 3632 et
638 3577 766 3632 Timaus
786 3577 889 3634 scribit
902 3577 957 3652 Py·
1011 3577 1229 3643 nuncupentur.
1245 3573 1339 3629 Teuta
1354 3571 1535 3644 illyricorum
1556 3571 1667 3644 regine,
1691 3576 1725 3629 ut
1751 3573 1839 3648 longo

124 3665 262 3736 thagora
276 3665 413 3738 virginem
430 3665 522 3722 liliam
536 3665 783 3738 ohorovirginum
795 3666 954 3739 prefuisse,
1009 3665 1141 3733 tempore
1155 3660 1225 3716 viris
1248 3660 1419 3717 fortissimis
1444 3661 1611 3732 imperaret,
1637 3664 1666 3716 et
1689 3661 1839 3720 Romanos

124 3759 157 3812 et
171 3753 316 3812 castitalis
330 3771 380 3811 eae
395 3754 559 3812 instituisse
573 3753 727 3810 doctrinis.
749 3753 891 3812 Diodorus
906 3756 956 3813 So-
1010 3763 1086 3820 supe
1101 3748 1257 3821 frangeret,
1275 3747 1417 3804 miraculo
1432 3747 1535 3820 utique
1558 3748 1668 3804 meruit
1682 3748 1836 3810 castitatis.

122 3842 255 3901 anticus
270 3843 403 3915 quinquo
416 3843 513 3900 filiasl
527 3842 698 3899 Dialecticas
709 3842 835 3916 insignis
846 3844 957 3917 pudici·
1011 3836 1086 3903 ludi.
1100 3841 1132 3892 ul
1146 3852 1249 3892 Omnes
1262 3838 1338 3893 ⁸¹¹
1364 3852 1437 3908 lmne
1461 3835 1592 3907 Bilbilis
1617 3852 1722 3894 umis
1746 3837 1839 3910 Pluri-

121 3933 171 3988 liea
186 3931 333 3990 habuisse
346 3932 538 3998 narratur,de
548 3930 656 4004 quibus
666 3934 694 3986 et
705 3930 785 3988 Philo
799 3932 955 3990 Carneadis
1010 3941 1074 3982 mus
1090 3924 1209 3981 habeut·
1225 3926 1310 3998 Apud
1326 3941 1377 3982 0⁰⁸
1392 3925 1437 3982 lex
1452 3929 1507 3992 esi,
1523 3929 1557 3981 ut
1575 3943 1650 3982 uxor
1664 3925 1839 3988 charissima

155 4061 164 4090 ¹
178 4053 254 4134 Vide
269 4053 300 4110 iu
316 4053 398 4110 Jonae
413 4071 439 4110 c.
456 4071 482 4110 i:
499 4077 513 4105 ii
530 4053 612 4110 Unde
622 4056 650 4110 et
660 4053 689 4108 iu
701 4053 954 4125 persecutionibus
1008 4053 1038 4104 et
1051 4049 1175 4131 fortasse
1199 4047 1319 4130 quidem
1342 4049 1406 4132 ipse
1431 4049 1560 4118 Hieron,
1584 4050 1779 4123 Philosophum
1793 4055 1837 4110 hi-

115 4143 178 4182 uou
197 4130 266 4183 licet
280 4125 401 4198 propria
415 4125 509 4199 perire
525 4142 625 4194 mauu,
642 4125 754 4196 absque
764 4142 797 4181 co
808 4125 859 4181 ubi
869 4125 954 4182 casti·
1008 4122 1098 4176 storia
1109 4124 1228 4192 scripsit
1242 4136 1295 4191 pro
1307 4120 1501 4192 Philosophia.

116 4201 164 4253 tas
219 4197 414 4254 emittatur.»
1043 4191 1136 4247 ihoci
1159 4190 1285 4247 elocum
1307 4190 1385 4247 huuc
1408 4208 1443 4248 ex
1466 4190 1623 4248 Clemente.
1649 4193 1777 4250 Stroniol.
1795 4194 1835 4252 lib

152 4269 166 4304 ¹
212 4273 330 4325 mustus
353 4267 444 4324 codex
471 4267 549 4339 apud
580 4265 718 4323 Gravium
743 4283 794 4339 pro
817 4275 843 4323 et
867 4269 953 4324 uliam
1007 4280 1054 4319 lv:
1071 4263 1105 4316 hl
1120 4281 1171 4336 γαρ
1197 4257 1346 4336 Διοδώρου,
1365 4265 1413 4316 τοῦ
1438 4261 1539 4333 Κρόνου
1565 4259 1769 4332 ἐπικληθέντος,
1791 4265 1836 4319 θυ-

117 4337 387 4399 habetsslhelium.
1008 4335 1228 4407 vuatpsmiicui
1249 4331 1422 4388 hiuheucuiui
1438 4332 1595 4408 γεγόνασιν,
1625 4333 1663 4396 ὡς
1692 4355 1710 4412 φ
1733 4334 1759 4388 cl
1786 4335 1835 4390 ‹ul-

154 4409 284 4468 ³Perme
303 4407 470 4494 elegantius
497 4408 606 4465 habent
628 4425 703 4466 mss.
732 4409 823 4464 nostri
848 4425 952 4467 omues
1007 4402 1094 4460 lusit
1118 4401 1292 4467 utilescit<
1321 4403 1347 4459 ἐν
1376 4408 1415 4476 τῷ
1443 4403 1589 4477 Μενεξένῳ,
1605 4404 1641 4461 ὧν
1657 4406 1691 4460 τὰ
1712 4355 1836 4479 iudicata

112 4497 186 4540 cum
202 4483 293 4540 veteri
309 4481 438 4538 editione
450 4481 620 4551 interfecisse
634 4497 696 4536 cum
709 4480 810 4551 gaudio
826 4497 877 4552 pro
891 4483 950 4553 pla·
966 4475 1180 4552 Duspueliecui
1206 4473 1270 4531 τάδε
1301 4494 1307 4507 ·
1336 4475 1494 4547 Μενεξὲνη,
1523 4475 1635 4551 Ἀργεία
1661 4520 1668 4546 ,
1698 4477 1834 4563 Θεὸγνις,

114 4553 174 4609 4150,
1008 4546 1178 4621 Ἀρτεμισία,
1204 4545 1383 4616 iliiiciiilsiu,
1415 4552 1469 4606 elo.
1498 4549 1583 4606 Filia
1605 4557 1697 4606 cuum
1723 4551 1836 4608 Diodori

150 4627 252 4681 ‘saut
267 4625 318 4697 qui
334 4623 426 4680 velint
448 4622 527 4678 hunc
549 4638 637 4695 quom
662 4626 807 4678 memorat
821 4622 850 4678 S.
867 4623 953 4680 Pater
1006 4621 1054 4675 cui
1066 4622 1121 4691 suit
1134 4634 1282 4688 cognomen
1305 4619 1453 4687 Saturnus,
1467 4621 1585 4690 sumunt
1597 4636 1690 4678 omnes
1704 4623 1834 4679 Dialecti-

112 4696 262 4762 buddam,
277 4693 323 4752 vel
337 4696 458 4760 amum,
473 4694 609 4750 eumdem
624 4708 689 4749 esse
714 4710 782 4749 cum
806 4693 952 4765 antiquis·
1006 4706 1053 4758 coe,
1068 4699 1098 4745 ul
1117 4693 1157 4747 ull
1185 4693 1268 4748 Philo
1291 4691 1455 4748 dialecticus
1482 4693 1514 4747 iu
1536 4692 1687 4760 Meueaerc,
1715 4709 1834 4764 quorum

114 4763 952 4838 simoeujusmeminitClemensAlexandrinussimma-
1006 4760 1063 4816 hac
1085 4760 1120 4816 eh
1157 4777 1186 4817 ee
1223 4764 1354 4833 feruntur
1390 4765 1535 4819 iserniae:
1568 4763 1720 4830 lfeaexene,
1749 4763 1835 4832 Argia

112 4853 256 4894 amram
270 4843 297 4894 et
311 4835 621 4920 Gymnosophislaruin
639 4835 779 4908 principe.
797 4841 836 4892 at
851 4841 951 4893 natum
1009 4833 1148 4903 Theognis,
1169 4833 1326 4901 Artenisio,
1345 4833 1503 4898 rostochii,
1520 4838 1574 4888 etc.
1735 4885 1744 4896 ,

112 4909 210 4966 ssiam
223 4925 258 4965 ex
272 4911 395 4983 virgine,
420 4925 479 4965 non
503 4907 575 4963 dixit
598 4907 750 4974 Clemens3
777 4907 853 4978 quod
874 4912 952 4963 certe
1040 4904 1051 4938 ⁸
1068 4903 1138 4958 llss.
1155 4919 1268 4971 omnes,
1284 4905 1379 4960 occisis
1392 4905 1533 4976 prioribus
1547 4905 1625 4971 uiris,
1645 4907 1730 4960 vetus
1744 4903 1833 4961 editio

110 4997 176 5038 aon
195 4981 374 5045 reticuisset,
389 4979 415 5037 si
430 4979 576 5106 egramodi
589 4979 625 5035 de
639 4977 690 5034 illo
710 4978 810 5034 fabula
822 4979 951 5035 tradere·
1006 4977 1076 5030 uiris
1090 4976 1158 5030 suis.

109 5059 174 5108 tum
186 5051 439 5125 quamomniaoa
472 5049 720 5106 uddelllauichaeo
731 5049 874 5106 invectam
885 5053 952 5121 post
1041 5045 1270 5103 ”Casanatensis
1286 5043 1834 5116 interseritparumabrasislitterisdc

110 5124 230 5180 Christi
244 5129 379 5196 tempora
392 5121 608 5178 existimamus.
1004 5133 1090 5187 omre,
1107 5121 1136 5173 ul
1151 5117 1227 5172 solet.

147 5197 160 5230 ¹
175 5195 361 5252 Veronensis
376 5195 472 5266 prima
485 5209 576 5248 manu
590 5191 623 5248 de
642 5193 758 5265 semiue,
780 5190 858 5261 quod
875 5189 951 5248 alius
1042 5191 1063 5225 ¹⁰
1078 5187 1198 5244 Addunt
1212 5203 1283 5242 mss.
1300 5201 1413 5252 omues,
1424 5189 1453 5240 et
1466 5191 1552 5242 vetus
1564 5203 1682 5260 quoque
1692 5188 1762 5246 editi

109 5265 247 5322 maurit
270 5267 301 5322 in
331 5269 446 5331 seinine,
471 5264 722 5338 quemadmodum
748 5262 836 5318 etiam
861 5263 952 5320 codsa
1025 5259 1228 5340 ulchritudinis.
1242 5259 1276 5312 Se
1299 5260 1401 5312 uentos
1417 5256 1554 5314 historiae
1569 5259 1663 5316 recolo
1684 5195 1833 5334 ,pusicii

109 5338 141 5392 S.
156 5336 267 5394 Crucis
282 5336 380 5394 habet.
401 5335 483 5394 Alter
497 5335 573 5407 apud
590 5333 726 5418 Gravium
742 5333 904 5416 desemine.
1002 5277 1126 5402 rubium,
1147 5329 1198 5412 lib.
1219 5345 1246 5384 1:
1279 5273 1407 5394 ilerum,
1435 5327 1464 5385 in
1485 5329 1635 5402 Epitome3
1663 5331 1831 5390 Ciceronem

145 5409 158 5444 ⁸
177 5409 263 5464 idem
278 5407 456 5464 Veronensis
477 5406 654 5476 hmcuilidia,
669 5408 875 5462 Casanateusis
894 5405 949 5460 llo-
1005 5417 1131 5485 quoque.
1147 5401 1224 5456 infra
1238 5399 1451 5456 Tusculanorum
1467 5401 1569 5471 Qiiaest.
1581 5419 1618 5471 u;
1635 5402 1829 5476 Propertium,

108 5479 258 5546 stilicidia,
273 5485 304 5536 et
317 5479 406 5562 paulo
416 5484 483 5552 post
491 5481 607 5550 [mutulo
615 5493 666 5551 pro
671 5477 876 5568 phantasmate.
889 5477 950 5532 llio·
1003 5472 1055 5528 lib.
1072 5489 1099 5541 v,
1115 5476 1203 5545 atque
1230 5471 1314 5530 alios.
1346 5471 1417 5554 llss.
1444 5489 1546 5535 omues
1574 5479 1603 5531 et
1630 5479 1715 5531 vetus
1729 5475 1828 5542 editio,

109 5565 214 5670 genes
228 5551 362 5609 Laertius
385 5549 437 5608 lib.
462 5549 656 5618 111:Kot,ait,
681 5543 855 5618 Δνιξηλίδης
870 5545 950 5618 ἐντῷ
1004 5545 1087 5600 fautu
1113 5543 1288 5616 illyricorum
1315 5543 1429 5617 Regino,
1453 5561 1505 5620 pro
1534 5546 1616 5606 Teulu
1640 5545 1828 5620 illyricorum,

114 5622 243 5700 ,ευτὲρῳ
257 5623 319 5700 περὶ
342 5619 519 5704 primipara:
536 5620 615 5695 quod
639 5624 684 5680 est
707 5619 739 5680 dc
753 5617 947 5694 Philosophia,
1005 5615 1108 5676 florus
1123 5616 1237 5676 Teusuiu
1249 5618 1344 5674 vocat.
