4054 6168
267 313 352 385 md
891 321 923 387 S.
946 317 1103 388 ausum!
1121 315 1356 388 utuuobuttt.
1855 321 1921 394 Μ

268 453 1093 530 nucinas¹etplataninaahabeent,expartedecorticans
1109 462 1134 524 Α
1149 457 1247 527 virgas
1261 457 1361 524 Jacob,
1376 458 1474 530 virgas
1489 461 1710 531 transposuerat
1728 473 1813 516 coram
1830 460 1922 531 pecori·

260 542 385 598 uarium
399 541 549 617 virgarum
564 543 631 602 lecit
650 545 789 615 colorem,
814 551 851 602 ut
871 547 1039 618 ubicunque
1063 545 1094 600 in
1150 546 1204 600 bus
1219 548 1271 614 (ll.
1289 547 1401 618 pecore]
1417 547 1446 602 in
1462 546 1613 604 canalibus
1628 550 1664 604 ad
1687 547 1881 620 randpiendunr
1900 548 1922 603 in

269 631 353 704 virge
376 633 516 690 corticem
546 633 727 707 reliquisset,
749 635 889 707 antiquus
913 639 1097 705 permaneret
1148 634 1201 700 eis,
1216 639 1245 688 et
1258 633 1290 689 in
1304 635 1441 690 serotinis
1451 636 1554 691 ovibus
1576 653 1633 692 non
1649 637 1769 709 ponebat
1784 660 1790 702 ;
1804 639 1829 692 et
1841 636 1924 692 lrabeat

271 719 351 777 color
366 738 374 778 :
391 721 443 777 ubi
456 738 525 778 vero
542 723 661 779 tulisset
676 723 829 789 corticem,
850 721 930 778 colar
952 722 1095 778 candidus
1149 723 1279 777 serotina
1293 723 1401 790 Laban,
1417 727 1446 778 et
1459 729 1648 796 temporanea
1675 725 1768 780 Jacob.
1795 746 1808 774 a
1833 728 1882 780 Hoc
1902 723 1923 778 in

272 809 459 882 panderetur.
484 810 665 868 observabat
688 827 758 883 ergo
787 812 879 868 iacob
901 815 930 866 et
953 814 1093 882 tempore,
1148 811 1339 882 Septuaginta
1364 811 1577 884 Interpretibus
1601 830 1657 868 non
1678 813 1803 880 hebetur,
1828 813 1870 867 sed
1889 823 1925 883 pto

272 913 332 970 quo
346 898 582 956 mandabantur
594 915 709 972 pecore,
725 903 755 957 et
768 903 835 973 post
848 897 974 956 calorem
989 899 1047 954 diei
1058 898 1094 953 ad
1147 901 1274 954 serotinis
1285 903 1310 955 et
1324 903 1517 972 temporaneis,
1534 901 1613 956 aliud
1629 901 1725 958 nescio
1740 901 1805 974 quid
1822 901 1886 973 quod
1901 901 1925 955 ri

272 987 434 1059 potandum
450 987 535 1044 adda
550 989 719 1062 pergebant,
735 987 999 1060 discoloresrirgas
1010 1003 1096 1060 pone·
1148 1002 1269 1043 sensum
1284 1003 1344 1044 non
1357 990 1483 1062 pertinet
1497 991 1518 1053 ⁵,
1533 991 1755 1048 transtulerunt.
1767 989 1840 1054 Quod
1855 993 1926 1044 cuba

272 1077 324 1132 bat
336 1076 367 1132 in
381 1074 547 1145 caedibus,
562 1081 592 1133 et
614 1077 753 1135 admissis
777 1077 919 1135 arietibus
942 1081 971 1131 et
994 1075 1094 1131 hircis.
1148 1075 1219 1130 dicit
1231 1077 1391 1148 Scriptura,
1408 1077 1463 1134 hoo
1476 1084 1522 1134 est
1538 1097 1545 1133 ε
1560 1081 1649 1136 Jacob
1665 1080 1788 1151 prudens
1801 1076 1927 1134 etcallidus

272 1165 303 1220 ln
316 1163 382 1238 lpse
395 1165 516 1237 potandi
537 1166 685 1233 aviditate,
712 1182 779 1223 oves
799 1171 829 1223 et
848 1181 951 1239 caprae
972 1164 1096 1220 iaciebat
1144 1164 1293 1235 justitiam
1306 1167 1335 1220 et
1349 1166 1515 1237 equitatem
1532 1168 1644 1224 ⁶etiam
1658 1169 1689 1224 in
1704 1184 1775 1225 nova
1787 1171 1841 1223 arta
1858 1182 1925 1222 senc·

273 1253 404 1323 ascendi,
415 1257 449 1310 ut
459 1270 494 1310 ex
508 1251 620 1327 duplici
634 1256 790 1322 desiderio,
805 1255 877 1311 dum
892 1253 975 1310 avida
991 1251 1096 1308 bibunt
1149 1253 1208 1308 bnt.
1226 1253 1255 1308 Si
1271 1255 1350 1309 anim
1366 1271 1469 1312 omnes
1484 1273 1575 1329 agnos
1591 1261 1619 1313 et
1634 1257 1732 1313 bedas
1747 1255 1834 1312 variae
1853 1270 1927 1326 pecora

272 1346 302 1398 et
316 1343 518 1399 ascenduntur
530 1359 548 1398 a
562 1344 706 1412 maribus,
721 1343 795 1400 tales
807 1345 885 1400 letus
898 1342 1093 1413 conciperent,
1150 1346 1361 1412 procreassent.
1377 1346 1441 1398 erat
1456 1342 1556 1416 aliqua
1571 1345 1699 1417 suspicio
1718 1343 1784 1411 doli,
1809 1347 1834 1398 et
1856 1347 1926 1414 aprnc

273 1430 377 1503 quales
390 1432 513 1488 umbrae
527 1431 652 1487 arietum
663 1431 849 1488 ethircorum
861 1432 988 1502 desuper
997 1445 1096 1485 ascen-
1150 1428 1217 1484 bnic
1233 1431 1275 1484 rei
1291 1431 1389 1486 Laban
1402 1430 1520 1488 invidus
1535 1434 1720 1490 contraisset.
1737 1435 1806 1505 Ergo
1818 1431 1928 1487 itaonnia

273 1520 406 1576 dantium
419 1519 450 1574 in
465 1535 608 1590 aquarum
623 1518 743 1591 speculo
757 1517 1043 1591 contemplabantur.
1055 1517 1095 1572 lis
1149 1517 1368 1590 temperavit‚ut
1382 1524 1410 1575 et
1425 1521 1488 1592 ipsa
1498 1522 1627 1579 fructum
1644 1523 1691 1582 sui
1706 1521 1810 1578 laboris
1823 1520 1927 1591 acciperet
1948 1549 1950 1554 ·

273 1605 363 1680 rirgls
377 1605 456 1662 enim
472 1605 501 1662 in
517 1606 670 1662 canalibus
685 1607 790 1679 positis
804 1607 903 1662 rarius
918 1607 992 1662 erat²
1005 1607 1094 1661 etiam
1149 1609 1178 1660 at
1191 1606 1287 1661 Leben
1304 1623 1361 1662 non
1376 1609 1493 1679 penitus
1512 1611 1697 1682 spoliaretur.
1723 1611 1751 1665 si
1769 1599 1870 1681 quando
1885 1619 1928 1662 ore

273 1693 437 1765 imaginum
453 1693 542 1750 color.
557 1693 616 1750 Nec
629 1695 737 1750 mirum
754 1695 828 1750 banc
842 1694 872 1750 in
894 1697 1035 1766 conceptu
1055 1696 1093 1748 le·
1148 1698 1177 1749 et
1191 1711 1283 1768 caprae
1298 1697 1393 1768 prima
1407 1701 1539 1770 tempore
1554 1700 1796 1764 ascendebantur,
1820 1696 1875 1770 quia
1886 1709 1927 1750 na·

274 1781 422 1838 minarum
442 1796 507 1837 essa
530 1786 677 1852 naturam,
703 1787 736 1838 ut
757 1783 859 1854 quales
884 1784 1093 1855 perspexerint,
1149 1782 1204 1838 lior
1218 1799 1325 1840 vernus
1339 1790 1385 1840 eet
1400 1785 1486 1856 letus,
1503 1791 1571 1844 ante
1585 1787 1667 1860 ipsas
1682 1786 1926 1860 ponebaturgau

273 1867 333 1924 sive
347 1873 446 1926 menta
459 1870 645 1943 conceperint
660 1871 689 1926 in
705 1875 834 1928 extremo
843 1870 1000 1943 voluptatis
1010 1875 1093 1938 estu,
1147 1871 1244 1927 varias
1259 1872 1374 1929 soboles
1390 1882 1570 1932 nasceretur.
1587 1878 1772 1949 Quaecunque
1786 1879 1868 1931 aubin
1882 1885 1927 1928 otu

273 1971 337 2030 quo
361 1956 532 2030 concipiunt
552 1957 641 2016 talam
665 1959 796 2017 sobolem
825 1963 978 2032 procreent
1002 1976 1093 2027 ;cum
1148 1965 1177 2014 et
1220 1977 1313 2034 capre
1346 1966 1590 2035 seroquerebant
1623 1981 1745 2034 marem,
1778 1967 1838 2020 ante
1861 1973 1927 2016 cuca

272 2045 328 2103 bac
351 2045 451 2119 ipsum
471 2046 560 2102 etiam
587 2046 617 2104 in
646 2063 790 2120 equarum
819 2047 957 2121 gregibus
982 2049 994 2082 ³
1016 2049 1093 2121 apud
1149 2047 1323 2106 cculcsnon
1339 2051 1476 2122 ponebat,
1495 2065 1527 2108 ut
1551 2053 1641 2110 unius
1665 2053 1770 2110 coloris
1791 2066 1878 2125 pecora
1894 2063 1928 2101 ct·

274 2135 423 2208 Hispanos
442 2134 558 2191 dicatur
572 2136 635 2192 ilari
651 2153 659 2191 t
674 2140 703 2193 et
712 2135 910 2202 Quintilianus
926 2137 956 2192 in
971 2153 1006 2193 ee
1025 2154 1096 2194 can·
1149 2143 1309 2195 sacrentur.
1323 2140 1359 2195 ut
1373 2140 1516 2212 quidquid
1532 2141 1663 2214 primum
1679 2141 1852 2209 nascebatur,
1869 2149 1925 2192 suun

273 2223 417 2282 troversia
429 2224 459 2279 in
477 2239 537 2296 qua
551 2225 747 2280 accusabatur
759 2231 892 2282 matrona
905 2241 969 2298 qua
984 2226 1094 2282 AEtbic·
1148 2231 1219 2298 eret,
1236 2231 1306 2299 quia
1321 2228 1448 2285 discolor
1462 2233 1490 2284 et
1504 2231 1618 2287 varium
1635 2235 1708 2289 erat:
1722 2229 1853 2304 quidquid
1860 2229 1927 2298 posto

273 2327 340 2386 pem
356 2311 511 2386 pepererit,
527 2327 579 2384 pro
593 2313 763 2370 defensione
777 2312 858 2369 illius
873 2319 1095 2387 argumentetur
1149 2314 1248 2371 Labeo
1264 2333 1271 2372 :
1289 2316 1378 2372 unius
1394 2317 1473 2372 enirn
1489 2322 1550 2374 tam
1567 2320 1596 2374 in
1613 2319 1709 2393 nigro,
1736 2335 1821 2391 quern
1843 2316 1867 2370 in
1884 2311 1925 2368 alle

272 2401 349 2458 benc
363 2405 557 2473 conceptuum
571 2415 637 2458 esee
651 2407 788 2458 naturam
804 2419 893 2475 quam
909 2419 998 2475 supra
1017 2403 1093 2460 dixi·
1148 2403 1254 2460 coloris
1268 2421 1357 2477 pecus
1371 2405 1528 2462 oriebatur.
1545 2407 1576 2463 ln
1593 2425 1626 2464 eo
1640 2413 1740 2464 cirtem
1755 2404 1813 2462 loco
1827 2403 1867 2460 ubi
1879 2398 1925 2456 sci·

273 2505 342 2546 mue
356 2491 376 2546 ⁴.
389 2489 547 2561 Postquam
562 2493 661 2546 autem
671 2490 733 2546 nati
749 2491 864 2548 fuerant
878 2491 964 2558 badi,
979 2497 1008 2548 et
1026 2493 1093 2565 agni
1149 2497 1232 2564 ptum
1246 2499 1303 2565 eet,
1317 2499 1347 2548 at
1361 2497 1532 2566 receperant
1546 2499 1576 2552 ia
1591 2499 1678 2569 circis
1693 2498 1723 2552 in
1746 2495 1854 2551 Hebrac
1870 2489 1927 2546 babtl

274 2578 347 2634 rarii
362 2583 393 2633 et
406 2577 565 2634 discolores
579 2594 614 2634 ex
629 2577 704 2636 albis
718 2583 747 2636 et
761 2579 850 2635 unius
872 2580 978 2638 coloris
999 2580 1094 2654 gregi-
1149 2583 1276 2638 lacoraria
1291 2583 1420 2653 (mutent)
1436 2584 1456 2639 ⁸.
1472 2584 1538 2641 Vim
1551 2585 1632 2640 verbi
1651 2584 1786 2642 Hebraici
1807 2581 1857 2638 nisi
1875 2573 1925 2633 tit

272 2668 330 2724 bus
345 2667 501 2738 separabat
514 2663 580 2723 illos
593 2668 691 2738 Jacob,
708 2673 737 2724 at
760 2667 860 2741 procul
884 2685 948 2725 esse
971 2670 1095 2726 iaciebat
1149 2670 1303 2727 circumitu
1320 2671 1480 2742 exprimere
1505 2689 1562 2730 non
1585 2690 1720 2746 possum.
1748 2675 1858 2729 laruam
1876 2664 1927 2721 eniu

273 2754 352 2814 “A
373 2754 540 2828 apristimc
555 2770 652 2828 grege.
668 2757 698 2812 Si
713 2757 764 2828 qui
780 2761 878 2813 autem
897 2758 1096 2814 nascebantur
1148 2760 1265 2832 proprie
1279 2759 1387 2816 dicitur
1402 2765 1550 2818 extremus
1565 2762 1594 2818 in
1611 2764 1693 2819 coitu
1716 2761 1801 2831 calar,
1825 2773 1871 2830 quc
1888 2767 1928 2808 oct

274 2842 493 2910 uniuecoloris,
515 2843 545 2899 id
567 2847 612 2902 est
632 2842 691 2901 albi
712 2845 771 2901 sive
795 2846 882 2918 nigri,
905 2846 1040 2902 tradebat
1063 2847 1093 2904 in
1147 2863 1203 2918 pus
1214 2864 1300 2904 omne
1314 2849 1491 2919 concutitur,
1508 2855 1537 2906 at
1550 2851 1680 2922 patranti
1700 2844 1837 2922 voluptati
1848 2841 1926 2900 drino

273 2943 382 2991 manus
405 2931 535 2991 illiorum
560 2932 660 2990 Labeo
676 2951 684 2990 τ
699 2937 728 2989 et
750 2935 877 3006 ponebat
899 2933 995 3007 virgas
1019 2952 1093 3008 quas
1147 2936 1278 2992 cattinis.

273 3021 513 3092 decorticaverat,
530 3020 560 3076 in
576 3021 729 3079 canalibus
743 3022 852 3093 quibus
867 3021 1093 3080 effundebantur
1183 3025 1263 3097 (Cap.
1278 3025 1373 3082 xxii.
1388 3057 1423 3068 -
1437 3026 1552 3083 verer
1571 3030 1599 3083 et
1620 3028 1665 3091 8),ι
1682 3049 1695 3080 ι
1718 3027 1753 3082 ut
1775 3028 1850 3098 pater
1865 3019 1928 3074 resta
1970 3087 1971 3090 Ἴ

273 3127 367 3184 aque,
392 3117 422 3167 et
440 3109 597 3168 veniabant
613 3111 651 3168 aa
675 3112 837 3184 potandum
855 3115 956 3167 contra
977 3127 1091 3183 pecora,
1147 3113 1288 3169 mentitus
1303 3113 1473 3184 estmibi,et
1488 3115 1612 3172 mutavit
1627 3116 1791 3172 mercedem
1805 3123 1884 3167 maeu
1898 3105 1927 3159 dt·

275 3203 308 3256 nt
322 3200 509 3274 conciperent
530 3213 564 3256 ao
578 3203 718 3271 tempore,
738 3213 806 3254 cum
827 3199 959 3255 venirent
979 3200 1015 3256 ed
1040 3217 1094 3273 po·
1110 3187 1132 3255 G
1150 3216 1213 3258 cem
1230 3201 1351 3263 vicibus,
1368 3207 1397 3258 et
1412 3219 1470 3258 non
1487 3203 1567 3259 dedit
1580 3204 1607 3260 ei
1623 3203 1702 3260 Deus
1718 3209 1749 3259 ut
1760 3189 1926 3258 noceretuibl

272 3289 410 3346 tandum.
1150 3289 1178 3344 si
1195 3289 1314 3360 dixerat,
1331 3290 1386 3346 boc
1399 3291 1513 3347 varium
1529 3307 1619 3364 pecus
1634 3293 1692 3348 erit
1707 3305 1814 3348 marces
1833 3291 1881 3348 lae,
1894 3295 1926 3372 ntj

308 3379 402 3446 (Vere,
417 3377 449 3433 tl
464 3379 493 3434 at
507 3375 564 3448 42.)
581 3397 595 3428 a
611 3375 645 3431 ltt
658 3375 860 3450 concipiebant
874 3392 979 3450 pecora
992 3383 1095 3437 contra
1149 3379 1286 3434 scebetur
1300 3380 1354 3450 [Al.
1371 3381 1550 3451 nasceretur]
1566 3395 1654 3437 omne
1666 3369 1927 3454 percarceralis

310 3520 491 3592 ¹Styreciaee
504 3519 670 3588 clauderes,
693 3523 748 3576 eto.
770 3517 889 3592 atiquot
912 3537 983 3578 mss.
1012 3523 1091 3580 codi—
1147 3524 1211 3578 rata
1224 3524 1279 3578 est
1912 3579 1915 3588 1

272 3606 331 3660 ees,
346 3593 490 3647 attrectare
500 3595 526 3648 et
540 3591 671 3646 araneas
690 3600 716 3646 et
732 3591 878 3664 platonicas
892 3609 902 3653 ,·
918 3592 977 3659 alii,
1001 3602 1091 3666 styra.
1183 3595 1193 3626 ⁵
1208 3591 1283 3661 Quod
1297 3595 1334 3648 art
1347 3609 1457 3650 emam
1470 3610 1523 3649 rraa
1534 3596 1664 3666 pertinet,
1689 3594 1773 3667 apud
1797 3587 1856 3647 [dii
1878 3583 1927 3651 lep·

273 3664 724 3730 remanareas,etc.llrnr1err.
1147 3681 1223 3727 raus,
1241 3666 1319 3719 Facta
1333 3674 1396 3720 sarit
1410 3669 1502 3720 catam
1516 3681 1572 3720 aaa
1590 3668 1708 3734 riperta
1738 3665 1819 3738 ipsias
1843 3655 1925 3729 loct}
1970 3689 1971 3704 r

307 3767 341 3777 -
356 3739 417 3791 Duc
432 3750 504 3792 mss.
517 3740 664 3805 styraceas,
680 3737 825 3802 matteras,
845 3739 870 3789 et
883 3736 1053 3806 plataninas.
1144 3737 1253 3806 signata
1269 3741 1360 3791 catera
1376 3738 1464 3807 ipsias
1478 3738 1570 3793 calcor.
1583 3737 1665 3802 Quod
1676 3751 1794 3792 sensnm
1805 3731 1878 3801 bipes
1889 3723 1925 3778 loc

306 3808 317 3843 ¹
330 3806 459 3862 Verbum
474 3813 534 3861 erat
548 3821 583 3860 ex
598 3821 670 3861 mes.
687 3809 715 3860 et
730 3804 857 3862 Victoria
864 3808 1045 3864 suffecimus.
1146 3823 1331 3878 nequaquam
1348 3808 1509 3878 exprimere
1525 3808 1808 3864 videturstttrnrnr.
1884 3857 1894 3886 ,

305 3877 363 3932 ³1d
378 3893 520 3960 perquam
535 3875 683 3948 eleganter
698 3876 848 3950 Oppianus
871 3877 902 3933 in
926 3879 1088 3952 Cyganetic.
1180 3909 1215 3918 -
1239 3876 1355 3933 Scilicet
1376 3877 1481 3952 ὲγένὲτο
1501 3874 1530 3930 δὲ
1559 3877 1656 3950 τὰμὲν
1679 3880 1771 3949 ἄσημα
1788 3877 1831 3928 τοῦ
1855 3867 1925 3926 stoa,
1970 3883 1971 3920 r

269 3947 458 4004 l.1eecrnit:
1144 3947 1177 4000 τὰ
1198 3945 1227 4002 δὲ
1257 3947 1378 4020 ἐπίσημα
1406 3952 1454 4003 τοῦ
1482 3941 1590 4016 ‘laedi
1620 3949 1812 4020 Cessaraatqae
1836 3939 1925 3996 tolera
1970 3989 1971 4000 ,

304 4043 406 4114 nater
421 4039 518 4098 δ’ἄλλα
535 4043 629 4118 βροτοὶ
644 4043 829 4121 πανεπίωρονι
842 4045 1000 4120 prelorum,
1144 4035 1207 4092 Μ
1233 4036 1286 4077 '²⁰²¹
1316 4024 1396 4075 mut
1423 4022 1533 4089 ΨΜ
1555 4036 1566 4082 ‚⁸
1581 4035 1643 4091 ⁹¹¹3
1661 4037 1732 4104 ,vm
1758 4019 1838 4089 mm
1859 4003 1925 4124 mni}
1970 4097 1971 4110 ,

303 4111 400 4170 Πῶλον
422 4113 726 4191 ἔπιγράφαικᾶννηδῦϊ
742 4093 1017 4191 ᾑητρὸςὲοντα,θὶο.
1143 4092 1252 4147 ‘'asom''
1286 4094 1351 4146 ΜΠ
1380 4107 1459 4158 vemt
1492 4107 1551 4162 ‘1¹¹⁰
1581 4097 1704 4148 muna
1735 4095 1763 4145 et
1790 4089 1923 4154 mmm·

1141 4163 1335 4234 Hieronymus
1367 4162 1576 4234 interpretatur
1609 4161 1789 4220 autumnalis
1816 4171 1845 4212 ac
1867 4157 1924 4204 reret

301 4205 518 4263 mamm
533 4206 626 4260 “mm
640 4220 712 4278 &W
727 4207 855 4262 im'fflm
868 4211 973 4278 ³⁰9³&
1144 4234 1283 4307 temporis
1299 4235 1376 4288 letus
1391 4233 1549 4316 (siquidem
1563 4249 1597 4289 ex
1616 4239 1681 4305 aJ'us
1707 4250 1772 4290 mox
1790 4215 1912 4296 dissecati
1970 4223 1971 4258 ³

304 4277 767 4350 mmuummmnwarimum
775 4278 1089 4346 ms‘mth'ffi‘d’em
1143 4304 1298 4372 sententia,
1315 4321 1382 4361 oves
1396 4322 1426 4360 rn
1442 4305 1639 4377 Mesopotania
1659 4306 1705 4362 bis
1729 4305 1771 4358 sin
1793 4297 1843 4355 ulis
1863 4299 1924 4348 aaut

264 4373 710 4518 terribilitatis
734 4373 1088 4515 lliirllillliii³⁵⁵it
1142 4317 1923 4520 tlltltttillicitabat-“tiliaaltitult

265 4521 293 4572 S.
311 4517 465 4584 isidorum,
482 4515 533 4580 lib,
546 4533 586 4572 au
602 4515 708 4584 Oricia.
720 4530 784 4585 cap.
799 4515 822 4584 l,
836 4515 886 4569 ubi
895 4516 1016 4573 totidem
1028 4490 1087 4576 iere
1145 4534 1202 4573 non
1228 4509 1419 4590 supposuisse
1432 4491 1573 4574 iacobum
1587 4535 1655 4575 curn
1681 4489 1799 4574 eutu’mn
1826 4525 1853 4564 es
1871 4503 1924 4558 ftt¹¹⁵

264 4585 361 4644 verbis
375 4587 584 4660 Hieronymum
598 4585 748 4667 describit.
787 4655 792 4667 Ι
846 4656 854 4667 ,
980 4659 986 4670 ·
1103 4561 1372 4662 Dranciperentur,
1399 4593 1498 4662 utpote
1530 4590 1745 4653 imbecilliores,
1780 4596 1846 4656 quos
1869 4571 1923 4648 ultro

300 4659 474 4731 *Parlqacm
485 4669 587 4714 actem.
603 4661 654 4711 liro
673 4672 707 4710 ex
727 4654 794 4711 libri
819 4659 854 4710 Hi
875 4663 1004 4738 poerabs
1022 4661 1086 4717 edi·
1140 4660 1256 4716 Lebano
1271 4661 1451 4717 concederet.
1468 4659 1526 4716 Etsi
1540 4660 1618 4718 enim
1629 4651 1922 4734 proditumeeontrertt

263 4729 305 4786 tio
320 4729 493 4786 Eroemiana
507 4728 662 4810 bratoriam
676 4725 749 4782 ialso
764 4673 906 4798 obtrudit,
922 4747 1010 4802 quara
1035 4749 1085 4789 cc·
1140 4732 1178 4786 eit
1190 4731 1360 4798 Columella,
1379 4731 1430 4797 lib,
1441 4747 1502 4792 var.
1520 4734 1611 4804 rapo
1627 4751 1633 4786 :
1652 4755 1666 4780 a
1683 4730 1778 4811 Melior
1790 4727 1831 4782 est
1852 4722 1922 4787 ,gaus

264 4802 344 4859 dives
360 4817 433 4858 msa.
450 4817 508 4856 non
524 4803 660 4854 teltssssnl·
677 4800 820 4854 ΗΑΒΤΙΑΝ.
1138 4801 1320 4858 autumnalis
1341 4819 1440 4870 verno,
1471 4801 1544 4859 sicul
1564 4804 1604 4859 ait
1636 4805 1783 4858 rarissime
1808 4789 1898 4865 celaui,
1911 4799 1921 4826 l

299 4873 389 4928 -ux
404 4873 433 4929 S.
450 4869 627 4942 Augustino,
642 4875 746 4940 quest.
762 4871 798 4924 93
819 4872 849 4926 ia
876 4872 940 4928 Gerr.
966 4891 1024 4930 non
1053 4879 1086 4929 ut
1139 4878 1207 4942 etc„
1242 4876 1284 4928 sic
1318 4879 1415 4929 tamen
1453 4874 1599 4930 conciliari
1635 4873 1711 4930 cum'
1731 4863 1920 4948 uiemnrmtffl

264 4943 451 5026 blartianarue
466 4943 561 5024 putat,
574 4957 609 4996 ex
624 4940 718 5012 ipsius
733 4942 917 5024 Hippocratis
928 4944 1021 5010 libris,
1033 4945 1086 5001 bu·
1139 4945 1284 5000 sententia
1299 4951 1405 5016 potest,
1422 4949 1454 5026 ut
1467 4949 1495 4999 S.
1512 4945 1612 5001 doctor
1627 4947 1663 5001 de
1678 4945 1859 5028 conceptionis
1868 4933 1920 5046 letbsso·

259 5012 1084 5157 'attitulatlllltitltitlttttltftl?
1139 5018 1445 5161 tltutlilttltf
1458 5005 1919 5169 ittlttattttttttta

263 5156 387 5211 trudunt
402 5173 408 5210 :
425 5179 438 5206 a
457 5155 491 5210 Et
501 5155 643 5226 scriptum
660 5157 804 5229 reperitur
818 5158 847 5213 in
867 5157 951 5215 libris
975 5158 1083 5230 llippo·
1139 5175 1203 5230 quae
1219 5176 1284 5215 vere
1296 5159 1415 5229 quidem
1426 5165 1648 5230 conciperentur
1662 5160 1697 5214 ad
1712 5157 1846 5226 virgarum
1858 5148 1918 5206 repr

263 5225 361 5292 cratis,
378 5226 454 5307 quod
481 5226 614 5296 quadarn
639 5227 755 5301 (supple
779 5228 894 5300 mulier)
918 5229 1083 5302 suspicione
1137 5236 1227 5296 cturn,
1243 5232 1398 5286 ederentur
1416 5235 1513 5285 autern
1528 5237 1680 5288 autumno.

262 5292 398 5352 adulterit
430 5299 525 5354 iuerat
554 5297 714 5371 punienda,
742 5315 809 5355 cum
852 5299 1082 5373 pulcherrimum
1173 5301 1403 5374 ‘Aliqualmss
1422 5303 1731 5372 Etaprralr'taterrr.etc.
1903 5343 1907 5352 ,

261 5366 377 5449 (supple
392 5370 526 5494 puerum?
552 5370 723 5443 peperisset.
741 5372 857 5443 utrique
881 5374 1005 5445 paranti,
1033 5389 1081 5445 ge-
1172 5375 1181 5407 ⁷
1200 5373 1289 5428 lidem
1306 5373 1443 5444 orrirlqaid
1457 5390 1519 5428 raro
1537 5379 1641 5445 postca,
1665 5377 1693 5428 et
1714 5381 1775 5424 mcx
1789 5377 1796 5415 ³
1809 5363 1865 5416 ΠΜ
1882 5359 1915 5398 '¹¹'

260 5453 382 5519 aerique
396 5439 511 5497 dissrmr
525 5457 582 5510 em,
599 5441 655 5498 nisi
669 5449 849 5498 memoratus
873 5445 1005 5501 medicus
1027 5443 1082 5501 ecl·
1135 5445 1189 5513 pri,
1206 5461 1286 5529 quarn
1302 5445 1361 5498 alii
1374 5444 1485 5500 coloris.
1792 5507 1798 5520 ,

259 5515 349 5566 visset
363 5511 563 5584 questionem,
581 5529 703 5569 monens
718 5513 804 5596 (Aug.
829 5514 888 5572 illis
912 5515 1081 5588 admonitis)
1171 5516 1278 5570 tonus
1301 5515 1418 5588 Reginae
1446 5531 1502 5576 ms.
1530 5515 1637 5571 Graecis
1658 5509 1756 5570 litteris
1781 5487 1911 5556 lebild-il

260 5597 440 5666 quererere
456 5582 530 5666 torta
544 5581 644 5654 aliqua
668 5584 736 5640 talis
754 5593 871 5659 picture
883 5593 961 5644 esset
983 5589 1013 5646 in
1029 5605 1081 5646 cu·
1136 5589 1261 5660 utroque
1271 5585 1301 5644 in
1318 5586 1392 5658 loro,
1408 5585 1482 5644 alius
1498 5586 1600 5646 Latine
1614 5589 1751 5646 lacaena.

260 5653 358 5716 broulo
374 5671 424 5730 ,ro
438 5659 632 5734 coarctante,
650 5653 757 5714 muller
776 5673 794 5714 a
816 5657 982 5734 suspicione
1006 5658 1079 5720 liba·
