4068 6170
249 237 327 338 riri
735 322 738 330 .
996 267 1207 333 neruunrx.
1853 275 1911 338 rita

251 406 340 464 David
356 421 447 478 supra
462 408 567 462 notate
582 403 653 476 sint,
675 407 703 462 et
728 421 787 460 non
811 403 947 460 dicantur
968 419 1073 460 uxores
1088 405 1115 470 A
1130 403 1230 475 Spious
1246 404 1334 460 tritici
1351 406 1436 478 quusi
1452 423 1541 462 causa
1555 405 1750 480 primitiarum
1767 404 1913 479 taleruntpt
1990 429 1991 472 1

249 494 352 564 David,
368 499 397 552 et
411 493 459 552 hic
475 493 538 552 sola
551 495 622 569 Egla
636 512 710 551 uxor
730 495 846 550 dicatur
869 491 959 548 David
975 492 989 547 ‘i
1004 491 1075 564 Egla
1129 492 1269 550 bonorem
1287 495 1346 567 regi
1363 496 1474 552 deterre
1489 495 1666 564 viderentur,
1686 499 1714 550 ot
1736 510 1830 552 eorum
1850 495 1912 554 dolus

249 584 329 640 enim
344 583 409 657 ipsa
422 587 468 641 est
482 581 599 650 Michol,
616 601 678 656 que
695 583 759 638 ideo
774 598 848 638 uxor
861 583 924 651 ejus
941 580 988 637 hic
1012 580 1074 636 sola
1129 597 1314 655 nequaquam
1330 584 1605 656 deprehenderetur.

249 676 378 742 voantur,
408 672 486 744 quod
516 672 545 728 in
574 669 771 729 adolescentia
811 669 939 741 primum
978 671 1073 742 ipsam
1166 687 1442 759 (Cap‚v‚„v0,5·
1459 693 1485 748 Α,
1508 693 1574 762 5,)«
1599 689 1689 748 pilius
1713 690 1827 764 triginta
1844 708 1912 748 amm,
1990 719 1991 728 ,

249 759 474 816 80rlll11⁸lu⁰rll
490 761 519 815 ln
534 776 666 827 limem,
688 775 751 831 (1¹¹oe
768 758 855 814 ellam
885 762 970 830 palm
985 775 1071 814 ⁰⁰⁰⁰·
1129 791 1193 830 ram
1208 781 1270 831 erat
1285 777 1373 834 David
1390 796 1456 835 curn
1471 795 1593 852 regnare
1608 780 1737 851 cepisset
1753 796 1759 834 :
1776 784 1802 833 et
1815 781 1914 851 quadra·

250 848 480 906 buissndicitur.
497 848 567 922 Egla
581 848 680 920 itaque
696 847 906 919 interpretatur
920 847 1018 902 vitulo.
1127 863 1210 934 ginta
1225 865 1310 921 anni,
1338 870 1480 938 regnavit·
1512 871 1542 924 ln
1563 869 1676 924 Hebron
1696 867 1830 940 regnavit,
1850 885 1914 941 supe,

284 956 377 1029 (Vera,
392 955 430 1023 8.)
445 978 458 1006 a
475 955 614 1027 Nunquid
631 958 721 1027 caput
735 953 817 1010 canis
845 969 897 1026 ego
929 969 994 1009 sum
1021 953 1071 1008 ad·
1127 951 1233 1010 Judam
1254 958 1366 1026 septem
1382 957 1468 1013 annis
1483 961 1511 1013 et
1527 975 1576 1014 sex
1590 955 1753 1013 mensibus.
1778 957 1807 1011 ln
1823 957 1913 1013 Jerusa-

247 1060 351 1101 versus
377 1045 514 1101 Judam‘l
532 1067 542 1093 ι
569 1045 611 1099 Ac
639 1043 664 1099 si
692 1043 802 1100 diceret
818 1061 824 1098 :
840 1046 962 1114 Propter
990 1047 1018 1097 te
1045 1046 1073 1098 et
1127 1040 1183 1096 lem
1196 1047 1294 1097 autem
1310 1045 1442 1116 regnavit
1455 1041 1576 1119 triginta
1591 1050 1620 1100 et
1634 1045 1729 1100 tribus
1744 1044 1826 1100 annis
1849 1062 1914 1116 super

246 1137 368 1206 propter
381 1133 502 1188 domum
519 1131 610 1204 patris
626 1131 668 1187 tui
683 1130 766 1187 dicor
788 1135 877 1203 capnt
901 1131 984 1186 canis
1007 1146 1072 1186 osse
1127 1145 1243 1185 ornnem
1261 1130 1349 1187 lsrael
1364 1137 1393 1188 et
1406 1133 1522 1189 ludam.
1549 1154 1563 1183 a
1588 1133 1732 1199 Quaeritur
1755 1149 1806 1188 cur
1830 1150 1877 1188 uon
1895 1135 1915 1188 iu

245 1225 346 1277 eontra
360 1221 477 1288 dudam,
494 1237 526 1276 eo
542 1221 620 1292 quod
637 1238 694 1276 non
719 1219 857 1276 reducam
882 1219 1003 1276 domum
1029 1221 1071 1275 ts·
1126 1234 1244 1274 summa
1260 1221 1456 1294 qnadraginta
1470 1222 1538 1278 anni
1554 1227 1583 1278 et
1597 1239 1646 1278 sex
1670 1237 1785 1277 menses
1802 1238 1916 1275 annume-

246 1308 306 1364 rael
326 1309 360 1364 ad
387 1309 476 1365 David
503 1312 560 1380 que
582 1308 641 1364 scio
664 1312 786 1364 unctum
815 1323 879 1364 esse
907 1324 1016 1380 regam,
1043 1312 1072 1362 et
1126 1309 1227 1362 rentur
1241 1307 1255 1362 l
1269 1309 1350 1373 Quod
1362 1309 1399 1365 ab
1414 1309 1542 1367 Heraeis
1556 1311 1672 1366 duobus
1698 1309 1820 1366 solvitur
1836 1309 1916 1365 modis.

246 1400 435 1470 regnaturum
452 1413 540 1469 super
555 1397 723 1453 universum
755 1396 853 1452 lsrael.
871 1400 964 1470 Caput
988 1396 1071 1452 canis
1126 1393 1232 1450 Dicunt
1256 1397 1333 1452 enirn
1357 1398 1427 1469 quia
1450 1398 1540 1454 David
1560 1416 1610 1454 sex
1635 1399 1788 1455 mensibus
1808 1397 1916 1454 absalon

244 1502 275 1542 se
290 1486 362 1542 dicit
376 1503 451 1555 esse,
465 1486 494 1541 id
512 1484 669 1554 ostvilem,
685 1503 718 1542 eo
736 1487 813 1559 quod
839 1503 856 1542 n
884 1487 971 1542 domo
994 1486 1072 1542 luda
1127 1481 1219 1538 fllium
1236 1502 1323 1541 sunm
1351 1487 1466 1558 sugerit,
1491 1488 1591 1544 merito
1616 1489 1734 1543 eosdem
1758 1503 1807 1542 sex
1829 1503 1916 1542 meuses
1990 1547 1991 1554 ,

244 1574 462 1632 aichaberatnr
491 1575 569 1631 sicut
598 1574 722 1631 latratus
750 1575 833 1630 canis
851 1593 857 1630 z
876 1578 902 1630 ct
931 1592 964 1630 ro
994 1575 1070 1646 quod
1126 1575 1701 1647 asumniaragniiltiusesseexclusos.
1728 1575 1831 1631 Dicunt
1850 1575 1915 1630 etiarn

205 1665 207 1673 '
243 1663 380 1737 princeps
395 1667 473 1720 esset
493 1679 610 1734 nanum,
628 1663 656 1718 id
672 1667 717 1720 eet
730 1664 889 1720 stultorum
905 1663 1069 1719 bominum.
1125 1661 1220 1730 aliter,
1237 1664 1314 1734 quod
1339 1681 1389 1720 sex
1404 1664 1553 1720 mensibus
1574 1665 1603 1721 in
1632 1665 1748 1720 Hebron
1771 1663 1917 1736 Davidqua·

279 1753 372 1823 (Vera.
388 1753 447 1822 l3.)
463 1777 475 1802 a
492 1752 546 1808 Sed
564 1769 651 1808 unam
670 1768 730 1808 rem
753 1761 818 1826 peto
842 1771 859 1808 n
884 1756 921 1823 te,
948 1753 1068 1808 dicens:
1087 1775 1110 1838 B
1126 1751 1193 1806 dam
1221 1751 1391 1808 infirmitate
1414 1753 1544 1826 corporis
1574 1753 1760 1820 laboraverit,
1785 1758 1812 1808 et
1836 1753 1917 1807 idcirco

242 1841 305 1898 Non
321 1841 432 1897 videbis
449 1842 551 1897 laniem
569 1857 664 1897 meam
681 1847 838 1912 antequam
855 1841 1071 1898 adduxerisltli-
1125 1839 1243 1894 cosdem
1259 1856 1308 1895 sax
1325 1857 1440 1897 menses
1456 1859 1513 1898 non
1530 1844 1684 1915 supputari
1699 1845 1729 1898 in
1756 1858 1839 1915 regno
1861 1843 1915 1912 ejus.

246 1929 311 1986 obul
328 1929 417 1986 tiliam
433 1928 514 1997 Saul,
530 1933 558 1986 et
572 1930 614 1986 sic
642 1929 751 1996 uenies,
782 1935 810 1986 et
840 1929 952 1986 videbis
981 1947 1067 1984 me.»
1126 1927 1167 1981 Ex
1181 1943 1215 1983 eo
1238 1945 1364 2000 namque
1378 1935 1508 2003 tempore
1527 1931 1611 1986 illum
1627 1947 1767 2004 regnasse
1790 1932 1879 1986 dicunt
1897 1931 1917 1983 in
1990 1951 1991 1954 ¹

244 2021 295 2075 nst
322 2019 400 2076 enim
424 2019 628 2084 hicdclectus,
646 2023 674 2074 et
698 2019 863 2074 necessaria
889 2018 1068 2084 subauditio,
1124 2015 1251 2082 Hebron,
1267 2033 1302 2072 ex
1330 2035 1400 2089 quo,
1429 2019 1550 2076 devictis
1573 2019 1753 2084 Amalecitis‚
1783 2020 1817 2074 de
1841 2018 1917 2091 spoliis

242 2107 771 2180 quarespondissolerturllbnernd
802 2107 902 2174 David,
935 2125 966 2163 se
995 2107 1070 2162 hanc
1123 2122 1224 2161 eorum
1241 2107 1322 2161 misit
1336 2108 1412 2162 dona
1428 2107 1594 2164 senioribus
1616 2109 1702 2173 luda,
1721 2106 1768 2163 iris
1783 2108 1829 2180 qui
1857 2113 1918 2160 erant
1990 2117 1991 2132 ¹

243 2213 304 2253 rem
321 2197 437 2269 penitus
454 2213 510 2252 non
526 2212 612 2268 posse
628 2195 732 2252 faeere.
759 2201 791 2250 ut
812 2195 838 2251 ei
862 2195 966 2250 Michol
983 2196 1068 2250 redu·
1124 2194 1154 2249 in
1169 2193 1295 2267 Hebron,
1311 2202 1339 2252 et
1353 2195 1404 2252 his
1421 2195 1571 2268 quierant
1594 2199 1623 2252 in
1640 2196 1751 2266 bethel,
1777 2201 1805 2250 ot
1825 2193 1918 2266 reliquis

242 2290 330 2350 caret,
347 2286 474 2358 eoquod
491 2285 580 2342 irater
594 2285 659 2356 ejus
675 2301 724 2340 rex
739 2301 803 2340 enm
828 2283 949 2340 haberet
972 2284 1001 2339 in
1017 2301 1070 2356 po·
1125 2284 1175 2354 qui
1191 2290 1274 2340 erant
1288 2285 1318 2339 in
1333 2285 1380 2341 his
1395 2285 1466 2341 lonis
1479 2285 1508 2340 in
1532 2287 1641 2358 quibus
1665 2290 1859 2346 commoratus
1875 2285 1918 2338 lue-

242 2377 348 2432 testnto
364 2391 371 2430 :
387 2379 416 2430 et
430 2390 572 2448 responso
588 2373 788 2430 excusationis
804 2373 917 2429 ratione
931 2373 1016 2445 pleno
1032 2375 1069 2428 ab
1123 2374 1169 2426 rat
1183 2372 1273 2428 David
1291 2373 1353 2445 ipse
1368 2379 1396 2429 et
1410 2373 1464 2428 viri
1479 2375 1554 2445 ejus.

242 2479 276 2520 eo
292 2463 380 2519 David
396 2467 513 2536 accepto
529 2462 647 2520 misisse
663 2479 714 2535 pro
741 2479 775 2518 ea
799 2463 834 2518 ad
864 2463 928 2534 ejus
950 2465 1068 2517 tratrem
1159 2461 1254 2533 (Vere.
1270 2463 1346 2533 6.)«
1365 2464 1538 2536 Dictnmqna
1563 2470 1606 2520 est
1633 2464 1667 2519 ad
1698 2463 1791 2518 David
1819 2463 1918 2518 abeis:

242 2552 375 2609 isboseth
391 2551 507 2624 legitur,
525 2553 602 2609 siout
616 2552 769 2624 sequentia
784 2551 943 2608 declarant.
1124 2549 1186 2606 Non
1204 2549 1375 2622 ingredieris
1390 2550 1457 2622 hnc,
1475 2553 1531 2607 nisi
1548 2550 1704 2608 abstuleris
1724 2569 1813 2607 cacos
1827 2555 1851 2605 et
1861 2547 1920 2603 clan-

278 2641 371 2712 (Vera.
387 2641 444 2713 ll.)
461 2664 474 2692 a
492 2641 568 2698 Misit
583 2647 681 2698 autem
698 2642 789 2698 David
801 2642 921 2698 nuntiam
936 2641 971 2698 ad
991 2641 1068 2697 labo·
1123 2638 1176 2693 dos
1192 2639 1321 2694 dicentes
1338 2656 1344 2694 :
1361 2640 1422 2696 Non
1440 2640 1620 2714 ingredietur
1634 2641 1724 2696 David
1741 2641 1806 2696 huc.
1828 2663 1841 2690 a
1862 2640 1892 2693 Aa
1903 2637 1919 2691 si

242 2729 306 2786 seth
327 2729 420 2785 tilium
451 2729 530 2796 saul,
559 2731 680 2787 dicens:
698 2730 796 2786 Redde
824 2746 944 2786 uxorem
973 2747 1067 2787 meam
1122 2726 1238 2782 dicatur
1252 2729 1288 2784 ab
1306 2729 1450 2786 eis:Non
1467 2730 1645 2803 ingredietur
1660 2729 1721 2786 huc
1741 2729 1836 2795 David,
1851 2729 1919 2781 donoc

247 2817 471 2891 Michol,quam
495 2819 638 2892 despondi
668 2819 740 2874 mibi
770 2823 886 2875 centum
917 2819 1069 2891 praeputiis
1124 2833 1177 2872 nos
1201 2817 1269 2873 binc
1296 2819 1418 2885 unierat,
1456 2836 1530 2890 quos
1567 2819 1694 2874 inermes
1722 2823 1752 2874 et
1789 2813 1920 2872 imbecilles

243 2907 412 2964 Philistiim.
432 2929 445 2956 a
1123 2905 1200 2962 sicut
1220 2923 1310 2962 cacos
1337 2912 1365 2961 ct
1394 2904 1515 2963 claudos
1544 2923 1608 2962 esse
1637 2907 1794 2976 arbitretur,
1819 2911 1845 2960 et
1865 2919 1919 2975 quos

277 2996 370 3068 (Vere.
385 2997 443 3068 33.)
459 3017 473 3046 «
490 2995 697 3068 plangensque
713 3014 760 3052 rrx
776 3001 806 3052 ot
831 2995 936 3068 lugens
959 2995 1066 3064 abner,
1122 2993 1197 3050 bello
1213 2997 1496 3067 aggressurus,sicut
1510 3012 1601 3052 cacos
1616 3001 1644 3051 et
1658 2995 1782 3052 claudos
1797 3011 1825 3051 se
1839 2994 1919 3048 triun-

241 3083 303 3140 ait:
320 3084 524 3157 Nequaquam,
541 3089 573 3140 ut
588 3085 660 3140 mori
675 3084 770 3141 solent
784 3085 892 3157 ignavi,
918 3093 1063 3152 mortuns,
1122 3083 1280 3155 phaturnm
1297 3089 1390 3156 putat.

241 3174 341 3228 Abner
358 3190 364 3228 :
380 3195 395 3224 a
413 3173 467 3229 hoc
484 3181 525 3229 eet
541 3189 597 3228 non
616 3173 725 3244 periisti
741 3173 770 3228 in
786 3173 910 3228 stultitia
925 3171 1066 3239 tua,sicnt
1157 3172 1308 3243 (Versata
1327 3173 1436 3229 Idcirco
1449 3173 1556 3230 dicitur
1567 3173 1596 3230 iu
1619 3173 1775 3230 proverbio
1790 3173 1920 3228 :Cacusat

242 3261 340 3334 ignavi
356 3262 449 3334 perire
464 3261 559 3318 solent
575 3279 581 3317 ε
597 3261 666 3334 quia
682 3262 782 3318 l'raude
797 3263 935 3334 deceptus
950 3278 991 3317 es.
1121 3260 1475 3318 claudusnonintrabunt
1488 3264 1517 3318 in
1535 3263 1710 3336 templum.»
1724 3264 1755 3320 ln
1767 3259 1919 3318 Hebreoha-

277 3348 430 3422 (verast.
448 3371 463 3400 a
479 3350 583 3406 Manus
600 3354 656 3406 luae
672 3367 728 3406 non
740 3355 809 3406 suut
824 3349 963 3422 ligatae,et
978 3349 1066 3422 pedes
1123 3350 1206 3404 betur
1224 3367 1230 3402 :
1249 3373 1262 3399 a
1278 3351 1377 3407 Cacus
1392 3356 1420 3408 et
1433 3352 1556 3408 claudus
1571 3369 1628 3408 non
1645 3352 1771 3408 intrabit
1791 3352 1916 3406 domama

248 3439 292 3495 tui
307 3455 365 3494 non
382 3443 451 3494 sunt
465 3438 655 3511 compedibus
672 3438 831 3510 aggravati.
850 3461 863 3488 s
879 3439 941 3496 Non
957 3455 988 3494 os
999 3439 1067 3509 jure
1121 3437 1175 3492 hoo
1191 3443 1247 3505 est,
1265 3455 1357 3494 caecus
1374 3443 1402 3495 et
1413 3439 1546 3506 claudus,
1559 3441 1861 3496 subauditurdicnnt:
1874 3437 1918 3491 lton

241 3526 480 3599 bellicaptus,et
505 3531 691 3583 mennatum
718 3544 775 3583 non
806 3532 875 3584 sunt
901 3526 1007 3601 ligate,
1038 3530 1067 3582 ct
1122 3526 1244 3582 intrabit
1259 3527 1383 3599 quilibet
1397 3529 1515 3584 domum
1546 3545 1687 3586 cmoorunr
1714 3535 1744 3585 et
1772 3527 1917 3584 claudorum

242 3617 330 3688 pedes
344 3615 536 3689 compedibus
551 3617 710 3688 aggravati,
736 3616 813 3672 sicut
835 3632 936 3673 eorum
959 3631 1065 3671 manus
1120 3615 1250 3686 quandiu
1267 3631 1360 3672 carens
1375 3621 1404 3672 et
1419 3617 1540 3674 claudus
1556 3619 1636 3674 intus
1652 3618 1772 3674 luerint.

241 3705 336 3762 solent
350 3704 447 3778 ligari,
464 3709 493 3761 ct
502 3705 590 3778 pedes
604 3705 716 3772 vinciri,
742 3706 793 3777 qui
818 3705 846 3761 in
874 3703 972 3776 prelio
1001 3704 1075 3777 capi·
1157 3722 1249 3794 (Μ)
1265 3745 1278 3772 „
1296 3723 1488 3794 Proposuerat
1499 3724 1576 3780 enim
1588 3725 1617 3779 in
1633 3724 1680 3780 die
1694 3723 1748 3780 illa
1761 3722 1845 3780 David
1864 3736 1917 3792 pra·

241 3794 346 3851 solent.
362 3793 432 3850 Dolo
447 3794 546 3866 igitur,
561 3809 619 3848 non
635 3793 747 3850 viribus
761 3799 930 3866 peremptus
945 3810 987 3848 es.
1122 3809 1213 3866 mium
1239 3809 1289 3883 quq
1316 3813 1510 3884 percussisset
1533 3813 1715 3880 pepusam,
1747 3818 1776 3868 ea
1803 3811 1919 3882 tetigisset

276 3882 355 3954 (Gap.
373 3881 471 3936 lV.·-
485 3881 566 3937 veis·
584 3884 610 3936 ²·
628 3885 639 3948 l
654 3903 668 3932 “
691 3882 753 3937 ⁰¹¹⁰
775 3886 872 3937 illem
897 3881 961 3950 Visis
987 3882 1065 3953 prin·
1121 3900 1272 3955 domatum
1287 3899 1412 3970 listulas,
1430 3907 1459 3958 et
1474 3902 1644 3958 abstulisset
1656 3902 1781 3959 claudos
1804 3906 1830 3957 ct
1850 3913 1918 3954 cecos

241 3970 321 4043 cipes
335 3969 482 4026 latronum
498 3974 582 4025 erant
597 3967 656 4024 filio
670 3970 756 4025 Saul:
774 3985 880 4024 nomen
903 3969 951 4024 uui
970 3969 1083 4026 baana.
1120 3988 1252 4043 odientes
1265 3990 1394 4045 ,nimum
1411 3989 1512 4046 David·
1531 3990 1584 4046 ,ln
1599 3991 1720 4046 Hem„
1736 3993 1776 4047 ita
1794 3990 1917 4045 bahem

242 4063 271 4114 et
287 4073 392 4113 nomeu
408 4057 489 4114 alteri
507 4057 633 4125 Rechab,
651 4057 702 4112 ntii
726 4058 869 4114 Remmnn
899 4058 1064 4126 berothitae,
1121 4100 1135 4126 „
1152 4077 1186 4132 Et
1202 4077 1274 4132 dixit
1289 4076 1378 4134 1),qu
1393 4077 1423 4133 in
1440 4080 1486 4134 die
1501 4077 1551 4134 111,
1567 4097 1573 4134 ³
1590 4078 1643 4142 Qui
1658 4078 1835 4152 pemugseffl
1847 4075 1917 4132 John.

241 4148 277 4203 dfl
294 4145 361 4203 fillis
377 4146 539 4216 Beniamin·
557 4169 570 4196 ’³
590 4148 648 4202 ⁰¹¹⁰
664 4146 715 4203 llll
733 4146 782 4202 lssll
811 4147 958 4220 Psisssslpes
984 4151 1067 4202 elam
1120 4182 1223 4232 saum,
1240 4170 1267 4220 et
1290 4167 1419 4239 tetigerit
1442 4167 1582 4238 fistulam,
1607 4172 1636 4223 et
1661 4167 1784 4226 claudos
1807 4171 1833 4223 et
1846 4179 1917 4221 cacos

241 4252 331 4310 super
345 4235 543 4308 expeditiones
560 4235 700 4292 isboseth.
721 4236 834 4293 Mortuo
863 4253 929 4292 vero
958 4234 1065 4304 Abner,
1120 4253 1395 4310 odienqeganqmam
1410 4255 1498 4310 David
1518 4274 1553 4324 3,
1577 4257 1765 4326 subauditum
1790 4255 1916 4325 emm.

241 4329 274 4380 ut
290 4324 399 4381 Hebraei
416 4326 548 4390 trudunt,
564 4324 710 4381 conciliati
726 4330 797 4380 suut
811 4341 877 4380 oum
892 4323 1067 4396 ltlipbiboset
1121 4358 1189 4414 ceps
1203 4346 1231 4397 eq
1246 4341 1315 4410 dux,
1336 4343 1414 4398 sicut
1429 4343 1503 4400 libe,
1527 4345 1773 4417 Paralipomenon
1801 4342 1918 4407 declam

245 4419 277 4469 ut
293 4430 352 4470 una
376 4412 574 4470 interficerent
588 4413 763 4479 isboseth,et
777 4411 1066 4484 eumdemlttipnibo-
1120 4431 1176 4486 hoc
1192 4432 1278 4487 modo
1295 4431 1396 4488 dicens
1411 4449 1417 4487 ;
1435 4433 1529 4488 Omni,
1543 4435 1591 4504 qm·
1603 4437 1771 4504 ,mum-3
1789 4433 1917 4490 jehum,

243 4502 307 4559 seth
337 4501 549 4559 constituerent
590 4518 686 4574 regem
716 4506 767 4558 :et
789 4501 922 4572 ejusdem
947 4499 1607 4592 coneiliil)inprimis,eriqprpmpsepdux·
1634 4523 1760 4579 mendi,
1778 4524 1857 4594 ,θέων
1875 4516 1918 4590 pn:

242 4589 404 4648 delatorem
420 4589 616 4661 llliphiboseth
638 4590 794 4646 exstitisse.
825 4589 860 4644 ut
882 4588 989 4644 idcirco
1018 4589 1065 4645 hic
1120 4608 1258 4665 moroan
1272 4609 1473 4681 fipfmsmqae,
1490 4614 1515 4666 et
1528 4614 1616 4682 pacm,
1636 4619 1674 4666 ω
1699 4614 1825 4684 „imm
1849 4607 1919 4680 (tra-

242 4681 322 4738 idem
339 4678 538 4751 ltlipbiboseth
554 4677 807 4735 subintroducitur
822 4677 875 4733 boc
892 4679 987 4734 modo.
1122 4697 1175 4752 rap,
1190 4714 1228 4765 q„
1244 4697 1282 4768 q)⁸
1298 4695 1379 4760 Quod
1395 4703 1492 4754 autem
1509 4699 1579 4754 dicit
1596 4716 1630 4754 ,α
1647 4699 1700 4766 Qui
1717 4699 1841 4772 tetigerit
1853 4696 1918 4749 fietu.

279 4788 373 4861 (Vars.
391 4783 429 4858 l.)
446 4807 460 4836 a
476 4788 543 4840 [irat
557 4787 655 4840 antem
671 4783 802 4840 Jonathae
820 4782 879 4839 filio
895 4783 964 4840 Saul
988 4783 1066 4839 filias
1122 4785 1193 4857 lam,
1211 4808 1224 4836 »
1242 4787 1283 4842 ita
1297 4785 1521 4861 intelligendum
1537 4792 1581 4844 est
1597 4804 1604 4843 :
1622 4787 1675 4852 Oui
1692 4793 1778 4844 tauta
1793 4784 1872 4842 luerit
1883 4797 1920 4836 uu·

243 4874 349 4934 debilis
365 4873 489 4949 pedibus
507 4892 513 4930 :
531 4873 732 4946 quinquennis
760 4872 837 4930 enim
868 4873 923 4928 luit
950 4874 1068 4945 qnando
1125 4874 1212 4930 daciae
1229 4879 1258 4930 et
1273 4875 1463 4940 fortitudinis,
1480 4876 1559 4931 utad
1576 4893 1693 4932 murum
1709 4875 1833 4931 civitatis
1846 4883 1919 4941 usque

243 4965 322 5021 veuit
336 4963 459 5020 nuntius
475 4963 510 5018 de
527 4961 605 5031 Saul,
623 4967 651 5018 et
665 4961 812 5017 Jonathan
843 4977 877 5017 ex
901 4961 1025 5030 iezrael,
1056 4985 1069 5011 u
1124 4963 1444 5032 reniat‚sthustasua
1464 4963 1593 5020 fistulam
1621 4981 1686 5037 que
1714 4965 1744 5020 in
1773 4979 1851 5020 muro
1877 4961 1916 5021 at

244 5057 273 5107 at
287 5057 391 5109 cetera
405 5051 568 5125 sequeutia.
585 5049 725 5107 Videntes
748 5067 816 5107 vero
838 5050 937 5106 Beana
960 5053 988 5105 et
1013 5051 1068 5106 Re·
1125 5057 1237 5124 tangat,
1254 5051 1316 5123 ipse
1327 5053 1461 5125 princeps
1474 5053 1539 5109 erit.

245 5139 319 5195 uhab
334 5140 561 5214 abtiphihoseth
573 5156 660 5197 snum
672 5139 820 5212 proditum
837 5138 1070 5196 esseconsilium
1161 5139 1256 5214 (Vens.
1273 5140 1331 5212 2l.)
1354 5163 1368 5190 a
1388 5141 1423 5197 nt
1442 5141 1625 5214 reliquerunt
1653 5142 1691 5198 ibi
1719 5139 1858 5214 sculptilia
1881 5149 1919 5190 sut

248 5226 350 5283 timore
365 5230 520 5299 perterriti,
537 5230 606 5302 iuga
621 5229 695 5302 lapsi
711 5233 781 5284 sunt
794 5229 824 5284 iu
839 5229 992 5296 (laihaim,
1010 5227 1072 5283 lue·
1132 5245 1196 5300 quae
1212 5228 1280 5285 tulit
1298 5229 1383 5284 David
1395 5233 1424 5285 et
1437 5229 1490 5284 viri
1505 5231 1580 5301 ejus.
1605 5231 1711 5285 »Tulit
1738 5245 1772 5286 ea
1799 5223 1920 5292 Deridet

247 5318 376 5387 ronique
386 5314 425 5369 ibi
442 5317 558 5374 advena
572 5335 666 5390 usque
681 5319 717 5374 ad
732 5316 1072 5390 tempusillndd'empus
1128 5318 1189 5390 igni
1202 5317 1296 5388 jussit
1309 5317 1402 5390 exuri,
1418 5318 1503 5382 sicut.
1521 5318 1595 5374 liber
1606 5318 1841 5391 Paralipomenon
1850 5309 1920 5368 decla·

247 5400 323 5459 illud
340 5399 562 5473 intelligendum
578 5410 632 5473 est,
656 5406 774 5478 quando
789 5405 856 5462 lude
883 5405 990 5461 reversi
1019 5406 1072 5461 do·
1130 5411 1185 5474 rat,
1216 5405 1257 5460 ita
1284 5405 1385 5461 dicens
1410 5425 1417 5474 ;
1443 5407 1700 5479 [teretique-aratque
1727 5407 1767 5462 tin·
1788 5405 1845 5460 aleos
1865 5411 1919 5464 san,

250 5507 334 5551 mum
351 5488 483 5546 isboseth
500 5492 626 5549 terrente
646 5493 692 5550 die
722 5495 847 5568 ingressi
878 5499 957 5562 sunt,
992 5510 1076 5551 assu·
1130 5494 1795 5570 quosnanatjassnextranearetarata).

250 5583 363 5654 mentes
378 5575 612 5660 spicastritici,et
624 5587 845 5658 percutientese
858 5599 898 5642 an
912 5583 942 5641 in
956 5583 1077 5658 inguine
1167 5582 1259 5662 (Vera.
1275 5582 1335 5668 23.)
1351 5607 1362 5638 a
1379 5583 1641 5648 Consuluitnutem
1653 5583 1743 5649 David
1759 5581 1906 5650 bominum·
