4100 6156
140 295 209 364 aar
683 294 892 369 rameses
909 291 1253 362 scaranensem.
1277 298 1316 362 ιι.
1347 395 1350 400 μ
1790 305 1855 372 ιιι

153 430 235 500 impin
251 427 387 500 loquetur,
403 429 467 486 etse
481 429 678 498 sinevrimine,
705 446 808 503 proavus
835 430 971 486 inveniar.
988 431 1014 496 Α
1031 445 1137 500 corpus
1152 447 1250 497 suurn,
1271 436 1300 487 et
1326 432 1355 487 in
1380 431 1555 492 servitudem
1583 433 1699 508 redigit,
1724 453 1760 494 ne
1784 436 1853 496 aliis

153 517 520 588 Etsipurificctasinnive
547 527 573 575 et
601 522 672 576 totus
698 519 809 575 mandis
834 517 972 583 manibus,
1030 517 1281 590 praedicans,ipse
1311 522 1452 594 reprobus
1475 521 1641 580 inveniatur
1669 524 1691 594 (l
1720 525 1781 584 Cor.
1810 544 1851 596 ιι,

152 607 217 662 seis
240 623 286 662 me
307 606 386 662 sorde
400 609 520 676 tinxisti,
534 609 562 664 ei
586 611 757 664 exsecratum
783 608 974 665 estmeresti-
1027 607 1073 678 27)
1090 623 1097 660 :
1114 609 1146 662 lit
1158 607 1240 664 datus
1253 619 1291 665 cst
1307 611 1388 677 mibi,
1418 611 1514 683 inquit
1541 612 1562 680 ¹,
1591 614 1718 670 stimulas
1745 617 1852 687 comsit,

152 698 273 750 meduan
293 697 458 763 meumttos
486 706 585 764 xiv,et
610 714 638 752 is
657 698 741 769 jueta
757 693 848 766 LXX).
866 695 973 751 Verum
1027 697 1143 764 eupales
1159 697 1279 766 Salvam,
1295 700 1401 772 paitne
1418 699 1566 772 colaphizet
1590 701 1626 774 (tt
1651 705 1713 758 Cor.
1734 721 1784 772 ru,
1807 705 1847 779 7).

151 801 188 843 ne
202 783 317 858 penitus
332 785 533 858 desperemus,
550 785 728 842 arbitrantes
743 801 797 842 nos
819 788 885 856 post
906 799 972 856 pec·
1027 783 1063 839 Et
1077 783 1114 840 ad
1129 784 1294 843 Corinthios
1316 804 1322 841 :
1340 789 1437 859 Timeo,
1465 788 1571 860 inquit,
1593 804 1628 846 nc
1650 790 1722 846 sicvt
1736 807 1848 864 serpens

153 877 220 932 cute
233 871 368 946 baptismi
385 890 442 930 non
458 889 544 947 posse
560 872 677 941 salvari,
694 871 858 930 statimhoc
874 873 971 944 ipsum
1026 871 1130 944 decepit
1158 874 1243 929 livam
1271 877 1299 930 in
1332 878 1435 933 astutia
1468 894 1528 943 suu,
1566 880 1606 934 ita
1637 884 1848 953 comumpauter

151 965 364 1035 temperem-nt
378 963 405 1018 si
420 965 481 1034 puis
499 965 629 1034 peccavit,
659 961 819 1018 advocatum
843 961 973 1018 babemus
1026 977 1121 1017 sensas
1136 965 1218 1019 vestri
1233 981 1250 1018 a
1265 963 1440 1038 simplicitate
1465 980 1527 1040 puae
1553 974 1593 1022 est
1619 969 1649 1022 in
1678 967 1786 1026 Christo
1812 970 1850 1044 (ll

152 1047 227 1123 apud
247 1047 359 1108 Patrem
383 1051 475 1107 lesum
497 1049 634 1106 Christum
653 1052 770 1123 justum,
794 1059 821 1106 et
850 1051 907 1122 ipse
934 1053 973 1106 est
1028 1048 1089 1106 Cor.
1106 1067 1145 1117 xi,
1161 1050 1198 1123 3),
1224 1055 1255 1107 at
1281 1052 1351 1109 alibi
1368 1071 1375 1108 :
1391 1055 1445 1111 Cai
1459 1057 1551 1110 autem
1575 1054 1686 1126 alipuid
1715 1055 1848 1126 donastis,

145 1133 310 1212 propitiatio’
332 1155 384 1211 pro
403 1141 644 1211 peccatisnostris.
660 1139 717 1196 Non
730 1156 781 1212 pro
806 1140 972 1195 nostrisau·
1026 1138 1210 1209 stapedum
1234 1148 1260 1196 et
1278 1157 1325 1212 epo
1354 1141 1424 1213 pvod
1449 1141 1559 1209 donam,
1587 1143 1613 1198 si
1640 1142 1707 1216 qaid
1734 1145 1848 1216 meavi,

143 1236 197 1284 tem
210 1231 333 1293 matam,
348 1227 395 1283 sed
423 1229 508 1284 etiam
535 1244 585 1300 pro
611 1229 695 1284 tetius
719 1227 816 1284 mandi
844 1227 867 1299 (l
890 1228 969 1284 lours.
1024 1230 1204 1298 proptervos,
1223 1229 1551 1302 superseminantes
1573 1248 1630 1288 nan
1650 1233 1848 1292 circumvenio

144 1333 173 1384 n,
194 1323 219 1382 t,
234 1315 275 1388 2).
291 1315 351 1372 Hoc
366 1316 567 1372 adcredentes
583 1320 650 1390 post
670 1315 970 1390 baptisma'loquitvr,
1025 1315 1248 1372 muraSatunv.
1274 1319 1333 1374 Non
1358 1321 1432 1376 maim
1455 1321 1515 1391 eires
1539 1323 1699 1392 ipnoremus
1726 1325 1848 1380 astutiae

141 1409 168 1460 et
182 1403 360 1460 advocatum
377 1421 429 1477 pro
444 1403 670 1462 delictiseorum
686 1404 844 1461 Dominum
856 1403 971 1478 pollice·
1025 1403 1064 1474 (ll
1077 1401 1139 1472 Cor,
1161 1421 1192 1470 11,
1219 1406 1262 1473 10,
1289 1405 1344 1476 tt).
1370 1407 1405 1463 us
1428 1425 1546 1466 rursum
1564 1425 1570 1463 :
1586 1409 1706 1466 Ten-tatio
1729 1425 1775 1468 vos
1791 1426 1847 1469 non

143 1497 201 1548 tur.
219 1493 280 1548 Nec
304 1490 445 1550 dictust
470 1491 541 1565 quid
568 1492 766 1566 peccaveritis,
796 1493 969 1548 advocatum
1024 1492 1221 1564 apprehendat,
1238 1495 1297 1550 nisi
1311 1495 1443 1552 humana.
1468 1495 1568 1552 Fidelis
1586 1503 1679 1554 naum
1700 1499 1847 1572 Deusput'

142 1579 260 1638 hahetis
271 1579 350 1654 apud
366 1577 481 1638 Patrem
496 1579 657 1650 Christum,
682 1581 788 1654 etipse
812 1587 857 1638 est
874 1580 971 1656 propi·
1024 1595 1079 1636 non
1094 1580 1212 1637 dimittet
1221 1599 1266 1639 vos
1280 1585 1385 1640 tentari
1406 1601 1493 1655 supra
1517 1584 1545 1640 id
1560 1584 1630 1656 qnod
1649 1588 1782 1658 potestis:
1796 1587 1848 1646 sed

142 1667 226 1726 tietio
246 1686 300 1743 pro
324 1669 453 1742 peccetis
481 1669 586 1728 vestris
603 1689 609 1738 ;
628 1688 663 1726 ne
679 1687 729 1727 eos
758 1671 881 1738 diceres,
909 1686 968 1726 non
1023 1668 1184 1738 tocietcum
1200 1671 1470 1728 tentatione³etiam
1481 1675 1655 1744 prouentum,
1678 1675 1708 1728 ut
1734 1673 1848 1746 possitis

141 1755 232 1829 pleaa
249 1757 309 1813 fide
333 1756 482 1830 baptisma
505 1763 678 1815 consecutos
694 1777 702 1828 ;
718 1758 768 1816 sed
792 1757 967 1828 Advocatum,
983 1790 1008 1856 B
1024 1760 1161 1814 semenare
1175 1759 1201 1828 (l
1210 1761 1273 1816 Car.
1290 1777 1318 1842 s,
1335 1759 1390 1833 te).
1407 1761 1453 1829 Et,
1470 1760 1523 1829 Qui
1548 1762 1604 1817 sibi
1629 1761 1737 1820 uidetur
1764 1771 1847 1832 stare,

141 1846 253 1920 inquit,
269 1845 399 1902 babemus
415 1846 489 1918 apud
510 1848 623 1904 Patrem
639 1847 646 1882 ¹
661 1849 752 1904 lesam
778 1847 926 1915 Christum,
943 1850 970 1903 et
1024 1845 1160 1902 videntne
1180 1847 1259 1905 cadat
1274 1849 1356 1920 (ibid.
1385 1849 1442 1922 te).
1470 1849 1506 1906 ut
1534 1850 1570 1906 ad
1598 1847 1717 1908 Galatas
1745 1849 1847 1924 (Galat.

139 1937 197 2006 ipse
213 1937 255 1990 est
269 1935 427 2008 propitiatio
439 1951 489 2007 pro
508 1938 628 2008 peccatis
647 1937 749 1992 nostru
764 1955 771 2004 ;
788 1940 817 1992 et
841 1953 899 1992 non
921 1953 968 1992 so·
1023 1952 1051 2002 v,
1066 1935 1094 2007 7)
1112 1954 1118 1992 :
1136 1936 1298 1993 Currebatis
1313 1939 1390 2004 bene,
1416 1941 1477 2012 pais
1501 1955 1548 1996 vos
1569 1939 1714 2012 impedivit
1736 1942 1849 1998 vemtoti

138 2022 205 2080 lam
224 2021 617 2097 protnsnnis,illorumque
637 2025 765 2098 peccatis
782 2042 788 2092 ;
805 2025 855 2082 sed
879 2023 968 2080 etiam
1023 2041 1077 2082 non
1107 2023 1215 2081 obedire
1242 2025 1257 2080 ‘t
1284 2025 1321 2082 Et
1350 2027 1421 2083 alibi
1451 2027 1598 2084 Volaimas‘
1629 2026 1680 2096 (Al.
1710 2028 1850 2102 velumus)

141 2109 201 2184 pro
217 2111 308 2168 totius
320 2111 432 2168 mnndi.
450 2117 667 2170 intotoautem
679 2111 969 2186 mundoctspostoli
1023 2114 1117 2170 venire
1143 2113 1179 2168 od
1207 2130 1253 2170 vos
1271 2133 1280 2168 :
1296 2131 1344 2185 epo
1371 2115 1482 2188 quidem
1511 2117 1627 2174 Paulus.
1657 2121 1683 2174 et
1710 2117 1795 2174 semel
1821 2121 1849 2176 et

143 2201 224 2256 sant
237 2215 390 2274 omnesque
406 2202 567 2258 credentes.
584 2203 624 2258 Ex
638 2203 747 2276 quibus
761 2200 872 2274 liquido
887 2217 966 2258 com·
1022 2205 1133 2266 iterum,
1146 2202 1191 2258 sed
1206 2203 1348 2275 impedivit
1368 2220 1418 2260 nos
1432 2203 1549 2260 Satanas
1574 2205 1598 2277 (l
1618 2205 1706 2262 Thess.
1733 2223 1763 2272 11,
1791 2207 1845 2280 te).

138 2285 296 2362 probetur,
313 2295 379 2362 post
402 2289 552 2363 baptisma
579 2307 667 2364 posse
695 2289 819 2363 peccari.
846 2289 968 2348 Frustra
1022 2291 1056 2347 st
1070 2291 1105 2348 ad
1124 2291 1248 2348 maritos
1264 2308 1270 2346 :
1288 2293 1321 2348 et
1335 2293 1436 2348 iterum
1456 2295 1633 2350 revertimini
1652 2294 1688 2350 ad
1715 2294 1846 2366 idipsum,

136 2378 222 2434 caim
234 2376 377 2434 hebemus
392 2377 566 2436 advocatum
582 2378 683 2436 lesum
698 2379 885 2448 Christum,si
901 2395 967 2452 pec·
1021 2395 1056 2434 ne
1069 2383 1153 2436 tentet
1167 2395 1212 2435 vos
1228 2379 1348 2436 Satanas
1352 2384 1465 2452 propter
1479 2383 1667 2438 incontinenti
1673 2398 1719 2438 arn
1728 2385 1848 2438 vestram

138 2466 201 2526 aeri
220 2471 401 2540 nonpotest.
1021 2465 1046 2540 (l
1068 2467 1130 2524 Cor.
1160 2485 1212 2535 vu,
1241 2467 1280 2540 5).
1311 2469 1347 2524 Et
1375 2472 1599 2528 rursum:llico
1617 2473 1721 2538 autem,
1745 2469 1848 2543 spirita

170 2553 202 2612 3.
220 2555 307 2613 Error
318 2555 442 2614 donmni
454 2560 481 2614 et
493 2556 592 2615 Novati
608 2557 767 2624 demiratur,
784 2557 877 2614 Liberi
891 2559 967 2614 arbi·
1022 2556 1170 2624 ambulate,
1188 2561 1214 2612 et
1228 2555 1367 2614 desideria
1391 2561 1483 2614 carnis
1512 2575 1568 2615 non
1593 2559 1749 2630 perficietis.
1779 2557 1848 2616 Cera

136 2646 186 2701 trii
203 2645 428 2702 sumvseoaddi.
442 2645 516 2702 Nova
541 2647 688 2720 imperitiae
702 2649 799 2719 factio.
815 2678 848 2686 —
864 2649 967 2703 l‘etrus
1022 2645 1098 2700 enim
1125 2647 1294 2718 concupiscit
1333 2645 1466 2704 adversus
1499 2649 1639 2719 spiritam,
1677 2656 1703 2705 et
1732 2649 1847 2720 spiratus

137 2731 353 2806 apostolocae
370 2749 459 2805 quem
484 2733 594 2791 dictum
618 2737 712 2792 tuerat
727 2753 734 2792 :
752 2735 805 2804 Qui
823 2735 894 2792 lotas
915 2738 965 2802 est,
1021 2733 1149 2790 adversas
1170 2749 1282 2790 carnem
1304 2752 1314 2797 ;
1337 2734 1396 2794 buc
1421 2737 1497 2792 enirn
1523 2736 1641 2792 invicem
1668 2735 1849 2794 adversentur

134 2838 318 2880 nmseecesse
331 2821 414 2878 habet
426 2823 570 2880 utiterum
584 2825 654 2880 level
669 2825 758 2896 (loon.
788 2841 851 2892 x111,
882 2823 968 2896 10):et
1021 2823 1560 2894 sibi,utnonpveevaltisillataciatis
1578 2823 1650 2896 (Gal.
1676 2841 1706 2880 v.
1731 2825 1845 2896 tutu.

137 2911 172 2967 Tu
200 2919 242 2968 est
255 2909 369 2976 Petrus,
387 2919 413 2966 et
422 2927 505 2984 super
514 2912 586 2968 banc
599 2921 706 2984 petram
718 2912 862 2985 edificabo
876 2911 966 2970 Eccle-
1022 2911 1062 2966 Es
1076 2915 1202 2982 utroque
1228 2911 1383 2984 compacti,
1404 2928 1540 2974 necessse
1567 2917 1614 2968 est
1636 2915 1668 2968 ut
1691 2912 1846 2984 utriusque

134 2993 315 3058 siommecm
329 2997 434 3071 (aaut.
447 3017 505 3068 svs,
521 2999 586 3074 ts);
602 3001 639 3058 ab
664 3000 770 3058 ancilla
794 3000 967 3074 perterritus
1021 3001 1123 3055 contra
1138 3015 1170 3056 se
1186 3000 1356 3056 substantie
1371 2998 1447 3056 bella
1463 3001 1619 3072 patiamur.
1640 2999 1676 3056 st
1699 2999 1735 3056 ad
1751 2997 1845 3072 tiphe·

135 3091 236 3162 negat
253 3085 290 3143 lit
303 3087 368 3160 ipse
381 3086 525 3144 Dominus
542 3105 548 3146 :
564 3087 668 3156 Simon,
680 3085 964 3156 Simon,ecce,inouit,
1021 3087 1082 3144 sios
1096 3105 1105 3142 :
1121 3087 1180 3144 Non
1191 3097 1230 3145 est
1244 3089 1325 3144 nobis
1336 3103 1433 3160 pupae
1448 3086 1504 3160 (hl.
1525 3088 1691 3160 colluctatio)
1715 3087 1843 3144 odomsus

132 3175 545 3250 &compescuissemus
571 3177 705 3234 cribraret
719 3178 788 3233 sicvt
807 3176 861 3250 (nl.
885 3153 1001 3248 quaec
1018 3193 1131 3232 carnem
1153 3185 1179 3232 et
1203 3177 1377 3248 sanpainem,
1405 3177 1451 3232 sed
1478 3176 1608 3234 edumas
1629 3177 1640 3210 ⁴
1660 3177 1843 3248 principatur,

133 3267 275 3322 humum.
291 3265 347 3337 Epo
361 3268 456 3320 auum
478 3267 572 3337 ropuvi
587 3282 638 3338 pro
654 3270 689 3334 te,
711 3282 747 3322 ne
769 3265 823 3338 (hl.
848 3272 878 3322 ut
896 3265 962 3336 nen)
1017 3267 1047 3325 et.
1054 3267 1209 3337 potestates,
1227 3265 1355 3322 adversus
1376 3269 1491 3322 rectores
1514 3266 1689 3322 tenebrarum
1710 3265 1840 3333 istarum,

133 3353 266 3428 deficeret
285 3353 353 3424 fides
377 3362 425 3410 tua
447 3355 514 3422 (buc
543 3371 612 3424 xr11‚
645 3355 702 3427 bl).
741 3353 776 3410 Et
804 3353 833 3409 ln
860 3353 962 3410 eodem
1017 3353 1146 3410 adversvs
1167 3354 1330 3426 spiritualia
1353 3356 1489 3427 nequitiae
1510 3356 1540 3409 in
1560 3354 1711 3410 caelestibus
1734 3353 1842 3426 (Ephes.

132 3442 201 3500 loeo
213 3460 221 3500 ε
235 3444 357 3514 Vipilnte
371 3447 398 3498 et
411 3447 499 3511 orate,
519 3459 554 3499 ne
568 3444 677 3500 intretis
703 3445 734 3499 in
761 3445 963 3505 tentationem
1018 3461 1056 3510 ιιι,
1077 3443 1129 3514 li).
1147 3441 1180 3498 ut
1195 3441 1332 3500 existima
1353 3442 1461 3515 aliquis
1485 3459 1615 3510 securos,
1640 3446 1670 3499 et
1693 3442 1844 3498 dormien-

134 3531 256 3604 spiritas
271 3531 379 3604 paidens
399 3536 543 3604 promptus
562 3534 612 3598 cst,
636 3547 702 3588 earo
723 3536 815 3588 autem
837 3531 962 3602 infirma.
1019 3537 1063 3588 tes
1078 3527 1154 3588 825
1172 3548 1225 3588 nos
1241 3547 1305 3588 esse
1320 3531 1713 3604 deberepostbaptismum?
1727 3529 1845 3587 Necnon

137 3617 227 3684 Quod
254 3617 279 3674 si
300 3623 364 3676 ante
388 3635 505 3676 cracem
530 3617 641 3675 dictum
666 3619 864 3692 responderis,
888 3625 965 3676 certe
1020 3620 1056 3675 ad
1072 3617 1233 3674 liebraeos:
1261 3617 1431 3690 Impossibile
1452 3624 1491 3674 est
1518 3620 1593 3674 enim
1617 3634 1662 3674 eos
1688 3620 1737 3689 put
1760 3613 1848 3674 semel

137 3709 212 3780 post
228 3709 383 3765 crucemin
399 3707 536 3765 Oratione
553 3707 703 3765 [lominica
726 3708 852 3764 dicimus
869 3710 963 3767 :82¹
1020 3714 1084 3764 sunt
1107 3707 1276 3774 illuminati,
1303 3709 1329 3762 ct
1351 3714 1532 3776 pustaverant
1558 3705 1661 3762 denum
1683 3705 1798 3772 celeste,
1821 3711 1848 3762 et

137 3797 259 3857 Dimitte
269 3798 348 3854 notu
362 3795 454 3854 debita
468 3801 572 3866 nostro,
586 3799 657 3853 sicvt
676 3800 701 3852 et
723 3813 773 3854 nos
798 3799 967 3854 dimittimus
1020 3797 1168 3869 participes
1182 3795 1251 3867 tacti
1275 3797 1340 3850 sunt
1360 3793 1480 3866 Spiritus
1499 3795 1598 3860 sancti,
1619 3797 1849 3866 pustaverunlpue

140 3886 318 3944 debitoribus
330 3887 431 3942 neuris
448 3904 455 3956 ;
471 3891 495 3942 et
510 3902 546 3943 ne
564 3902 614 3943 nos
638 3884 753 3942 inducas
780 3888 810 3942 in
837 3889 967 3942 mutatio-
1021 3883 1205 3940 nibilominus
1220 3883 1318 3940 bonurn
1340 3882 1391 3938 bei
1416 3883 1539 3948 verbum,
1561 3884 1730 3954 virtutesque
1753 3881 1849 3938 secula

141 3992 215 4046 aem,
230 3973 282 4032 sed
295 3975 387 4032 libera
401 3991 449 4032 nos
463 3992 481 4030 a
495 3976 568 4030 mato
583 3974 689 4047 (balth.
710 3992 750 4042 vr,
775 3975 830 4046 te).
855 3973 886 4030 Si
910 3991 967 4031 non
1022 3974 1122 4044 tutari,
1138 3975 1165 4028 et
1184 3971 1310 4044 prolapsi
1332 3979 1407 4040 sart,
1432 3973 1561 4028 renovari
1584 3971 1739 4028 iterumad
1759 3971 1850 4044 paerst-

143 4080 304 4136 peeeamas
319 4067 387 4136 post
401 4062 558 4136 baptisma,
574 4080 626 4120 eur
640 4061 725 4120 nobis
739 4063 890 4136 poscimus
905 4079 969 4136 pec·
1023 4063 1148 4129 tentiam,
1178 4069 1296 4115 rursum'
1324 4058 1513 4130 craecifipentes
1540 4059 1719 4132 sibimetipsis
1745 4059 1849 4116 Filiam

143 4155 208 4210 oete
222 4151 348 4220 dimitti,
363 4167 426 4224 que
440 4153 470 4208 in
485 4151 732 4224 baptismatejam
748 4147 873 4208 dimissa
887 4149 971 4208 sunt?
1025 4151 1084 4220 liei,
1114 4153 1139 4206 et
1166 4149 1286 4205 ostentui
1313 4144 1442 4203 habentes
1470 4147 1559 4220 (liebr.
1591 4164 1632 4216 ν..
1666 4149 1735 4203 let
1762 4143 1849 4219 sopp.)¹

144 4239 220 4304 Ouid
236 4257 360 4298 oramus
384 4257 420 4297 ne
441 4239 586 4296 intremus
607 4239 638 4296 in
661 4239 863 4308 tentationem,
888 4245 916 4298 et
938 4244 972 4297 ut
1025 4239 1108 4296 Certe
1135 4253 1184 4294 eos
1200 4236 1251 4308 qui
1266 4235 1424 4292 illuminati
1455 4240 1535 4302 sunt,
1551 4241 1579 4291 et
1605 4239 1797 4308 gustaverunt
1831 4231 1850 4290 5

145 4327 308 4386 liberemur
322 4345 340 4386 a
355 4326 444 4398 melo,
459 4329 485 4386 si
502 4327 638 4385 diabolus
660 4332 773 4386 tentare
796 4346 853 4386 non
877 4332 973 4402 polest
1026 4329 1137 4383 donum
1153 4325 1280 4393 coeleste,
1304 4328 1333 4380 et
1356 4323 1512 4398 participes
1540 4322 1608 4380 teeti
1630 4328 1699 4379 sunt
1722 4321 1849 4396 Spiritus

143 4418 211 4490 jem
228 4415 390 4490 baptizatos
405 4417 419 4472 ‘l
432 4417 521 4474 atiud
536 4421 635 4474 autem
651 4421 706 4486 est,
729 4418 753 4474 si
778 4417 813 4474 ad
836 4417 971 4474 catechu·
1029 4415 1134 4482 saneti,
1149 4417 1399 4488 perstiteruntque
1412 4412 1523 4468 bonam
1539 4411 1728 4482 Deiverbum,
1745 4424 1850 4485 negare

146 4519 254 4564 menos
268 4505 329 4562 hec
343 4506 437 4562 cretio
451 4507 627 4578 pertinebat
641 4522 699 4561 non
724 4505 857 4563 convenit
882 4503 972 4562 fideli·
988 4513 1012 4577 Ι)
1029 4521 1086 4561 non
1101 4519 1263 4577 possumus
1277 4501 1453 4575 baptizatos.
1471 4500 1501 4558 Si
1517 4503 1614 4557 autem
1630 4499 1767 4573 baptisati
1781 4513 1850 4574 peo-

145 4593 203 4652 bna
218 4599 250 4651 et
263 4593 448 4652 Christianis.
464 4593 574 4651 Paulus
599 4593 750 4651 electionis
774 4611 824 4651 vas
849 4593 975 4668 castigat
1028 4608 1094 4650 carc
1110 4607 1167 4648 non
1181 4595 1316 4664 possunt,
1332 4589 1478 4664 quomodo
1494 4606 1571 4645 nunc
1595 4587 1752 4661 Apostolus
1767 4587 1851 4659 dicit,

185 4805 401 4880 ¹Verbaapvt
425 4809 535 4864 turns
548 4805 974 4864 Msatansusomtserssnum
1030 4809 1205 4880 agnoscunt,
1240 4805 1341 4861 eadem
1377 4804 1510 4860 versione
1551 4801 1714 4874 AEthiopics
1747 4797 1852 4857 sadre-

145 4880 564 4952 &adnumerationem
579 4879 747 4950 illorumque
767 4881 895 4950 peccatis,
912 4881 975 4951 pai·
1030 4881 1127 4952 ganta.

147 4949 312 5006 bmteribit
330 4951 512 5019 sedetiam,
533 4955 588 5006 etc.
612 4949 758 5006 Victorius
781 4949 886 5006 maluit
905 4952 974 5006 alio·
1066 4949 1077 4984 ¹
1108 4945 1286 5002 Veronensis
1310 4959 1395 5013 mss,
1420 4949 1447 5000 et
1468 4947 1603 5000 eventum.
1626 4942 1675 4998 Gr.
1709 4933 1818 4994 ἓκὸασιν
1845 4957 1852 4998 :

281 5026 407 5078 tantvm.
1031 5018 1119 5094 paulo
1134 5021 1211 5090 post,
1224 5015 1298 5071 iliad
1313 5016 1488 5072 revertimini
1505 5013 1696 5077 desideratur,
1713 5011 1854 5084 quemad-

185 5095 197 5128 ¹
238 5093 467 5149 etustioresduo
483 5108 555 5148 mss.
573 5107 630 5147 non
646 5091 756 5147 hahent
775 5092 976 5147 serbastimu-
1033 5091 1153 5148 modum
1169 5087 1423 5144 etintrsvcrbam
1439 5085 1614 5155 concupiscit,
1633 5099 1701 5140 evm
1720 5081 1857 5166 sequenti

147 5165 380 5236 lucernisque
401 5168 472 5219 suat
496 5162 631 5236 equidem
656 5163 815 5218 hodienum
835 5161 924 5218 etiam
946 5162 976 5217 in
1032 5158 1248 5232 enumquam
1269 5157 1358 5214 nullis
1381 5155 1617 5228 hieronymianis
1637 5154 1855 5228 exemplaribus

148 5229 529 5306 firmissimorum,
546 5231 624 5308 capsi
641 5251 648 5289 ε
665 5232 802 5290 sedelim
823 5233 977 5305 aquibus·
1032 5233 1231 5290 inveniuntur.
1385 5297 1389 5310 ι
1598 5297 1604 5309 Ι

148 5307 221 5362 dam
251 5305 467 5378 exemplaribus
495 5304 635 5371 abluisse,
665 5303 772 5360 indicio
811 5309 855 5360 est
893 5310 977 5360 votus
1068 5305 1182 5358 tAntea
1210 5303 1273 5357 erat
1297 5299 1444 5369 principes,
1471 5297 1664 5354 mouentibus
1688 5313 1760 5353 mss.
1791 5296 1857 5353 idos

147 5377 317 5462 AEthiopica
330 5377 514 5448 tussimque
529 5375 582 5432 tlla
596 5389 653 5431 non
669 5375 811 5449 agnoscit.
826 5377 856 5430 ln
873 5376 978 5432 sahse-
1034 5372 1248 5441 casanatensis,
1259 5378 1285 5427 et
1300 5369 1465 5452 dormientes
1479 5384 1534 5425 esse
1545 5378 1606 5440 post
1621 5371 1765 5441 bnplum.

149 5453 256 5521 quenti
271 5447 414 5504 sarmento
429 5461 501 5503 mss.
515 5463 617 5505 omnes
631 5447 741 5503 habent
756 5462 791 5502 ne
815 5449 886 5519 torte
908 5447 980 5503 sicut
1070 5445 1266 5501 ‘amovimus
1283 5441 1351 5523 hane
1365 5441 1414 5496 lies
1429 5455 1535 5526 samen
1550 5452 1585 5497 ex
1602 5441 1659 5498 aaa
1683 5440 1747 5498 eod.
1764 5437 1855 5498 Varo·

149 5535 280 5594 serpens,
297 5523 352 5590 ets,
367 5519 456 5574 lirae.
478 5518 515 5591 μὴ
539 5537 599 5578 πως
616 5533 623 5573 :
641 5533 743 5574 rursus
767 5519 805 5573 ita
830 5518 980 5575 desidera·
1035 5516 1135 5578 nensis
1151 5519 1181 5573 et
1194 5513 1314 5572 Victorii
1329 5515 1509 5570 auctoritato.

150 5595 212 5660 ter.
237 5591 374 5665 usuique
391 5589 515 5647 ratenus
535 5589 623 5649 verbe
646 5591 672 5646 si
700 5587 765 5664 pvid
788 5589 889 5650 donavi
920 5605 980 5654 soa

316 5717 453 5810 tames.
475 5713 589 5804 xxtlt,
1663 5713 1701 5788 tu
