4064 6158
180 272 245 351 stt
727 311 750 328 ··
788 281 844 350 s.
865 281 1020 351 sesana
1042 235 1283 356 arenosam·
1800 235 1881 357 'sss

179 411 361 488 justificetur
382 411 412 473 in
428 415 613 478 sermonibus
629 417 737 487 suiset
757 419 856 477 vincat
874 436 941 476 cum
956 421 1006 492 ju·
1019 422 1048 490 Α
1062 423 1120 479 rita
1133 423 1223 480 totius
1247 423 1361 498 generis
1381 423 1515 493 humani,
1531 423 1582 480 sed
1597 420 1642 481 vsl
1656 421 1693 480 ad
1707 417 1880 493 ladini-per·

186 499 325 560 dicaverit
337 504 422 578 (Psal.
436 509 490 574 cv).
507 507 565 562 Aut
587 506 678 578 igitur
705 507 792 565 homo
814 527 872 566 non
888 510 956 579 eris,
973 527 1009 568 ue
1063 513 1157 568 tinent
1173 513 1233 584 [dt.
1250 514 1423 587 pertincant]
1440 512 1656 586 Christianique
1671 527 1822 586 personas,
1837 507 1879 566 vel

182 591 314 650 'mendax
328 593 369 649 sis
387 611 393 648 :
410 598 461 650 aut
475 594 500 650 si
516 595 586 667 quia
601 596 687 653 bomo
709 615 750 666 es,
767 599 892 654 mendax
907 598 1007 666 lucris,

185 697 254 740 cum
269 682 422 756 parricidis
438 687 466 738 et
476 683 617 740 adulteris
631 686 866 758 punierisNulla
877 687 1008 744 estenim

153 832 159 846 x
186 768 264 841 inter
278 776 395 844 peccata
409 771 581 840 diversitas;
598 779 627 830 et
641 791 698 830 non
715 774 767 830 tibi
783 775 933 832 habebunt
941 780 1008 832 tan·

182 861 231 916 ‚tas
246 860 356 932 gratias
372 876 446 932 quos
461 861 612 918 dehumili
627 864 656 918 in
666 864 790 920 sublime
800 863 905 931 elevas
918 882 1009 937 quan·

184 952 248 1003 tum
264 948 436 1012 irascentur,
449 967 522 1022 quos
537 955 657 1024 propter
670 952 730 1008 leve
747 953 1008 1026 quotidianumque

184 1039 348 1108 peccatum,
365 1035 394 1091 in
410 1037 566 1094 exteriores
580 1040 716 1095 tenebras
731 1040 886 1096 retrusisti.
904 1041 933 1096 Si
956 1057 1006 1114 au-

184 1126 243 1180 tem
258 1123 288 1179 in
300 1126 510 1196 persecutione,
527 1125 577 1200 qui
592 1128 761 1195 suffocatur,
778 1134 806 1185 et
833 1129 882 1202 qui
910 1129 1007 1186 decol-

182 1211 272 1284 latur,
287 1218 316 1270 et
340 1215 391 1286 qui
415 1215 531 1288 sugerit,
547 1221 576 1272 et
592 1218 643 1290 qui
664 1217 694 1273 in
714 1234 859 1274 carcerem
875 1223 1007 1275 retrusus

183 1300 297 1370 obierit,
307 1303 336 1357 iu
350 1303 439 1361 variis
454 1303 538 1362 lacte
553 1307 708 1380 generibus
724 1324 783 1363 una
797 1324 903 1364 corona
915 1308 1006 1364 victo-

183 1391 234 1448 rine
248 1395 338 1458 estet
353 1392 408 1449 boc
424 1395 573 1467 pronubis
587 1396 664 1452 lacit.
682 1397 713 1451 ln
730 1401 855 1469 martyre
871 1397 949 1454 enim
961 1413 1007 1453 vo·

182 1477 293 1546 luntas,
318 1499 353 1538 ex
383 1499 441 1556 qua
468 1484 533 1556 ipsa
561 1501 641 1542 mors
668 1485 808 1552 nascitur,
838 1488 1004 1540 coronatur.

183 1569 280 1628 Meum
304 1575 349 1627 est
371 1589 517 1644 opponere
543 1590 587 1631 me
613 1573 766 1647 gentilium
782 1574 924 1640 lurori,et
948 1573 1005 1629 Do-

182 1657 298 1716 minum
315 1676 373 1717 non
389 1678 504 1735 negare.
520 1663 589 1719 lam¹
604 1664 659 1735 [et.
677 1664 762 1734 Nam]
779 1663 808 1718 in
825 1661 943 1718 illorum
959 1679 1005 1718 ar·

182 1745 270 1804 bitrio
285 1753 340 1817 ost,
356 1755 408 1805 aut
433 1749 587 1819 decollare,
603 1756 654 1808 rtut
673 1769 766 1823 urere,
783 1757 833 1808 aut
855 1752 1004 1808 recludere

182 1833 213 1892 in
228 1852 384 1904 carcerem,
398 1845 449 1894 eut
463 1839 542 1896 varia
565 1841 704 1898 adhibere
718 1858 824 1914 genera
839 1857 1002 1913 pennarum.

182 1925 264 1992 Quod
281 1925 306 1982 si
323 1926 433 2000 iugero,
455 1933 484 1983 et
505 1928 534 1983 in
561 1929 718 1986 solitudine
739 1931 869 1996 obiero,¹
886 1946 938 1986 nec
957 1945 1003 1986 ee·
1061 1979 1067 1990 .

109 2077 110 2080 Ἴ
182 2013 318 2072 demerit
338 2031 443 2071 corona
456 2018 617 2086 morientis,
635 2019 777 2090 quianon
794 2020 895 2076 eadem
917 2035 1006 2076 causa

178 2102 342 2159 auertisset
355 2104 497 2162 Christus.
514 2107 643 2164 esdad
660 2106 733 2164 illud
748 2124 814 2164 vero
839 2109 916 2180 quod
931 2106 1004 2162 dicis

181 2190 258 2248 inter
271 2209 338 2250 eum
354 2193 473 2250 fratrem
490 2195 541 2267 qui
555 2212 672 2269 sempor
686 2213 753 2253 cum
769 2201 852 2270 patre
866 2197 964 2262 suerit,
977 2201 1005 2254 et

181 2279 233 2353 qui
261 2285 362 2354 postea
389 2283 534 2355 poenitens
557 2289 601 2340 est
623 2291 768 2358 receptus,
788 2284 861 2340 nihil
886 2285 1004 2358 penitus

179 2367 366 2443 discrepare;
383 2372 499 2444 adjicio,
511 2372 536 2428 si
552 2373 641 2441 vis,et
656 2375 826 2430 drachmam
842 2391 931 2430 unam
941 2391 1004 2446 qua

181 2459 295 2534 perdita
324 2459 417 2516 luerat
432 2465 460 2516 et
475 2461 603 2530 inventa,
616 2464 751 2533 junctam
781 2481 845 2520 esse
860 2479 928 2520 cum
941 2463 1005 2518 reli-

181 2547 266 2621 quis;
283 2551 312 2604 et
327 2564 409 2606 ovem
426 2567 515 2608 unam
531 2567 619 2623 quam
646 2554 806 2624 uurraginta
826 2569 928 2609 novem
944 2553 1004 2608 ovi·

179 2634 237 2692 bus
259 2636 407 2693 derelictis
430 2637 526 2694 bouus
551 2644 650 2711 pastor
674 2641 827 2713 inquisivit
849 2647 878 2696 et
894 2641 1003 2708 retulit,

179 2721 312 2796 explesse
337 2741 494 2781 numerum
524 2728 734 2784 centenarium.
766 2729 821 2786 Sed
850 2728 928 2785 eliud
959 2733 1004 2786 est
1075 2776 1080 2787 .

180 2810 369 2891 poenitentem
397 2827 472 2882 esse,
488 2819 516 2871 et
542 2815 681 2889 lacrymis
708 2818 822 2874 veniam
842 2818 1002 2889 deprecari,

178 2898 260 2968 ,alind
273 2916 390 2974 semper
403 2918 468 2959 esse
481 2919 547 2959 cum
564 2909 654 2977 patre.
667 2905 747 2962 Unde
759 2922 810 2978 per
825 2905 1002 2962 Ezechielem

181 2990 217 3048 ed
241 2994 418 3063 reportatam
431 2991 490 3064 [n.
508 2995 723 3069 reperiendam}
746 3011 839 3062 ovem,
855 2999 884 3051 et
907 2995 1002 3068 perdi-

1063 602 1099 658 ad
1115 607 1281 659 sanctorum
1299 608 1327 659 et
1342 603 1555 676 poenitentium.
1569 602 1732 674 Superque
1745 598 1882 672 parabole

1062 689 1192 747 libellum
1209 692 1368 764 quemdam
1383 692 1509 748 Damaso
1522 691 1669 764 episcopo,
1695 689 1766 746 dum
1790 686 1882 744 adbuc

1061 779 1179 848 viveret,
1193 780 1334 836 dedicavi.

1097 915 1141 972 32.
1159 915 1269 987 Tempus
1285 915 1456 971 diversorem
1478 917 1658 971 uocationem.
1675 911 1770 970 Nostri
1784 909 1882 967 loboris

1061 1005 1099 1058 est
1113 1005 1262 1074 praemium
1276 1003 1355 1060 robis
1369 1019 1535 1076 praeparare.
1551 1033 1585 1044 -
1600 1002 1688 1058 Porro
1703 1001 1728 1056 si
1744 997 1881 1073 operariis

1061 1091 1161 1164 primm
1178 1091 1255 1148 borae
1270 1098 1298 1149 et
1313 1092 1402 1148 tertiae
1419 1097 1447 1147 et
1470 1097 1556 1147 sexte
1579 1095 1608 1146 et
1629 1107 1711 1146 nonae
1736 1093 1764 1144 et
1792 1088 1880 1144 unde·

1061 1180 1155 1248 nime,
1184 1197 1261 1237 unus
1286 1181 1425 1237 denarius
1448 1179 1588 1244 redditur,
1612 1182 1640 1235 et
1652 1178 1688 1235 ab
1712 1177 1755 1234 eis
1780 1177 1881 1250 incipit

1060 1268 1224 1341 premium,
1256 1268 1306 1342 qui
1330 1267 1482 1326 novissimi
1510 1267 1540 1323 in
1565 1267 1648 1323 vinea
1676 1264 1880 1322 laboraverunt

1062 1357 1114 1429 [lt.
1145 1356 1348 1429 laborabantlz
1375 1363 1404 1414 et
1423 1357 1470 1412 bic
1500 1374 1557 1413 non
1582 1355 1670 1412 unius
1691 1354 1841 1428 temporis,
1855 1359 1881 1419 et

1060 1447 1148 1502 unius
1163 1447 1257 1503 aetotis
1272 1447 1407 1503 homines
1422 1445 1628 1502 describuntur
1639 1463 1646 1514 ς
1656 1445 1706 1502 sed
1718 1439 1754 1500 ab
1765 1442 1880 1500 exordio

1060 1536 1164 1590 mundi
1194 1552 1288 1609 usque
1321 1537 1356 1591 ad
1381 1537 1467 1591 finem
1494 1535 1678 1591 vocationum
1702 1535 1882 1602 sacramenta

1060 1629 1130 1680 sunt
1143 1624 1334 1682 diversarum.
1353 1625 1450 1680 Prima
1464 1623 1535 1680 hora
1549 1627 1669 1679 vocatus
1693 1627 1738 1678 est
1762 1621 1828 1679 lbet
1854 1609 1882 1677 et

1059 1712 1148 1768 Seth:
1165 1714 1251 1770 tertia
1266 1713 1365 1770 Enoch
1381 1717 1410 1770 et
1424 1713 1502 1769 Noe:
1520 1716 1601 1768 sexta
1615 1711 1773 1776 Abrabam,
1802 1709 1881 1767 lsaac

1018 1794 1086 1860 Bet
1103 1801 1209 1858 Jacob:
1239 1819 1317 1858 nona
1339 1805 1451 1872 Moyses
1483 1804 1512 1856 et
1537 1799 1703 1873 prophete:
1727 1798 1881 1855 undecima

1059 1889 1194 1947 Gentium
1208 1891 1353 1964 populus:
1370 1890 1417 1946 cui
1433 1890 1527 1963 primo
1542 1887 1674 1945 redditur
1688 1887 1880 1961 merces,quia

1059 1995 1089 2034 in
1105 1979 1276 2036 crucifixum
1293 1980 1413 2035 eredens
1429 1978 1597 2043 Dominum,
1622 1975 1792 2033 difficultate
1814 1976 1879 2033 fidei

1059 2069 1293 2142 magnitudinem
1308 2069 1384 2125 m
1398 2067 1506 2124 meruit
1516 2066 1702 2139 premiorum
1713 2084 1723 2121 .·
1734 2063 1879 2138 multique

1058 2171 1141 2231 reges
1155 2161 1184 2213 st
1198 2157 1347 2229 prophete
1360 2157 1540 2229 quaesierunt
1549 2155 1646 2212 videre
1656 2171 1719 2227 que
1735 2153 1877 2225 videmus,

1058 2250 1087 2303 et
1101 2263 1158 2303 non
1174 2246 1318 2302 viderunt.
1332 2245 1413 2302 Unus
1430 2249 1528 2302 autem
1544 2244 1704 2301 denarius²
1718 2260 1775 2299 non
1787 2259 1878 2300 unum

1058 2340 1101 2391 est
1127 2335 1291 2407 premium,
1313 2335 1363 2391 sed
1383 2351 1442 2390 una
1468 2333 1537 2404 vita,
1560 2336 1590 2389 st
1613 2349 1672 2389 una
1690 2333 1725 2389 de
1748 2331 1879 2406 gebenna

1058 2422 1199 2480 liberatio.
1217 2423 1358 2480 Craterum
1374 2421 1562 2496 quomodoad
1579 2420 1792 2496 indulgentiam
1801 2420 1879 2493 prin·

1058 2512 1193 2585 cipalem,
1209 2513 1391 2569 diversorum
1406 2511 1564 2567 criminum
1580 2511 1620 2566 rei
1642 2509 1833 2592 dimittuntur
1846 2509 1881 2584 de

1058 2618 1182 2666 carcere,
1199 2606 1227 2658 et
1250 2600 1465 2674 unusquisque,
1492 2617 1543 2673 pro
1567 2598 1667 2655 labore
1681 2597 1724 2656 vel
1745 2597 1881 2672 operibus

1058 2688 1130 2754 suis,
1147 2689 1176 2743 in
1192 2687 1246 2744 hoc
1270 2688 1314 2744 vel
1330 2689 1359 2743 in
1376 2687 1425 2744 illo
1445 2692 1523 2744 statu
1539 2687 1602 2742 vitae
1618 2691 1680 2742 est:
1696 2687 1738 2742 ita
1751 2691 1780 2742 et
1794 2685 1881 2744 dena·

1057 2793 1120 2831 rius
1149 2775 1233 2848 quasi
1255 2776 1438 2849 indulgentia
1461 2775 1520 2832 veri
1542 2775 1697 2849 Principis,
1713 2791 1815 2832 omnes
1830 2793 1881 2848 per

1058 2865 1239 2937 baptismum
1254 2865 1362 2920 emittit
1376 2865 1412 2920 de
1424 2881 1547 2921 carcero.
1564 2863 1629 2920 Jam
1651 2864 1744 2920 nostri
1770 2863 1880 2922 laboris

1058 2958 1113 3020 est,
1132 2969 1184 3027 pro
1214 2953 1381 3012 diversitate
1405 2953 1558 3023 virtutum,
1583 2952 1699 3010 diversa
1713 2953 1796 3010 nobis
1810 2941 1880 3027 prse-

180 3081 244 3136 tum
260 3080 409 3152 quondam
424 3079 529 3148 filium,
545 3082 675 3156 loquitur
689 3088 788 3158 pastor
806 3087 834 3140 et
849 3087 930 3157 pater
946 3103 952 3140 :
970 3087 1003 3142 st
1057 3059 1170 3115 pam

136 3249 139 3254 1
181 3165 315 3222 inarato
335 3175 446 3238 poetam
460 3186 552 3227 meam
565 3175 714 3228 tecam.·et
728 3175 795 3228 scies
810 3175 937 3245 quioepo
953 3156 1041 3228 lio-C
1094 3177 1138 3231 33.
1155 3176 1256 3232 lledias
1266 3178 1400 3235 Jonotlros
1414 3177 1584 3234 interlinuid
1603 3184 1630 3233 et
1651 3176 1725 3234 Soet.
1750 3207 1784 3218 -
1805 3181 1881 3234 Huc·

181 3259 284 3328 minas,
298 3263 325 3314 et
336 3258 530 3325 recordaberis,
547 3263 781 3331 recensentem:
795 3270 826 3318 at
839 3279 895 3318 non
908 3263 1006 3318 sittibi
1059 3279 1153 3336 usquo
1180 3281 1230 3338 per
1252 3271 1350 3337 partes
1372 3265 1408 3320 ad
1424 3265 1573 3338 proposita
1587 3264 1815 3338 respondimus:
1834 3283 1881 3323 se·

180 3349 257 3404 altre
284 3350 394 3420 operire
412 3363 442 3402 es
462 3365 521 3420 prae
538 3352 698 3422 confusione
720 3356 778 3421 tna,
794 3369 855 3408 com
878 3353 1004 3424 placatas
1058 3368 1151 3424 quens
1167 3370 1263 3410 sermo
1278 3354 1308 3409 in
1324 3369 1480 3410 commune
1501 3354 1537 3411 ad
1558 3353 1659 3410 omnia
1682 3355 1880 3427 respondebit.

177 3439 258 3508 luero
273 3439 324 3494 tibi
337 3440 366 3494 in
382 3439 507 3496 ominibus
520 3455 579 3510 qne
594 3439 686 3508 fecisti
701 3440 805 3511 (diecti.
823 3441 936 3506 xv1,62,
945 3441 1000 3512 63).
1056 3441 1199 3498 Dominus
1210 3442 1246 3498 ad
1257 3441 1417 3515 discipulos
1427 3459 1511 3499 suos:
1538 3443 1591 3512 θαι·
1609 3443 1677 3508 unit,
1689 3441 1881 3516 inquinantes

180 3525 218 3584 Ut
243 3525 316 3582 nibil
343 3526 442 3584 minus
452 3529 535 3599 justo
550 3527 677 3594 habeant
691 3527 876 3600 prenitentes,
893 3528 1002 3584 suffieit
1055 3546 1101 3586 uos
1114 3533 1204 3604 major
1216 3547 1284 3598 esse,
1298 3533 1467 3588 sitomninm
1486 3532 1620 3587 minimas
1635 3531 1743 3604 (naen.
1758 3549 1805 3599 xx,
1821 3533 1880 3606 ib).

178 3615 222 3674 eis
236 3633 288 3689 pro
302 3617 382 3673 omni
397 3634 482 3690 poena
495 3618 557 3674 sola
572 3616 714 3673 conlusio.
731 3617 812 3673 Unde
837 3621 866 3674 et
886 3617 915 3673 in
944 3616 1000 3674 alio
1055 3619 1084 3676 Si
1100 3636 1201 3676 omnes
1226 3621 1255 3676 in
1280 3620 1351 3678 cmlo
1376 3621 1503 3693 equales
1523 3621 1613 3676 futuri
1636 3637 1752 3690 sumus,
1769 3621 1881 3678 trustra

177 3704 242 3764 loeo
262 3705 369 3762 dicitur
389 3707 426 3762 ad
449 3723 499 3762 eos
513 3724 519 3763 :
534 3709 565 3762 st
591 3705 805 3764 recordabimini
823 3709 932 3764 viarum
955 3723 1000 3762 ue·
1054 3725 1107 3765 nos
1122 3709 1169 3764 hio
1184 3709 1386 3777 humiliamus,
1399 3713 1431 3764 ut
1442 3708 1481 3763 ibi
1497 3707 1646 3781 possimus
1660 3725 1724 3766 esso
1739 3711 1877 3781 majores.

176 3802 297 3854 strnrnm
337 3797 528 3868 pessimarum,
544 3804 569 3851 et
592 3797 715 3852 morsiam
742 3797 875 3851 scelernm
901 3797 1000 3868 qaibtvs
1053 3803 1092 3854 De
1108 3798 1223 3854 duobus
1236 3798 1416 3854 debitoribus
1433 3798 1660 3870 quingentorum
1676 3797 1878 3868 denariorum,

175 3884 276 3956 polluti
303 3886 397 3952 erotis,
425 3887 450 3940 et
477 3884 654 3956 displicebitis
692 3885 765 3940 vebis
793 3886 824 3940 in
856 3894 999 3958 conspecta
1052 3885 1381 3960 etquinquaginta,cui
1405 3886 1473 3959 plus
1496 3885 1667 3953 dimittitur,
1692 3885 1758 3959 plus
1783 3891 1876 3944 amat.

175 3979 274 4042 emine,
290 3974 320 4028 in
342 3973 469 4030 omnibvs
491 3973 608 4028 malitiis
628 3974 723 4030 uestris
744 3989 812 4045 ques
834 3975 955 4046 [coislin
971 3981 998 4030 et
1052 3973 1133 4031 Unde
1146 3979 1175 4031 et
1189 3975 1340 4032 Salvator:
1357 3977 1432 4042 Dico,
1447 3974 1552 4047 inquit,
1569 3975 1629 4042 tibi,
1656 3976 1836 4032 remittantur
1850 3979 1880 4033 si

167 4061 267 4118 ariete
289 4063 354 4134 quin
388 4077 435 4133 epo
457 4063 599 4128 beriticus,
618 4079 682 4117 carn
720 4063 874 4135 benefecero
911 4065 995 4132 vobis,
1048 4064 1431 4135 pe·ccnrn⁸mn1in,qaentnm
1445 4062 1544 4120 ditescit
1559 4064 1686 4120 mabam.
1709 4064 1759 4120 Gai
1782 4071 1880 4122 autern

171 4157 283 4223 propter
302 4167 403 4208 nomen
422 4159 564 4218 mennaei
587 4167 643 4206 nen
663 4151 996 4209 secundnmeisseestrns
1049 4153 1142 4207 min-as
1156 4152 1315 4220 dimittitur,
1330 4154 1424 4207 minas
1438 4152 1533 4222 diripit
1548 4152 1622 4224 (Lac.
1653 4169 1704 4220 vu,
1734 4153 1788 4226 47).
1821 4152 1878 4223 Qui

173 4240 272 4306 mnes,
288 4255 375 4312 neque
386 4240 534 4296 secandam
547 4240 650 4296 scetere
663 4247 750 4296 cestra
759 4241 994 4312 pessimotllnecb.
1050 4239 1148 4295 minus
1159 4238 1295 4312 diligit,et
1304 4239 1715 4312 miuuseidimittitur,utique
1727 4240 1756 4296 iu
1766 4240 1880 4298 minori

173 4345 249 4396 xxvi,
265 4329 310 4396 3l,
325 4331 381 4400 32).
395 4329 534 4402 Arguitur
548 4344 664 4400 quoque
680 4331 792 4399 epatre
811 4327 899 4398 filius,
916 4329 994 4400 quod
1048 4327 1141 4400 gradu
1155 4327 1435 4384 crit.Pateriarnilias
1450 4327 1637 4399 proficiscens
1651 4327 1773 4385 tradidit
1783 4330 1879 4388 servis

173 4415 260 4474 saluti
290 4417 388 4474 fratris
415 4415 553 4482 invideat,
569 4421 598 4472 et
612 4432 679 4472 cum
707 4414 804 4488 angeli
818 4416 992 4472 interturia
1049 4415 1112 4471 suis
1128 4415 1337 4484 substantiam,
1355 4415 1404 4472 alii
1419 4415 1549 4488 quinque
1564 4415 1736 4484 talenta,alii
1747 4417 1879 4484 demetii

173 4503 256 4570 eoelo,
285 4503 334 4562 ille
361 4504 452 4561 livore
484 4504 638 4560 crucietur.
666 4504 838 4575 Quanquam
866 4505 1138 4588 duorumnunum
1155 4504 1260 4575 (llettb.
1283 4521 1348 4571 xxv,
1367 4504 1686 4578 reiecturumque
1707 4505 1877 4564 secundum

171 4592 295 4653 fratrum
309 4591 482 4662 similitude,
501 4593 575 4665 t'rugi
591 4595 620 4647 et
635 4590 788 4663 luxuriosi,
807 4609 865 4649 non
882 4594 917 4650 ed
932 4611 991 4652 me·
1047 4591 1181 4664 proprias
1209 4593 1295 4649 vires.
1326 4591 1429 4648 Simile
1457 4592 1528 4664 quid
1552 4597 1582 4649 et
1596 4593 1625 4648 in
1645 4591 1702 4649 alio
1717 4593 1877 4668 Evangelio

205 4823 381 4882 ¹Gootrario
405 4837 505 4888 sensu,
522 4821 618 4878 verius
647 4825 744 4878 tamen
775 4825 808 4876 ut
827 4803 992 4880 mihividess
1045 4823 1195 4906 ergoipsn
1219 4824 1277 4881 vita
1301 4829 1407 4880 aterna
1425 4823 1876 4908 paritereritomnibuseleetis

168 4901 227 4965 tur,
244 4897 354 4954 babent
368 4896 426 4952 duc
441 4910 512 4949 mss.
530 4899 558 4950 et
581 4899 664 4949 vetus
678 4894 775 4949 editio.
793 4895 824 4949 ln
844 4895 991 4952 solitudine
1044 4897 1174 4966 asquslvs,
1198 4895 1335 4952 denarius
1359 4897 1497 4952 omnibus
1520 4895 1679 4952 attributus
1711 4897 1771 4964 est;
1798 4897 1876 4968 quia

163 4970 270 5038 obiero,
294 4968 463 5026 redemerit
493 4982 594 5022 corono
626 4968 778 5032 morientis,
802 4968 867 5036 qnia
898 4967 991 5022 endem
1044 4983 1112 5023 vero
1128 4968 1157 5022 in
1181 4967 1247 5040 ipso
1273 4968 1330 5024 vita
1351 4972 1459 5024 aterna
1482 4967 1619 5024 distincte
1644 4967 1799 5038 fulgebunt
1823 4966 1873 5024 lu·

166 5055 253 5096 conso
278 5041 377 5096 inertis
400 5047 439 5095 est
462 5037 608 5100 cbristus:
624 5053 775 5108 poenarum
796 5053 910 5108 nempe,
927 5053 989 5118 qua
1045 5039 1124 5096 mine
1153 5040 1336 5108 meritorum,
1371 5038 1468 5094 multra
1498 5042 1568 5094 suut
1599 5039 1769 5096 mansiones
1789 5038 1875 5121 apud

166 5109 203 5164 ad
231 5109 433 5166 declinandam
484 5109 696 5166 ersecutiunem
725 5109 761 5164 ob
784 5107 944 5177 Christum,
959 5125 988 5162 m

1045 5115 1179 5178 Patrem;
1207 5127 1239 5166 ao
1264 5126 1315 5182 per
1339 5108 1393 5164 boc
1413 5110 1442 5164 in
1467 5108 1586 5166 denario
1601 5110 1720 5184 quidem
1741 5125 1799 5168 non
1815 5126 1876 5166 tm-

164 5178 325 5235 soliludine
340 5127 498 5236 subeundis
516 5186 594 5236 suut.
616 5180 755 5252 Superior
782 5195 898 5250 quoque
923 5195 989 5233 cen·
1232 5181 1239 5193 '
1589 5181 1594 5193 ‘

1044 5183 1107 5254 pari
1135 5198 1192 5236 non
1213 5185 1289 5237 vivet
1312 5179 1387 5236 alius
1411 5180 1563 5253 prolixius,
1587 5197 1617 5236 in
1642 5180 1745 5238 multis
1767 5183 1872 5236 autem

164 5253 260 5305 textus
280 5252 466 5322 sulii-agatur.
1043 5252 1246 5308 mansionibus
1273 5250 1433 5307 bonoratur
1455 5251 1531 5308 alius
1552 5251 1608 5308 alio
1632 5253 1750 5309 clarius.
1765 5273 1780 5302 n
1794 5251 1874 5309 Vide

199 5321 447 5392 ’ltaSquoque
471 5320 876 5392 Augustinuslib.desnnctn
898 5321 988 5388 Virpi·
1043 5339 1110 5378 oum
1136 5321 1257 5389 librum,
1280 5321 1310 5377 in
1339 5339 1397 5393 quo
1425 5323 1518 5380 multa
1548 5328 1648 5381 contra
1676 5322 1872 5381 berinianum

164 5392 264 5458 nitate,
282 5409 344 5464 cap.
362 5393 405 5458 26,
423 5408 566 5462 reponens
595 5391 823 5447 hoioloviuianl
852 5392 989 5462 objectio·
1044 5397 1250 5464 congeruntur.

164 5462 351 5530 ni:«Quid,
369 5461 627 5534 inquit,denarius
657 5462 705 5517 ille
735 5462 987 5546 aliudsiguidcat,
1078 5465 1162 5519 ³Duo
1180 5465 1871 5538 mss.Dice,inquit,cabiaremittentnreipec·

164 5534 222 5595 nisi
241 5535 318 5609 quod
331 5550 434 5590 omnes
456 5533 652 5590 communiter
666 5533 826 5604 habebunt,
843 5535 929 5591 sicuti
944 5541 989 5591 est
1042 5537 1112 5606 coto,
1128 5539 1183 5590 etc.
1816 5563 1820 5589 ,-

162 5597 229 5682 ipsa
242 5605 302 5666 vita
324 5609 442 5676 eterna,
458 5603 557 5678 ipsum
583 5619 708 5676 regnum
735 5605 899 5664 coelorum?
915 5606 988 5672 Quis
