4068 6170
80 305 169 376 ists
274 331 280 340 =
645 309 696 380 aa
718 311 1075 404 nnunurorrouraus
1096 314 1227 381 isoes.
1710 314 1788 388 isra·

75 447 203 522 ceperit,
220 448 271 521 qui
287 447 313 506 si
329 446 462 524 sedigno
485 455 566 508 tento
578 457 659 524 patre
686 455 850 520 tractasset,
870 453 906 508 ad
921 454 949 520 Α
964 457 1007 507 ius
1021 453 1106 508 lsrael
1122 453 1245 522 Domino,
1259 453 1392 524 primitie
1406 452 1520 523 fraqam
1532 456 1592 526 ejas
1603 455 1668 528 (ier.
1683 473 1713 529 n,
1738 461 1786 533 3):

77 555 152 594 eum
168 537 365 611 primogenita
380 555 562 613 regnumque
572 540 737 613 pertineret.
749 541 829 597 Unde
840 539 912 595 dicit
966 541 1014 612 qui
1032 541 1171 597 tortitudo
1187 539 1266 597 illius
1285 541 1348 602 luit.
1365 542 1482 613 quando
1511 543 1602 613 (Forte
1626 549 1788 621 quondum)

77 627 911 700 silrieumprimogenitum,quasiruideberenturdona
967 629 1397 702 inputriorohisetprophetis
1423 635 1451 685 ct
1481 631 1591 688 ceteris
1620 635 1788 710 quibusque

78 717 300 789 primogenita:
320 717 416 773 sedet
439 718 637 773 fortitudinem
661 735 744 774 suam
773 733 910 773 errrnno·
966 717 1134 772 fortissimis
1157 718 1344 774 viriseontra
1367 718 1563 775 idololatriam
1588 725 1617 777 ot
1651 723 1787 782 viliorum

79 807 189 873 minat,
214 822 248 862 eo
272 806 350 877 quod
375 806 465 861 robur
488 807 605 878 imperii
630 808 666 862 ad
687 823 753 862 eum
778 805 912 862 debuerit
967 808 1097 862 omnium
1118 807 1264 879 impuram
1275 813 1417 864 catervam
1435 809 1548 865 sortiter
1561 811 1721 882 dimicavit,
1737 816 1788 888 qui

79 895 241 951 declinare.
260 895 324 950 llaec
338 899 436 951 autern
457 912 514 952 non
529 895 594 952 ideo
608 895 765 950 indicative
781 894 911 967 protulit,
965 901 1064 952 tamen
1075 897 1251 968 principium
1263 897 1371 952 doloris
1381 899 1445 968 ejus
1458 900 1616 969 praeexistit
1625 902 1646 968 ⁸,
1671 906 1789 975 quando

81 985 165 1057 quod
180 985 222 1039 ita
237 984 335 1039 lutura
349 1001 414 1040 esse
430 989 481 1039 aut
496 984 668 1056 praeviderit,
698 983 741 1038 vel
771 982 911 1050 voluerit3
967 985 1138 1041 adveniente
1153 986 1300 1041 Salvoiom
1317 987 1345 1041 in
1366 986 1569 1045 incredulitate
1597 1007 1785 1061 permanens,

82 1075 138 1130 sed
155 1078 187 1130 ut
202 1090 270 1130 eum
289 1089 340 1148 per
355 1072 414 1128 hee
430 1073 508 1130 dieta
523 1074 573 1146 ad,
589 1073 791 1145 poenitentiam
813 1072 913 1128 rohor-
967 1075 1130 1130 doctrinam
1146 1073 1224 1130 illius
1241 1075 1388 1148 suscipere
1400 1082 1496 1132 mente
1509 1078 1622 1135 tumida
1633 1084 1788 1138 recusavit.

83 1169 210 1230 teretur,
227 1164 451 1232 cumrecoleret,
464 1181 481 1218 a
492 1167 601 1235 quanta
612 1162 755 1234 dignitate
767 1161 912 1234 peccando
968 1163 1048 1219 Unde
1064 1163 1310 1219 Dominusrideus
1326 1164 1469 1220 civitatem
1488 1165 1662 1236 Jerusalem,
1675 1169 1790 1228 lievisse

83 1253 256 1308 decidisset.
279 1251 362 1308 Unde
385 1251 465 1320 dicit,
490 1256 515 1307 et
541 1253 712 1324 principium
737 1251 837 1307 doloris
858 1252 914 1306 mei
968 1252 1096 1308 dieitur:
1126 1256 1156 1306 et
1182 1253 1210 1307 in
1240 1253 1338 1308 Lazari
1385 1254 1607 1312 resuscitatione
1640 1275 1692 1330 pru
1724 1261 1789 1330 ejus

83 1339 399 1413 (ibid.);principium
420 1337 761 1413 namquedelorisillius
782 1338 913 1410 luit,qui
969 1341 1067 1413 populi
1079 1342 1206 1397 cecitate
1223 1341 1399 1412 lacrymatus
1415 1359 1479 1398 esse
1508 1344 1689 1415 perhibetur.
1714 1349 1788 1404 Cum

85 1429 183 1502 ruptis
197 1428 378 1485 castimonie
395 1428 528 1501 habenis,
540 1429 663 1485 infrenis
679 1428 763 1484 irruit
779 1429 832 1485 ¹ad
849 1445 914 1484 eon-
969 1435 1065 1485 antem
1082 1430 1198 1497 dieitur,
1217 1432 1295 1501 prior
1311 1431 1339 1485 in
1355 1430 1452 1486 denis:
1476 1433 1641 1488 ostenditur
1668 1435 1788 1507 quidem

85 1519 282 1592 stuprandum
293 1519 450 1590 conjugem
464 1518 762 1590 patris,quaeresnen
775 1515 914 1574 mediocri
969 1519 1153 1590 precessisse
1181 1519 1317 1574 eumdem
1347 1519 1487 1591 populum
1513 1523 1789 1581 muneribusaDeo

87 1606 679 1664 dolereeumatimulasseeredendaest.
711 1607 786 1662 liene
816 1611 915 1662 autem
969 1607 1095 1674 collatis,
1126 1601 1354 1663 subsecuturam
1376 1624 1442 1663 vero
1466 1609 1598 1681 gentium
1617 1611 1789 1682 Ueelesiam,

89 1698 194 1754 dicitur
209 1695 384 1772 pripeipium
402 1695 510 1752 doloris
522 1696 587 1766 iste,
604 1697 673 1768 quia
687 1701 716 1751 et
731 1693 836 1768 reliqui
858 1693 915 1750 lra—
971 1713 1034 1768 quae
1065 1695 1176 1752 eisdem
1197 1700 1226 1751 at
1255 1694 1346 1751 mullo
1370 1696 1532 1768 potioribus
1560 1700 1791 1758 essetdensuda

89 1793 147 1844 tres
162 1785 292 1844 accusati
308 1790 405 1842 sunta
421 1785 505 1842 beate
521 1784 630 1858 loseph
647 1785 723 1858 apud
737 1788 848 1857 patrem
860 1783 915 1840 cri·
930 1825 955 1892 B
971 1783 1208 1840 charismatibus.
1226 1785 1298 1840 Cum
1308 1800 1374 1840 vero
1385 1785 1548 1858 subjungit,
1564 1788 1652 1860 major
1662 1789 1791 1861 imperis,

87 1877 168 1933 mine
179 1875 317 1948 pessimo.
330 1873 411 1938 Quod
425 1876 522 1930 antem
532 1873 583 1944 ait,
594 1876 673 1946 prior
681 1875 710 1930 in
718 1873 911 1946 deoblituit),
969 1889 1026 1930 uon
1045 1873 1153 1928 mirum
1174 1873 1199 1928 si
1216 1871 1374 1929 honoretur
1389 1874 1490 1930 eadem
1506 1889 1589 1947 gens,
1612 1893 1676 1950 que
1697 1879 1796 1951 prima*

87 1966 124 2022 ad
141 1962 336 2037 primogenite
351 1962 549 2035 pertinetque
558 1960 599 2017 illi
614 1965 755 2035 tanquam
767 1961 912 2035 primoge·
968 1962 1094 2019 credidit
1104 1960 1663 2036 prerogativaplt.progativolpatrum:
1674 1968 1793 2038 quaudo

86 2054 152 2112 nitu
164 2052 363 2110 debebantur:
381 2051 459 2124 qued
474 2066 541 2106 vero
561 2049 724 2123 subjungit,
740 2051 828 2122 major
860 2050 914 2104 im·
970 2048 1792 2124 beatusapostoluaPaulusmultumperomnemmodum

83 2145 164 2217 peris
179 2141 284 2216 (thid),
299 2143 399 2213 aperte
412 2138 579 2196 declaratur
594 2140 630 2196 ed
646 2155 713 2196 eum
725 2137 913 2211 pertinuisse,
968 2139 1098 2212 amplius
1110 2155 1175 2195 esse
1189 2139 1291 2195 ludeo
1316 2140 1404 2195 dicat.
1430 2141 1518 2196 Addit
1540 2141 1663 2209 interea,
1685 2144 1793 2218 effusis

87 2229 473 2304 utdeejusseminereges
501 2227 915 2299 reliquorumiretrumcrea·
966 2245 994 2285 es
1015 2230 1087 2284 sieut
1107 2244 1189 2300 uque,
1219 2227 1439 2284 effrenationem
1468 2227 1547 2285 illius
1569 2231 1668 2302 populi
1695 2237 1793 2291 menie

86 2325 202 2378 rentur.
218 2319 298 2386 Quod
308 2335 374 2375 vero
389 2317 440 2384 ait,
451 2318 552 2389 effusus
567 2333 595 2374 es
609 2317 681 2375 sieut
695 2334 768 2388 equo
781 2316 861 2387 (idid.
874 2317 914 2382 t).
970 2316 1171 2384 considerans,
1187 2316 1238 2388 qui
1254 2332 1439 2388 nequaquem
1454 2333 1522 2373 vase
1536 2316 1609 2391 legis
1623 2335 1657 2375 ao
1685 2337 1793 2394 prisce-

87 2411 170 2470 huue
189 2408 426 2466 hahetsensum:
452 2407 536 2464 Sicut
562 2423 639 2479 aqua
669 2423 733 2479 que
762 2421 829 2462 vase
857 2395 925 2460 uou'
969 2404 1270 2479 ptorumdiviuerum
1300 2406 1443 2462 coercitus
1471 2409 1517 2462 est
1540 2410 1715 2477 mensura‘,
1740 2409 1812 2467 sed·

88 2499 255 2565 cohibetur,
280 2511 516 2570 quaquaversum
549 2495 624 2563 liuit,
653 2501 683 2554 et
706 2495 756 2552 ubi
780 2493 917 2552 declivior
970 2494 1091 2566 objectis
1118 2494 1251 2551 oninium
1280 2499 1489 2566 praceptorum
1523 2495 1574 2554 Dei
1599 2498 1736 2564 vinculis,
1762 2501 1795 2558 iu

89 2589 176 2644 loeus
190 2585 375 2642 humiliorem
390 2602 422 2642 se
437 2583 603 2659 prebuerit,
620 2588 679 2640 tote
699 2585 811 2656 impetu
839 2581 915 2638 deei-
969 2583 1129 2641 salvatoris
1144 2600 1243 2640 necem
1260 2587 1319 2640 toto
1335 2588 1441 2640 conatu
1456 2582 1613 2643 locutionis
1629 2603 1690 2645 suas
1714 2591 1793 2646 rivos

89 2677 211 2734 dit2ita
225 2680 257 2731 tu
273 2674 354 2731 nulla
370 2691 509 2731 mensura
523 2673 670 2748 conjugali
685 2673 837 2729 libidinem
868 2688 915 2727 co·
969 2673 1081 2730 alludit.
1113 2673 1183 2728 biam
1202 2673 1279 2745 quod
1304 2689 1355 2745 per
1375 2689 1482 2746 aquarn
1507 2674 1615 2732 locutio
1643 2677 1721 2734 hona
1747 2679 1792 2736 vel

87 2765 224 2824 hibusti:
250 2765 301 2822 sed
323 2781 382 2836 quo
406 2767 433 2819 te
472 2763 601 2836 impetus
625 2761 782 2835 voluptatis
819 2760 918 2818 allexit
971 2763 1048 2819 mala
1067 2762 1259 2836 significetur,
1275 2763 1425 2834 Scriptura
1444 2763 1527 2820 testis
1542 2768 1587 2821 est
1601 2766 1709 2836 divina,
1726 2785 1792 2841 que

89 2855 399 2930 [stallexeruntteo
423 2853 567 2909 sentinarn
597 2856 655 2908 ture
674 2849 916 2923 concupiscentie
975 2852 1100 2908 inbono
1124 2852 1213 2908 dicit:
1243 2853 1320 2924 Aqua
1340 2853 1481 2924 profunde
1503 2855 1585 2910 uerbo
1604 2871 1639 2910 ee
1660 2871 1707 2913 ers
1733 2859 1791 2914 uiri

90 2943 248 3002 diffudisti.
265 2942 596 3014 Cumverosubjungit‚
616 2939 916 3012 quaerereillum),
970 2942 1060 3013 (Prsu.
1091 2957 1172 3005 xvrn,
1201 2941 1240 3011 l),
1269 2940 1398 3013 itemque
1426 2941 1456 2997 in
1479 2942 1567 2998 malo.
1598 2945 1652 3012 Qui
1675 2946 1796 3003 dimittit

92 3033 229 3107 prohihet
242 3049 310 3089 eum
325 3030 447 3087 ulterius
463 3047 480 3086 a
495 3030 545 3086 tali
561 3034 590 3086 et
605 3029 695 3086 simili
721 3027 915 3101 turpitudine.
969 3046 1071 3102 oqrsem
1083 3031 1165 3100 ceput
1178 3032 1218 3084 est
1228 3031 1401 3102 jurpiurum.
1426 3031 1505 3096 Quod
1532 3046 1599 3088 vero
1628 3033 1792 3108 subjungit,

95 3123 178 3180 Unde
193 3121 222 3179 el
237 3120 380 3178 Dominus
395 3120 431 3175 ad
448 3119 517 3176 Cain
533 3119 607 3184 [ded.
624 3123 702 3187 eum}
730 3118 852 3174 Pereosti
875 3126 915 3188 tu,
970 3121 1031 3176 Non
1044 3135 1158 3182 creseus,
1174 3119 1302 3175 ostendit
1325 3119 1461 3176 eumdem
1481 3119 1633 3192 populum,
1662 3121 1740 3178 sieut
1765 3129 1794 3182 et

92 3215 199 3286 quiesce
213 3210 289 3280 (Gen.
308 3227 345 3268 ιν.
358 3211 385 3280 7,
401 3225 453 3266 sec.
470 3209 552 3280 LXX).
569 3209 630 3274 Quo
646 3213 743 3264 autem
768 3207 826 3263 ista
853 3209 916 3262 ten·
932 3212 953 3280 c
972 3207 1066 3264 oeulis
1081 3207 1240 3275 cernimus,
1258 3207 1332 3263 inter
1347 3211 1468 3264 cunctas
1483 3213 1585 3281 gentes
1613 3210 1793 3281 paucissimo

92 3302 175 3370 dont,
192 3299 447 3373 subjunctaverha
462 3301 624 3354 testantur:
639 3299 706 3369 quia
720 3295 918 3352 esemmisticu·
973 3313 1096 3353 numero
1111 3297 1309 3352 diminutum:
1327 3312 1417 3369 quare
1431 3301 1529 3353 autem
1554 3297 1611 3356 isla
1636 3315 1795 3373 perpessus

92 3392 146 3448 bile
160 3391 250 3463 petris
263 3389 315 3460 tui,
332 3396 357 3444 et
372 3387 521 3443 nmculusti
534 3389 653 3442 strettun
666 3386 725 3458 ejus
740 3384 815 3457 (Gen.
841 3400 917 3445 sarx,
973 3387 1020 3456 sit,
1037 3387 1194 3457 subjuncta
1208 3385 1294 3441 verba
1307 3389 1464 3453 testantur,
1485 3387 1552 3458 quio
1574 3387 1722 3444 ascendisti
1747 3405 1795 3446 ee·

93 3483 131 3550 t).
148 3477 300 3536 Manileste
315 3477 393 3533 enirn
409 3475 562 3532 hisverbis
583 3473 687 3530 incesti
703 3472 824 3544 crimen,
839 3470 917 3544 quod
973 3475 1127 3546 tritepetris
1151 3475 1404 3540 tui,rtmoeutusti
1432 3483 1551 3530 stratum
1574 3478 1717 3549 ejus:per
1744 3494 1796 3534 eu·

92 3569 143 3626 ille
158 3569 188 3624 in
207 3566 306 3624 Balam
323 3564 517 3622 concubinam
534 3563 626 3636 patris
648 3561 695 3619 sui
719 3561 916 3627 commiserat,
973 3562 1030 3618 hile
1046 3563 1138 3635 patris
1154 3561 1196 3616 tui
1212 3562 1232 3632 ⁵,
1249 3578 1365 3618 earnem
1378 3561 1537 3619 Salvatoris
1551 3563 1726 3622 insinuans:
1743 3581 1796 3622 nee

90 3661 305 3730 exaggeratur:
322 3656 400 3727 quod
413 3671 448 3709 ne
459 3653 506 3709 eui
533 3653 628 3710 lorsan
654 3651 809 3708 violentem
824 3649 919 3705 videa·
973 3650 1081 3706 mirum
1093 3648 1188 3707 cubile
1203 3649 1294 3721 patris
1310 3651 1385 3721 ejus,
1401 3653 1503 3722 gentes
1518 3654 1547 3706 et
1566 3667 1671 3724 eorpus
1699 3652 1797 3709 Domi-

93 3753 144 3803 tur
155 3745 273 3819 eoquod
286 3744 422 3816 superius
437 3742 623 3816 premissum
648 3745 693 3797 est
716 3740 769 3812 [st.
786 3737 918 3812 premis·
973 3740 1071 3795 nicom
1087 3736 1225 3809 intelligi:
1242 3736 1311 3808 quia
1325 3738 1361 3793 ab
1376 3754 1409 3794 so
1425 3737 1502 3794 idern
1527 3738 1654 3811 pupulus
1678 3746 1795 3799 oreatus

92 3853 162 3894 sum
174 3835 233 3908 sit}
973 3833 1028 3886 est.
1045 3828 1118 3884 Nam
1134 3825 1276 3898 scriptum
1301 3825 1336 3882 de
1351 3843 1395 3895 eu,
1421 3827 1522 3883 Omnia
1542 3843 1593 3899 per
1616 3830 1708 3900 ipsum
1721 3833 1795 3902 suctu

132 3923 311 3982 sisinnatium
335 3923 409 3980 uehis
424 3938 483 3995 que
499 3929 614 3978 uenture
628 3927 693 3976 sent
719 3919 748 3974 in
763 3918 919 3974 nouissimis
972 3924 1036 3972 sunt
1052 3915 1140 3988 (toan.
1159 3932 1178 3981 1,
1203 3913 1249 3986 3);
1275 3931 1327 3987 per
1354 3917 1478 3970 stratum
1504 3933 1568 3972 vero
1591 3916 1669 3974 idem
1689 3934 1795 3991 corpus

90 4015 208 4072 diebus:
225 4013 327 4070 audiat
341 4011 411 4085 quid
427 4011 502 4066 liber
516 4008 757 4082 Paralipomenon
774 4008 810 4064 de
825 4007 919 4063 haere
973 4004 1164 4078 intelligitur:
1182 4003 1260 4076 quod
1276 4003 1359 4077 quasi
1381 4003 1521 4060 aJudeis
1541 4006 1721 4064 maculatum
1739 4014 1795 4079 est,

88 4103 276 4162 dieatzsiu'i
289 4117 396 4175 quoque
412 4099 516 4169 Ueien,
529 4100 580 4155 iste
605 4097 805 4172 poimoperritus
834 4095 919 4152 isreel
972 4094 1090 4169 qnando
1115 4110 1215 4150 eorum
1238 4090 1448 4150 acclamatione
1473 4095 1614 4151 Dominus
1654 4095 1684 4152 in
1709 4113 1796 4156 cruce

85 4197 113 4268 (l
142 4193 237 4250 Perat.
264 4209 292 4264 v,
320 4193 363 4263 3):
390 4190 453 4262 ipse
477 4189 609 4262 qnippe¹
626 4186 680 4243 iuit
703 4184 918 4258 primogenitus
973 4187 1186 4257 suspensus,ct
1200 4181 1301 4240 lancea
1316 4183 1568 4241 transverberatus
1584 4189 1672 4257 atque
1692 4201 1795 4244 cruore

85 4285 175 4356 ejus;
193 4281 243 4338 sed
260 4297 327 4336 eum
340 4277 584 4334 violassettorum
597 4275 753 4349 patrissui,
769 4275 919 4330 datasuut
973 4274 1090 4347 proprio
1106 4277 1150 4329 est
1165 4273 1311 4344 pertusus.

82 4369 360 4448 primogenitaejus
377 4366 446 4424 filiis
460 4366 580 4437 ioseph,
599 4363 665 4420 liliis
683 4361 780 4432 lsrael,
797 4367 825 4420 et
859 4379 916 4419 non
1079 4360 1261 4418 SECUNDUS
1276 4361 1521 4428 Ph'ililslissllh,
1542 4363 1686 4420 SlMUON.

82 4463 297 4534 estreputatus
312 4459 342 4514 iu
357 4455 605 4530 primogenitum:
622 4453 717 4527 typice
732 4457 831 4509 autem
858 4452 917 4508 Ru·
1007 4451 1234 4508 Simeenetteui
1260 4467 1326 4506 vesu
1355 4452 1512 4522 iniquitatis
1540 4453 1791 4524 tettomtoimm.

82 4555 145 4609 ben
164 4551 217 4607 iste
229 4547 444 4623 primogenitus
454 4542 597 4618 populum
609 4541 917 4616 designotludaieum,
972 4559 1049 4608 xarx,
1064 4541 1102 4613 5).
1120 4539 1201 4595 Putet
1212 4537 1314 4594 littere
1325 4556 1441 4608 sensus,
1451 4541 1520 4614 qula
1533 4541 1564 4597 hi
1576 4539 1633 4598 duo
1644 4541 1749 4600 iratres
1758 4541 1796 4600 ob

81 4641 139 4714 qui
156 4637 371 4712 primogenitus
386 4635 442 4691 luit
457 4633 518 4704 Uei,
528 4634 614 4704 juxta
630 4633 707 4705 quod
730 4633 766 4688 de
782 4631 831 4689 illo
858 4631 916 4688 Do·
972 4629 1172 4687 ulciscendum
1190 4635 1325 4701 stuprum
1341 4631 1461 4700 suroris,
1486 4630 1646 4688 subornata
1669 4648 1741 4705 pace
1766 4637 1796 4688 et

82 4727 241 4788 minusad
264 4727 382 4799 Moysen
412 4723 469 4781 ait:
499 4725 588 4779 Filius
615 4723 814 4794 primogenitus
843 4737 917 4777 inens
972 4718 1195 4776 fietisamieitiis
1211 4718 1523 4792 deceperuutSyehem
1541 4724 1569 4776 et
1584 4721 1792 4794 Umorpatrem

82 4819 175 4876 isreel
189 4821 228 4874 est
242 4815 339 4888 (liceri.
357 4833 395 4882 1v,
410 4817 428 4868 2
447 4814 467 4885 ).
485 4813 516 4868 Et
538 4813 641 4868 beatus
655 4810 806 4881 ieremias,
829 4811 916 4865 Scine·
971 4808 1062 4874 illius,
1079 4825 1152 4882 quos
1169 4824 1233 4864 uaso
1248 4808 1406 4880 iniquitatis
1420 4809 1552 4865 bellantis
1567 4809 1711 4881 nominat,
1727 4809 1797 4882 quia

123 5037 131 5071 ¹
151 5035 245 5105 Atque
266 5031 313 5087 hie
329 5031 414 5086 irruit
428 5026 552 5102 legimus
567 5043 583 5082 e
598 5042 669 5082 mss.
686 5041 738 5098 pro
754 5041 811 5097 quo
831 5028 917 5082 antea
1006 5022 1062 5080 llu
1084 5040 1139 5078 ms.
1161 5025 1202 5080 tsi
1218 5027 1304 5080 taret.
1321 5021 1360 5078 lia
1376 5041 1433 5096 quo
1449 5040 1514 5079 mor
1538 5021 1626 5080 rerba
1648 5025 1739 5094 pentes
1768 5029 1796 5079 et

87 5107 181 5164 erasit.
969 5114 1066 5168 cerpus
1082 5097 1263 5160 heremitam,
1294 5097 1486 5151 emendamus
1516 5112 1568 5167 pro
1593 5095 1702 5167 quibus
1730 5099 1795 5152 erut

122 5178 178 5232 ’ln
195 5176 259 5232 eod.
276 5175 377 5229 iluhen
394 5169 581 5244 primogeniti
599 5167 719 5235 israeli
743 5185 773 5224 se
787 5183 911 5240 quoque.
970 5171 1059 5236 pertis
1073 5184 1171 5240 corpses
1187 5170 1348 5224 litanialem.

121 5245 329 5304 ³Laeuuulam
346 5243 573 5316 supplevimuse
588 5257 660 5296 mss.
675 5186 914 5312 verlloprceersti-
1005 5241 1115 5295 lDruse
1140 5238 1238 5292 uimur
1266 5255 1299 5292 ex
1325 5237 1426 5292 eodem
1451 5253 1505 5293 ms.
1533 5235 1686 5310 pericopen
1711 5233 1787 5292 hane

82 5323 119 5379 tit
135 5319 215 5392 quod
231 5322 317 5374 antea
331 5317 450 5372 deerat:
468 5330 534 5369 mox
558 5313 645 5368 etiam
671 5313 790 5369 verbum
821 5311 914 5366 susci·
970 5310 1063 5394 ailiam¹
1076 5257 1235 5436 dqltmron
1248 5309 1283 5364 ad
1295 5309 1381 5392 linem
1397 5325 1500 5380 osque,
1518 5325 1570 5381 pro
1586 5308 1689 5436 qufiln
1719 5308 1794 5364 blar-

83 5407 252 5518 petrellerha
276 5460 441 5516 Divinarum
466 5457 597 5514 coercitus
625 5459 662 5511 est
689 5472 828 5521 mensuro,
870 5453 915 5512 sed
968 5387 1598 5534 lleasnclllhlbllllllrlr,lillrllrilqerlluilrstlxerlrlhl
1612 5395 1794 5510 ‹sselllllllylnsq

81 5535 338 5612 abjectissmniem
357 5538 568 5612 preceptorum,
598 5544 662 5600 quar
688 5527 797 5584 ultime
822 5526 913 5598 hujus
969 5524 1313 5582 heritotrdemsorsibus
1343 5541 1372 5580 rn
1397 5527 1425 5580 S.
1458 5523 1552 5582 Patris
1582 5523 1791 5596 Questisnilnss

82 5607 168 5666 vocis
181 5619 312 5676 recursu,
329 5601 453 5660 solemur
469 5599 695 5659 amanuensium
708 5599 792 5674 lapsu
803 5598 915 5658 excide·
967 5597 1105 5656 Hebraicis
1119 5611 1210 5672 supra
1219 5594 1317 5652 editis.

83 5683 166 5750 rant,
181 5694 199 5740 e
213 5693 269 5738 ms.
287 5671 467 5736 suffecimus.
