<?xml version="1.0" encoding="UTF-8"?>
<!DOCTYPE html PUBLIC "-//W3C//DTD XHTML 1.0 Transitional//EN"
    "http://www.w3.org/TR/xhtml1/DTD/xhtml1-transitional.dtd">
<html xmlns="http://www.w3.org/1999/xhtml" xml:lang="en" lang="en">
 <head>
  <title>
</title>
<meta http-equiv="Content-Type" content="text/html;charset=utf-8" />
  <meta name='ocr-system' content='tesseract 3.04.00' />
  <meta name='ocr-capabilities' content='ocr_page ocr_carea ocr_par ocr_line ocrx_word'/>
</head>
<body>
  <div class='ocr_page' id='page_1' title='image "./patrologiaecurs01goog/patrologiaecurs01goog_0028.png"; bbox 0 0 4056 6156; ppageno 0'>
   <div class='ocr_carea' id='block_1_1' title="bbox 143 192 1855 268">
    <p class='ocr_par' dir='ltr' id='par_1_1' title="bbox 143 192 1855 268">
     <span class='ocr_line' id='line_1_1' title="bbox 143 192 1855 268; baseline 0.005 -8"><span class='ocrx_word' id='word_1_1' title='bbox 143 199 184 260; x_wconf 74' lang='lat' dir='ltr'>u</span> <span class='ocrx_word' id='word_1_2' title='bbox 699 195 792 262; x_wconf 80' lang='lat' dir='ltr'><strong>vire</strong></span> <span class='ocrx_word' id='word_1_3' title='bbox 812 202 844 264; x_wconf 88' lang='lat' dir='ltr'><strong>S.</strong></span> <span class='ocrx_word' id='word_1_4' title='bbox 868 195 1095 268; x_wconf 75' lang='lat' dir='ltr'><strong>masniolus</strong></span> <span class='ocrx_word' id='word_1_5' title='bbox 1116 192 1312 265; x_wconf 73' lang='lat' dir='ltr'><strong>occultu.</strong></span> <span class='ocrx_word' id='word_1_6' title='bbox 1812 199 1855 268; x_wconf 69' lang='lat' dir='ltr'><strong>ti</strong></span> 
     </span>
    </p>
   </div>
   <div class='ocr_carea' id='block_1_2' title="bbox 131 329 1854 4517">
    <p class='ocr_par' dir='ltr' id='par_1_2' title="bbox 131 329 1854 4517">
     <span class='ocr_line' id='line_1_2' title="bbox 145 329 1854 408; baseline 0.002 -20"><span class='ocrx_word' id='word_1_7' title='bbox 145 331 232 388; x_wconf 81' lang='lat' dir='ltr'><strong>ribus</strong></span> <span class='ocrx_word' id='word_1_8' title='bbox 244 335 415 400; x_wconf 66' lang='lat' dir='ltr'><strong>camenam</strong></span> <span class='ocrx_word' id='word_1_9' title='bbox 432 329 577 390; x_wconf 76' lang='lat' dir='ltr'><strong>moereo</strong></span> <span class='ocrx_word' id='word_1_10' title='bbox 591 331 670 390; x_wconf 86' lang='lat' dir='ltr'><strong>enim</strong></span> <span class='ocrx_word' id='word_1_11' title='bbox 685 332 753 404; x_wconf 70' lang='lat' dir='ltr'><strong>eius</strong></span> <span class='ocrx_word' id='word_1_12' title='bbox 763 337 794 390; x_wconf 86' lang='lat' dir='ltr'><strong>et</strong></span> <span class='ocrx_word' id='word_1_13' title='bbox 807 331 900 401; x_wconf 86' lang='lat' dir='ltr'><strong>vultu,</strong></span> <span class='ocrx_word' id='word_1_14' title='bbox 923 351 975 392; x_wconf 89' lang='lat' dir='ltr'><strong>our</strong></span> <span class='ocrx_word' id='word_1_15' title='bbox 987 339 1016 408; x_wconf 71' lang='grc' dir='ltr'><strong>Α</strong></span> <span class='ocrx_word' id='word_1_16' title='bbox 1065 335 1110 390; x_wconf 84' lang='lat' dir='ltr'><strong>2-l.</strong></span> <span class='ocrx_word' id='word_1_17' title='bbox 1127 332 1414 390; x_wconf 78' lang='lat' dir='ltr'><strong>litterionemcotetct</strong></span> <span class='ocrx_word' id='word_1_18' title='bbox 1433 331 1467 387; x_wconf 87' lang='lat' dir='ltr'><strong>u.</strong></span> <span class='ocrx_word' id='word_1_19' title='bbox 1487 331 1628 388; x_wconf 78' lang='lat' dir='ltr'><strong>Aatoeics.</strong></span> <span class='ocrx_word' id='word_1_20' title='bbox 1659 364 1693 374; x_wconf 91' lang='lat'>-</span> <span class='ocrx_word' id='word_1_21' title='bbox 1722 333 1854 408; x_wconf 78' lang='lat' dir='ltr'><strong>Tempus</strong></span> 
     </span>
     <span class='ocr_line' id='line_1_3' title="bbox 131 418 1852 494; baseline 0.002 -16"><span class='ocrx_word' id='word_1_22' title='bbox 131 418 274 478; x_wconf 85' lang='lat' dir='ltr'><strong>·venieset</strong></span> <span class='ocrx_word' id='word_1_23' title='bbox 285 422 454 492; x_wconf 74' lang='lat' dir='ltr'><strong>agnoverat.</strong></span> <span class='ocrx_word' id='word_1_24' title='bbox 472 419 577 476; x_wconf 86' lang='lat' dir='ltr'><strong>Statim</strong></span> <span class='ocrx_word' id='word_1_25' title='bbox 588 421 704 494; x_wconf 85' lang='lat' dir='ltr'><strong>argued</strong></span> <span class='ocrx_word' id='word_1_26' title='bbox 715 420 972 494; x_wconf 73' lang='lat' dir='ltr'><strong>interrogationem</strong></span> <span class='ocrx_word' id='word_1_27' title='bbox 1027 439 1074 480; x_wconf 91' lang='lat' dir='ltr'><strong>me</strong></span> <span class='ocrx_word' id='word_1_28' title='bbox 1091 423 1217 489; x_wconf 79' lang='lat' dir='ltr'><strong>deficiet,</strong></span> <span class='ocrx_word' id='word_1_29' title='bbox 1231 421 1255 478; x_wconf 87' lang='lat' dir='ltr'><strong>si</strong></span> <span class='ocrx_word' id='word_1_30' title='bbox 1270 421 1388 479; x_wconf 90' lang='lat' dir='ltr'><strong>voluero</strong></span> <span class='ocrx_word' id='word_1_31' title='bbox 1404 420 1542 478; x_wconf 87' lang='lat' dir='ltr'><strong>universa</strong></span> <span class='ocrx_word' id='word_1_32' title='bbox 1554 420 1648 494; x_wconf 86' lang='lat' dir='ltr'><strong>signa,</strong></span> <span class='ocrx_word' id='word_1_33' title='bbox 1665 439 1730 494; x_wconf 85' lang='lat' dir='ltr'><strong>ques</strong></span> <span class='ocrx_word' id='word_1_34' title='bbox 1754 422 1791 480; x_wconf 91' lang='lat' dir='ltr'><strong>ab</strong></span> <span class='ocrx_word' id='word_1_35' title='bbox 1817 441 1852 482; x_wconf 91' lang='lat' dir='ltr'><strong>eo</strong></span> 
     </span>
     <span class='ocr_line' id='line_1_4' title="bbox 141 507 1851 584; baseline 0.002 -18"><span class='ocrx_word' id='word_1_36' title='bbox 141 509 196 566; x_wconf 86' lang='lat' dir='ltr'><strong>Dei</strong></span> <span class='ocrx_word' id='word_1_37' title='bbox 210 509 287 566; x_wconf 83' lang='lat' dir='ltr'><strong>servi</strong></span> <span class='ocrx_word' id='word_1_38' title='bbox 304 525 469 582; x_wconf 87' lang='lat' dir='ltr'><strong>suspensus</strong></span> <span class='ocrx_word' id='word_1_39' title='bbox 482 507 583 580; x_wconf 88' lang='lat' dir='ltr'><strong>bomo,</strong></span> <span class='ocrx_word' id='word_1_40' title='bbox 597 509 646 566; x_wconf 88' lang='lat' dir='ltr'><strong>vix</strong></span> <span class='ocrx_word' id='word_1_41' title='bbox 656 512 764 568; x_wconf 83' lang='lat' dir='ltr'><strong>terrem</strong></span> <span class='ocrx_word' id='word_1_42' title='bbox 776 511 973 583; x_wconf 65' lang='lat' dir='ltr'><strong>pedibustan·</strong></span> <span class='ocrx_word' id='word_1_43' title='bbox 1027 514 1193 584; x_wconf 87' lang='lat' dir='ltr'><strong>perpetrata</strong></span> <span class='ocrx_word' id='word_1_44' title='bbox 1207 514 1286 580; x_wconf 89' lang='lat' dir='ltr'><strong>sunt,</strong></span> <span class='ocrx_word' id='word_1_45' title='bbox 1304 511 1410 568; x_wconf 89' lang='lat' dir='ltr'><strong>dicere.</strong></span> <span class='ocrx_word' id='word_1_46' title='bbox 1425 511 1459 566; x_wconf 90' lang='lat' dir='ltr'><strong>iu</strong></span> <span class='ocrx_word' id='word_1_47' title='bbox 1475 513 1587 568; x_wconf 88' lang='lat' dir='ltr'><strong>tantem</strong></span> <span class='ocrx_word' id='word_1_48' title='bbox 1601 511 1680 566; x_wconf 89' lang='lat' dir='ltr'><strong>enim</strong></span> <span class='ocrx_word' id='word_1_49' title='bbox 1695 528 1712 568; x_wconf 89' lang='lat' dir='ltr'><strong>e</strong></span> <span class='ocrx_word' id='word_1_50' title='bbox 1727 511 1851 570; x_wconf 86' lang='lat' dir='ltr'><strong>Domine</strong></span> 
     </span>
     <span class='ocr_line' id='line_1_5' title="bbox 139 596 1852 674; baseline 0.004 -21"><span class='ocrx_word' id='word_1_51' title='bbox 139 613 213 672; x_wconf 78' lang='lat' dir='ltr'><strong>gere</strong></span> <span class='ocrx_word' id='word_1_52' title='bbox 227 596 326 671; x_wconf 74' lang='lat' dir='ltr'><strong>caepit,</strong></span> <span class='ocrx_word' id='word_1_53' title='bbox 341 601 370 654; x_wconf 88' lang='lat' dir='ltr'><strong>et</strong></span> <span class='ocrx_word' id='word_1_54' title='bbox 383 597 515 654; x_wconf 88' lang='lat' dir='ltr'><strong>immane</strong></span> <span class='ocrx_word' id='word_1_55' title='bbox 531 597 661 670; x_wconf 87' lang='lat' dir='ltr'><strong>rugiens,</strong></span> <span class='ocrx_word' id='word_1_56' title='bbox 677 597 749 671; x_wconf 78' lang='lat' dir='ltr'><strong>Syro</strong></span> <span class='ocrx_word' id='word_1_57' title='bbox 765 613 823 671; x_wconf 91' lang='lat' dir='ltr'><strong>quc</strong></span> <span class='ocrx_word' id='word_1_58' title='bbox 848 599 972 656; x_wconf 88' lang='lat' dir='ltr'><strong>interro·</strong></span> <span class='ocrx_word' id='word_1_59' title='bbox 1027 601 1122 658; x_wconf 83' lang='lat' dir='ltr'><strong>lueret</strong></span> <span class='ocrx_word' id='word_1_60' title='bbox 1136 599 1267 658; x_wconf 89' lang='lat' dir='ltr'><strong>elevatus</strong></span> <span class='ocrx_word' id='word_1_61' title='bbox 1278 599 1412 674; x_wconf 86' lang='lat' dir='ltr'><strong>gloriam,</strong></span> <span class='ocrx_word' id='word_1_62' title='bbox 1422 605 1456 656; x_wconf 90' lang='lat' dir='ltr'><strong>ut</strong></span> <span class='ocrx_word' id='word_1_63' title='bbox 1465 600 1569 656; x_wconf 86' lang='lat' dir='ltr'><strong>beatus</strong></span> <span class='ocrx_word' id='word_1_64' title='bbox 1579 615 1696 673; x_wconf 90' lang='lat' dir='ltr'><strong>queque</strong></span> <span class='ocrx_word' id='word_1_65' title='bbox 1707 601 1852 660; x_wconf 86' lang='lat' dir='ltr'><strong>Antonius</strong></span> 
     </span>
     <span class='ocr_line' id='line_1_6' title="bbox 138 687 1852 761; baseline 0.002 -18"><span class='ocrx_word' id='word_1_66' title='bbox 138 691 233 760; x_wconf 83' lang='lat' dir='ltr'><strong>gntus</strong></span> <span class='ocrx_word' id='word_1_67' title='bbox 246 687 504 757; x_wconf 75' lang='lat' dir='ltr'><strong>mmeramme,</strong></span> <span class='ocrx_word' id='word_1_68' title='bbox 526 687 686 761; x_wconf 78' lang='lat' dir='ltr'><strong>respondit.</strong></span> <span class='ocrx_word' id='word_1_69' title='bbox 716 687 836 746; x_wconf 82' lang='lat' dir='ltr'><strong>Videres</strong></span> <span class='ocrx_word' id='word_1_70' title='bbox 859 689 896 746; x_wconf 87' lang='lat' dir='ltr'><strong>de</strong></span> <span class='ocrx_word' id='word_1_71' title='bbox 923 706 972 747; x_wconf 93' lang='lat' dir='ltr'><strong>ore</strong></span> <span class='ocrx_word' id='word_1_72' title='bbox 1026 689 1152 746; x_wconf 89' lang='lat' dir='ltr'><strong>audiens</strong></span> <span class='ocrx_word' id='word_1_73' title='bbox 1166 689 1415 746; x_wconf 86' lang='lat' dir='ltr'><strong>conversationem</strong></span> <span class='ocrx_word' id='word_1_74' title='bbox 1424 689 1498 761; x_wconf 88' lang='lat' dir='ltr'><strong>ejus,</strong></span> <span class='ocrx_word' id='word_1_75' title='bbox 1510 687 1650 746; x_wconf 79' lang='lat' dir='ltr'><strong>scriberet</strong></span> <span class='ocrx_word' id='word_1_76' title='bbox 1664 687 1703 758; x_wconf 92' lang='lat' dir='ltr'><strong>ei,</strong></span> <span class='ocrx_word' id='word_1_77' title='bbox 1717 687 1852 747; x_wconf 87' lang='lat' dir='ltr'><strong>libenter·</strong></span> 
     </span>
     <span class='ocr_line' id='line_1_7' title="bbox 137 774 1851 852; baseline 0.002 -21"><span class='ocrx_word' id='word_1_78' title='bbox 137 775 279 843; x_wconf 80' lang='lat' dir='ltr'><strong>barbaro,</strong></span> <span class='ocrx_word' id='word_1_79' title='bbox 294 779 324 832; x_wconf 89' lang='lat' dir='ltr'><strong>et</strong></span> <span class='ocrx_word' id='word_1_80' title='bbox 337 775 389 848; x_wconf 90' lang='lat' dir='ltr'><strong>qni</strong></span> <span class='ocrx_word' id='word_1_81' title='bbox 404 774 549 833; x_wconf 77' lang='lat' dir='ltr'><strong>Francem</strong></span> <span class='ocrx_word' id='word_1_82' title='bbox 562 779 678 834; x_wconf 86' lang='lat' dir='ltr'><strong>tantum</strong></span> <span class='ocrx_word' id='word_1_83' title='bbox 695 780 726 834; x_wconf 88' lang='lat' dir='ltr'><strong>et</strong></span> <span class='ocrx_word' id='word_1_84' title='bbox 753 776 886 834; x_wconf 83' lang='lat' dir='ltr'><strong>Latinam</strong></span> <span class='ocrx_word' id='word_1_85' title='bbox 914 779 971 834; x_wconf 86' lang='lat' dir='ltr'><strong>lin·</strong></span> <span class='ocrx_word' id='word_1_86' title='bbox 1027 794 1084 851; x_wconf 92' lang='lat' dir='ltr'><strong>que</strong></span> <span class='ocrx_word' id='word_1_87' title='bbox 1098 779 1163 850; x_wconf 86' lang='lat' dir='ltr'><strong>ejus</strong></span> <span class='ocrx_word' id='word_1_88' title='bbox 1178 776 1316 850; x_wconf 87' lang='lat' dir='ltr'><strong>epistolas</strong></span> <span class='ocrx_word' id='word_1_89' title='bbox 1327 782 1468 834; x_wconf 84' lang='lat' dir='ltr'><strong>sumeret.</strong></span> <span class='ocrx_word' id='word_1_90' title='bbox 1485 777 1519 832; x_wconf 83' lang='lat' dir='ltr'><strong>ut</strong></span> <span class='ocrx_word' id='word_1_91' title='bbox 1530 777 1555 834; x_wconf 89' lang='lat' dir='ltr'><strong>sl</strong></span> <span class='ocrx_word' id='word_1_92' title='bbox 1571 778 1689 850; x_wconf 92' lang='lat' dir='ltr'><strong>quando</strong></span> <span class='ocrx_word' id='word_1_93' title='bbox 1709 778 1745 833; x_wconf 91' lang='lat' dir='ltr'><strong>de</strong></span> <span class='ocrx_word' id='word_1_94' title='bbox 1761 779 1851 852; x_wconf 71' lang='lat' dir='ltr'><strong>Syrie</strong></span> 
     </span>
     <span class='ocr_line' id='line_1_8' title="bbox 135 864 1849 940; baseline 0.001 -18"><span class='ocrx_word' id='word_1_95' title='bbox 135 867 377 936; x_wconf 77' lang='lat' dir='ltr'><strong>guemnoverat,</strong></span> <span class='ocrx_word' id='word_1_96' title='bbox 397 867 471 938; x_wconf 73' lang='lat' dir='ltr'><strong>Syre</strong></span> <span class='ocrx_word' id='word_1_97' title='bbox 500 864 536 921; x_wconf 88' lang='lat' dir='ltr'><strong>ad</strong></span> <span class='ocrx_word' id='word_1_98' title='bbox 564 881 672 938; x_wconf 88' lang='lat' dir='ltr'><strong>purum</strong></span> <span class='ocrx_word' id='word_1_99' title='bbox 701 865 789 922; x_wconf 87' lang='lat' dir='ltr'><strong>verba</strong></span> <span class='ocrx_word' id='word_1_100' title='bbox 814 881 970 922; x_wconf 83' lang='lat' dir='ltr'><strong>resonare:</strong></span> <span class='ocrx_word' id='word_1_101' title='bbox 1026 867 1158 940; x_wconf 89' lang='lat' dir='ltr'><strong>partibus</strong></span> <span class='ocrx_word' id='word_1_102' title='bbox 1171 868 1207 922; x_wconf 89' lang='lat' dir='ltr'><strong>ad</strong></span> <span class='ocrx_word' id='word_1_103' title='bbox 1218 883 1250 922; x_wconf 85' lang='lat' dir='ltr'><strong>sc</strong></span> <span class='ocrx_word' id='word_1_104' title='bbox 1260 865 1434 939; x_wconf 87' lang='lat' dir='ltr'><strong>languentes</strong></span> <span class='ocrx_word' id='word_1_105' title='bbox 1445 865 1653 938; x_wconf 87' lang='lat' dir='ltr'><strong>perrexissent,</strong></span> <span class='ocrx_word' id='word_1_106' title='bbox 1668 865 1777 923; x_wconf 86' lang='lat' dir='ltr'><strong>diceret</strong></span> <span class='ocrx_word' id='word_1_107' title='bbox 1788 865 1849 924; x_wconf 86' lang='lat' dir='ltr'><strong>eis:</strong></span> 
     </span>
     <span class='ocr_line' id='line_1_9' title="bbox 137 952 1851 1028; baseline 0.001 -18"><span class='ocrx_word' id='word_1_108' title='bbox 137 957 173 1010; x_wconf 88' lang='lat' dir='ltr'><strong>ot</strong></span> <span class='ocrx_word' id='word_1_109' title='bbox 187 969 247 1010; x_wconf 89' lang='lat' dir='ltr'><strong>nen</strong></span> <span class='ocrx_word' id='word_1_110' title='bbox 262 952 386 1019; x_wconf 86' lang='lat' dir='ltr'><strong>stridor,</strong></span> <span class='ocrx_word' id='word_1_111' title='bbox 403 961 464 1009; x_wconf 87' lang='lat' dir='ltr'><strong>non</strong></span> <span class='ocrx_word' id='word_1_112' title='bbox 476 953 628 1026; x_wconf 81' lang='lat' dir='ltr'><strong>aspiratio,</strong></span> <span class='ocrx_word' id='word_1_113' title='bbox 641 969 700 1010; x_wconf 93' lang='lat' dir='ltr'><strong>non</strong></span> <span class='ocrx_word' id='word_1_114' title='bbox 716 953 825 1012; x_wconf 88' lang='lat' dir='ltr'><strong>idioma</strong></span> <span class='ocrx_word' id='word_1_115' title='bbox 852 954 970 1026; x_wconf 80' lang='lat' dir='ltr'><strong>aliquod</strong></span> <span class='ocrx_word' id='word_1_116' title='bbox 1025 957 1120 1022; x_wconf 81' lang='lat' dir='ltr'><strong>Quare</strong></span> <span class='ocrx_word' id='word_1_117' title='bbox 1134 973 1185 1012; x_wconf 89' lang='lat' dir='ltr'><strong>vos</strong></span> <span class='ocrx_word' id='word_1_118' title='bbox 1200 960 1260 1011; x_wconf 89' lang='lat' dir='ltr'><strong>tam</strong></span> <span class='ocrx_word' id='word_1_119' title='bbox 1276 954 1473 1028; x_wconf 87' lang='lat' dir='ltr'><strong>longevexare</strong></span> <span class='ocrx_word' id='word_1_120' title='bbox 1483 953 1628 1025; x_wconf 89' lang='lat' dir='ltr'><strong>voluistis,</strong></span> <span class='ocrx_word' id='word_1_121' title='bbox 1638 971 1705 1010; x_wconf 90' lang='lat' dir='ltr'><strong>cum</strong></span> <span class='ocrx_word' id='word_1_122' title='bbox 1718 953 1851 1012; x_wconf 90' lang='lat' dir='ltr'><strong>habeatis</strong></span> 
     </span>
     <span class='ocr_line' id='line_1_10' title="bbox 135 1040 1849 1117; baseline 0.001 -17"><span class='ocrx_word' id='word_1_123' title='bbox 135 1041 287 1100; x_wconf 65' lang='lat' dir='ltr'><strong>maslini</strong></span> <span class='ocrx_word' id='word_1_124' title='bbox 302 1043 422 1098; x_wconf 87' lang='lat' dir='ltr'><strong>deesset</strong></span> <span class='ocrx_word' id='word_1_125' title='bbox 436 1040 557 1114; x_wconf 88' lang='lat' dir='ltr'><strong>eloquii.</strong></span> <span class='ocrx_word' id='word_1_126' title='bbox 573 1041 731 1100; x_wconf 81' lang='lat' dir='ltr'><strong>Confessus</strong></span> <span class='ocrx_word' id='word_1_127' title='bbox 742 1048 787 1100; x_wconf 78' lang='lat' dir='ltr'><strong>eet</strong></span> <span class='ocrx_word' id='word_1_128' title='bbox 800 1043 971 1116; x_wconf 87' lang='lat' dir='ltr'><strong>itaque,quo</strong></span> <span class='ocrx_word' id='word_1_129' title='bbox 1025 1044 1066 1100; x_wconf 93' lang='lat' dir='ltr'><strong>ibi</strong></span> <span class='ocrx_word' id='word_1_130' title='bbox 1081 1044 1177 1101; x_wconf 83' lang='lat' dir='ltr'><strong>filium</strong></span> <span class='ocrx_word' id='word_1_131' title='bbox 1193 1060 1291 1100; x_wconf 89' lang='lat' dir='ltr'><strong>meum</strong></span> <span class='ocrx_word' id='word_1_132' title='bbox 1308 1042 1486 1100; x_wconf 86' lang='lat' dir='ltr'><strong>Hilarionem</strong></span> <span class='ocrx_word' id='word_1_133' title='bbox 1499 1047 1510 1099; x_wconf 72' lang='lat' dir='ltr'><strong>t</strong></span> <span class='ocrx_word' id='word_1_134' title='bbox 1521 1041 1660 1117; x_wconf 79' lang='lat' dir='ltr'><strong>Exemplo</strong></span> <span class='ocrx_word' id='word_1_135' title='bbox 1675 1043 1849 1116; x_wconf 84' lang='lat' dir='ltr'><strong>itaqueejus</strong></span> 
     </span>
     <span class='ocr_line' id='line_1_11' title="bbox 135 1130 1850 1206; baseline 0.001 -18"><span class='ocrx_word' id='word_1_136' title='bbox 135 1133 254 1188; x_wconf 88' lang='lat' dir='ltr'><strong>inenm</strong></span> <span class='ocrx_word' id='word_1_137' title='bbox 268 1131 814 1204; x_wconf 67' lang='lat' dir='ltr'><strong>munecatordineAEtntiuterpretes</strong></span> <span class='ocrx_word' id='word_1_138' title='bbox 833 1133 899 1203; x_wconf 86' lang='lat' dir='ltr'><strong>ejns</strong></span> <span class='ocrx_word' id='word_1_139' title='bbox 925 1131 970 1188; x_wconf 90' lang='lat' dir='ltr'><strong>in·</strong></span> <span class='ocrx_word' id='word_1_140' title='bbox 1024 1137 1182 1206; x_wconf 88' lang='lat' dir='ltr'><strong>pertctnm</strong></span> <span class='ocrx_word' id='word_1_141' title='bbox 1202 1130 1386 1188; x_wconf 75' lang='lat' dir='ltr'><strong>Palaestinam</strong></span> <span class='ocrx_word' id='word_1_142' title='bbox 1417 1131 1643 1188; x_wconf 89' lang='lat' dir='ltr'><strong>innumerabilia</strong></span> <span class='ocrx_word' id='word_1_143' title='bbox 1670 1133 1850 1190; x_wconf 86' lang='lat' dir='ltr'><strong>monasterie</strong></span> 
     </span>
     <span class='ocr_line' id='line_1_12' title="bbox 138 1213 1848 1294; baseline 0 -18"><span class='ocrx_word' id='word_1_144' title='bbox 138 1213 374 1294; x_wconf 81' lang='lat' dir='ltr'><strong>talligereut,qui</strong></span> <span class='ocrx_word' id='word_1_145' title='bbox 384 1219 515 1278; x_wconf 77' lang='lat' dir='ltr'><strong>Grecem</strong></span> <span class='ocrx_word' id='word_1_146' title='bbox 528 1223 643 1279; x_wconf 60' lang='lat' dir='ltr'><strong>unium</strong></span> <span class='ocrx_word' id='word_1_147' title='bbox 653 1223 683 1276; x_wconf 92' lang='lat' dir='ltr'><strong>et</strong></span> <span class='ocrx_word' id='word_1_148' title='bbox 692 1219 827 1278; x_wconf 84' lang='lat' dir='ltr'><strong>Latinem</strong></span> <span class='ocrx_word' id='word_1_149' title='bbox 838 1219 969 1294; x_wconf 87' lang='lat' dir='ltr'><strong>linguam</strong></span> <span class='ocrx_word' id='word_1_150' title='bbox 1023 1238 1088 1280; x_wconf 88' lang='lat' dir='ltr'><strong>esse</strong></span> <span class='ocrx_word' id='word_1_151' title='bbox 1102 1225 1262 1294; x_wconf 81' lang='lat' dir='ltr'><strong>caeperunt,</strong></span> <span class='ocrx_word' id='word_1_152' title='bbox 1280 1224 1308 1277; x_wconf 88' lang='lat' dir='ltr'><strong>et</strong></span> <span class='ocrx_word' id='word_1_153' title='bbox 1318 1221 1466 1277; x_wconf 88' lang='lat' dir='ltr'><strong>omuesed</strong></span> <span class='ocrx_word' id='word_1_154' title='bbox 1482 1236 1549 1276; x_wconf 90' lang='lat' dir='ltr'><strong>eum</strong></span> <span class='ocrx_word' id='word_1_155' title='bbox 1565 1220 1848 1278; x_wconf 89' lang='lat' dir='ltr'><strong>monachicertatim</strong></span> 
     </span>
     <span class='ocr_line' id='line_1_13' title="bbox 141 1307 1848 1382; baseline 0.001 -17"><span class='ocrx_word' id='word_1_156' title='bbox 141 1313 295 1375; x_wconf 86' lang='lat' dir='ltr'><strong>noverant,</strong></span> <span class='ocrx_word' id='word_1_157' title='bbox 310 1307 407 1364; x_wconf 77' lang='lat' dir='ltr'><strong>Gracc</strong></span> <span class='ocrx_word' id='word_1_158' title='bbox 418 1323 537 1380; x_wconf 89' lang='lat' dir='ltr'><strong>quoque</strong></span> <span class='ocrx_word' id='word_1_159' title='bbox 549 1324 616 1364; x_wconf 89' lang='lat' dir='ltr'><strong>eum</strong></span> <span class='ocrx_word' id='word_1_160' title='bbox 628 1307 828 1382; x_wconf 86' lang='lat' dir='ltr'><strong>interrogavit.</strong></span> <span class='ocrx_word' id='word_1_161' title='bbox 850 1311 912 1376; x_wconf 86' lang='lat' dir='ltr'><strong>Quo</strong></span> <span class='ocrx_word' id='word_1_162' title='bbox 927 1309 969 1366; x_wconf 89' lang='lat' dir='ltr'><strong>si·</strong></span> <span class='ocrx_word' id='word_1_163' title='bbox 1023 1327 1149 1368; x_wconf 88' lang='lat' dir='ltr'><strong>currere.</strong></span> <span class='ocrx_word' id='word_1_164' title='bbox 1167 1311 1247 1378; x_wconf 84' lang='lat' dir='ltr'><strong>Quod</strong></span> <span class='ocrx_word' id='word_1_165' title='bbox 1268 1310 1321 1382; x_wconf 82' lang='lat' dir='ltr'><strong>[u.</strong></span> <span class='ocrx_word' id='word_1_166' title='bbox 1351 1310 1439 1382; x_wconf 82' lang='lat' dir='ltr'><strong>Quos]</strong></span> <span class='ocrx_word' id='word_1_167' title='bbox 1469 1308 1518 1365; x_wconf 89' lang='lat' dir='ltr'><strong>ille</strong></span> <span class='ocrx_word' id='word_1_168' title='bbox 1546 1325 1678 1380; x_wconf 89' lang='lat' dir='ltr'><strong>cerneus,</strong></span> <span class='ocrx_word' id='word_1_169' title='bbox 1706 1309 1848 1367; x_wconf 88' lang='lat' dir='ltr'><strong>laudabat</strong></span> 
     </span>
     <span class='ocr_line' id='line_1_14' title="bbox 142 1395 1848 1473; baseline -0.001 -18"><span class='ocrx_word' id='word_1_170' title='bbox 142 1398 252 1455; x_wconf 85' lang='lat' dir='ltr'><strong>militer</strong></span> <span class='ocrx_word' id='word_1_171' title='bbox 263 1401 294 1454; x_wconf 89' lang='lat' dir='ltr'><strong>st</strong></span> <span class='ocrx_word' id='word_1_172' title='bbox 306 1397 339 1454; x_wconf 93' lang='lat' dir='ltr'><strong>in</strong></span> <span class='ocrx_word' id='word_1_173' title='bbox 357 1397 447 1454; x_wconf 80' lang='lat' dir='ltr'><strong>rerba</strong></span> <span class='ocrx_word' id='word_1_174' title='bbox 460 1397 563 1456; x_wconf 86' lang='lat' dir='ltr'><strong>eadem</strong></span> <span class='ocrx_word' id='word_1_175' title='bbox 578 1397 782 1469; x_wconf 79' lang='lat' dir='ltr'><strong>respondente,</strong></span> <span class='ocrx_word' id='word_1_176' title='bbox 799 1396 969 1470; x_wconf 89' lang='lat' dir='ltr'><strong>multasque</strong></span> <span class='ocrx_word' id='word_1_177' title='bbox 1022 1398 1140 1456; x_wconf 89' lang='lat' dir='ltr'><strong>Domini</strong></span> <span class='ocrx_word' id='word_1_178' title='bbox 1153 1397 1277 1473; x_wconf 84' lang='lat' dir='ltr'><strong>gratiam</strong></span> <span class='ocrx_word' id='word_1_179' title='bbox 1291 1417 1298 1466; x_wconf 89' lang='lat'>;</span> <span class='ocrx_word' id='word_1_180' title='bbox 1312 1403 1341 1456; x_wconf 87' lang='lat' dir='ltr'><strong>et</strong></span> <span class='ocrx_word' id='word_1_181' title='bbox 1357 1399 1390 1455; x_wconf 84' lang='lat' dir='ltr'><strong>ad</strong></span> <span class='ocrx_word' id='word_1_182' title='bbox 1404 1399 1568 1470; x_wconf 83' lang='lat' dir='ltr'><strong>proiectum</strong></span> <span class='ocrx_word' id='word_1_183' title='bbox 1580 1397 1683 1454; x_wconf 80' lang='lat' dir='ltr'><strong>anima</strong></span> <span class='ocrx_word' id='word_1_184' title='bbox 1694 1395 1848 1470; x_wconf 78' lang='lat' dir='ltr'><strong>singulcs’</strong></span> 
     </span>
     <span class='ocr_line' id='line_1_15' title="bbox 136 1485 1846 1560; baseline 0.001 -19"><span class='ocrx_word' id='word_1_185' title='bbox 136 1485 968 1560; x_wconf 74' lang='lat' dir='ltr'><strong>incantationumoccasionesetneeessitetesmagicarum</strong></span> <span class='ocrx_word' id='word_1_186' title='bbox 1023 1488 1240 1556; x_wconf 84' lang='lat' dir='ltr'><strong>cohortabatur,</strong></span> <span class='ocrx_word' id='word_1_187' title='bbox 1270 1487 1390 1556; x_wconf 86' lang='lat' dir='ltr'><strong>dicens;</strong></span> <span class='ocrx_word' id='word_1_188' title='bbox 1419 1485 1570 1543; x_wconf 84' lang='lat' dir='ltr'><strong>Praeterire</strong></span> <span class='ocrx_word' id='word_1_189' title='bbox 1602 1486 1728 1560; x_wconf 84' lang='lat' dir='ltr'><strong>figuram</strong></span> <span class='ocrx_word' id='word_1_190' title='bbox 1756 1485 1846 1558; x_wconf 88' lang='lat' dir='ltr'><strong>hujus</strong></span> 
     </span>
     <span class='ocr_line' id='line_1_16' title="bbox 133 1574 1846 1648; baseline -0.001 -16"><span class='ocrx_word' id='word_1_191' title='bbox 133 1575 245 1632; x_wconf 76' lang='lat' dir='ltr'><strong>utinm</strong></span> <span class='ocrx_word' id='word_1_192' title='bbox 258 1575 453 1642; x_wconf 80' lang='lat' dir='ltr'><strong>obtendente,</strong></span> <span class='ocrx_word' id='word_1_193' title='bbox 468 1591 527 1632; x_wconf 88' lang='lat' dir='ltr'><strong>non</strong></span> <span class='ocrx_word' id='word_1_194' title='bbox 537 1589 619 1644; x_wconf 80' lang='lat' dir='ltr'><strong>curo,</strong></span> <span class='ocrx_word' id='word_1_195' title='bbox 635 1575 686 1643; x_wconf 91' lang='lat' dir='ltr'><strong>eit,</strong></span> <span class='ocrx_word' id='word_1_196' title='bbox 702 1576 849 1648; x_wconf 86' lang='lat' dir='ltr'><strong>quemodo</strong></span> <span class='ocrx_word' id='word_1_197' title='bbox 873 1574 968 1632; x_wconf 88' lang='lat' dir='ltr'><strong>intra·</strong></span> <span class='ocrx_word' id='word_1_198' title='bbox 1022 1576 1136 1646; x_wconf 89' lang='lat' dir='ltr'><strong>muudi,</strong></span> <span class='ocrx_word' id='word_1_199' title='bbox 1153 1581 1182 1633; x_wconf 88' lang='lat' dir='ltr'><strong>ct</strong></span> <span class='ocrx_word' id='word_1_200' title='bbox 1196 1576 1277 1632; x_wconf 87' lang='lat' dir='ltr'><strong>illem</strong></span> <span class='ocrx_word' id='word_1_201' title='bbox 1292 1591 1356 1632; x_wconf 90' lang='lat' dir='ltr'><strong>esse</strong></span> <span class='ocrx_word' id='word_1_202' title='bbox 1371 1592 1468 1632; x_wconf 86' lang='lat' dir='ltr'><strong>veram</strong></span> <span class='ocrx_word' id='word_1_203' title='bbox 1479 1575 1581 1646; x_wconf 87' lang='lat' dir='ltr'><strong>vitam,</strong></span> <span class='ocrx_word' id='word_1_204' title='bbox 1598 1592 1662 1648; x_wconf 80' lang='lat' dir='ltr'><strong>ques</strong></span> <span class='ocrx_word' id='word_1_205' title='bbox 1683 1574 1747 1631; x_wconf 75' lang='lat' dir='ltr'><strong>vitae</strong></span> <span class='ocrx_word' id='word_1_206' title='bbox 1773 1591 1846 1648; x_wconf 76' lang='lat' dir='ltr'><strong>pra-</strong></span> 
     </span>
     <span class='ocr_line' id='line_1_17' title="bbox 131 1662 1488 1733; baseline -0.002 -11"><span class='ocrx_word' id='word_1_207' title='bbox 131 1665 229 1733; x_wconf 75' lang='lat' dir='ltr'><strong>vcn&#39;s3</strong></span> <span class='ocrx_word' id='word_1_208' title='bbox 244 1665 298 1722; x_wconf 89' lang='lat' dir='ltr'><strong>sed</strong></span> <span class='ocrx_word' id='word_1_209' title='bbox 312 1669 348 1721; x_wconf 90' lang='lat' dir='ltr'><strong>ut</strong></span> <span class='ocrx_word' id='word_1_210' title='bbox 361 1681 448 1722; x_wconf 80' lang='lat' dir='ltr'><strong>escas</strong></span> <span class='ocrx_word' id='word_1_211' title='bbox 462 1663 494 1720; x_wconf 86' lang='lat' dir='ltr'><strong>in</strong></span> <span class='ocrx_word' id='word_1_212' title='bbox 510 1662 628 1720; x_wconf 90' lang='lat' dir='ltr'><strong>ncmlne</strong></span> <span class='ocrx_word' id='word_1_213' title='bbox 643 1663 760 1722; x_wconf 88' lang='lat' dir='ltr'><strong>Domini</strong></span> <span class='ocrx_word' id='word_1_214' title='bbox 780 1664 873 1722; x_wconf 88' lang='lat' dir='ltr'><strong>nostri</strong></span> <span class='ocrx_word' id='word_1_215' title='bbox 896 1664 965 1722; x_wconf 78' lang='lat' dir='ltr'><strong>Jcsu</strong></span> <span class='ocrx_word' id='word_1_216' title='bbox 1022 1665 1115 1722; x_wconf 91' lang='lat' dir='ltr'><strong>sentis</strong></span> <span class='ocrx_word' id='word_1_217' title='bbox 1130 1669 1276 1724; x_wconf 89' lang='lat' dir='ltr'><strong>emeretur</strong></span> <span class='ocrx_word' id='word_1_218' title='bbox 1290 1665 1488 1722; x_wconf 88' lang='lat' dir='ltr'><strong>incommodo.</strong></span> 
     </span>
     <span class='ocr_line' id='line_1_18' title="bbox 131 1713 1848 1827; baseline 0 -16"><span class='ocrx_word' id='word_1_219' title='bbox 131 1753 251 1824; x_wconf 83' lang='lat' dir='ltr'><strong>Christi,</strong></span> <span class='ocrx_word' id='word_1_220' title='bbox 267 1753 395 1826; x_wconf 86' lang='lat' dir='ltr'><strong>impero.</strong></span> <span class='ocrx_word' id='word_1_221' title='bbox 411 1754 544 1826; x_wconf 85' lang='lat' dir='ltr'><strong>Cumque</strong></span> <span class='ocrx_word' id='word_1_222' title='bbox 559 1757 679 1810; x_wconf 85' lang='lat' dir='ltr'><strong>curatus</strong></span> <span class='ocrx_word' id='word_1_223' title='bbox 694 1757 772 1812; x_wconf 87' lang='lat' dir='ltr'><strong>esset</strong></span> <span class='ocrx_word' id='word_1_224' title='bbox 785 1756 804 1824; x_wconf 88' lang='lat'><strong>¹,</strong></span> <span class='ocrx_word' id='word_1_225' title='bbox 825 1713 1005 1827; x_wconf 83' lang='lat' dir='ltr'><strong>simplici·B</strong></span> <span class='ocrx_word' id='word_1_226' title='bbox 1055 1756 1100 1810; x_wconf 81' lang='lat'><strong>25.</strong></span> <span class='ocrx_word' id='word_1_227' title='bbox 1133 1755 1263 1812; x_wconf 83' lang='lat' dir='ltr'><strong>Visitctct</strong></span> <span class='ocrx_word' id='word_1_228' title='bbox 1305 1755 1475 1811; x_wconf 68' lang='lat' dir='ltr'><strong>monasterio</strong></span> <span class='ocrx_word' id='word_1_229' title='bbox 1515 1754 1650 1810; x_wconf 83' lang='lat' dir='ltr'><strong>llitcricu.</strong></span> <span class='ocrx_word' id='word_1_230' title='bbox 1679 1784 1714 1794; x_wconf 92' lang='lat'>-</span> <span class='ocrx_word' id='word_1_231' title='bbox 1741 1752 1848 1812; x_wconf 86' lang='lat' dir='ltr'><strong>Veiens</strong></span> 
     </span>
     <span class='ocr_line' id='line_1_19' title="bbox 132 1840 1847 1915; baseline -0.001 -15"><span class='ocrx_word' id='word_1_232' title='bbox 132 1847 193 1900; x_wconf 86' lang='lat' dir='ltr'><strong>tate</strong></span> <span class='ocrx_word' id='word_1_233' title='bbox 200 1842 425 1900; x_wconf 83' lang='lat' dir='ltr'><strong>rusticadecem</strong></span> <span class='ocrx_word' id='word_1_234' title='bbox 436 1842 501 1899; x_wconf 86' lang='lat' dir='ltr'><strong>auri</strong></span> <span class='ocrx_word' id='word_1_235' title='bbox 517 1841 608 1900; x_wconf 86' lang='lat' dir='ltr'><strong>libres</strong></span> <span class='ocrx_word' id='word_1_236' title='bbox 620 1841 755 1900; x_wconf 79' lang='lat' dir='ltr'><strong>offerens:</strong></span> <span class='ocrx_word' id='word_1_237' title='bbox 772 1843 965 1900; x_wconf 88' lang='lat' dir='ltr'><strong>hordeaceum</strong></span> <span class='ocrx_word' id='word_1_238' title='bbox 1020 1847 1119 1900; x_wconf 85' lang='lat' dir='ltr'><strong>autam</strong></span> <span class='ocrx_word' id='word_1_239' title='bbox 1135 1842 1301 1915; x_wconf 85' lang='lat' dir='ltr'><strong>exemplum</strong></span> <span class='ocrx_word' id='word_1_240' title='bbox 1318 1841 1361 1899; x_wconf 88' lang='lat' dir='ltr'><strong>eis</strong></span> <span class='ocrx_word' id='word_1_241' title='bbox 1376 1843 1445 1898; x_wconf 88' lang='lat' dir='ltr'><strong>dare</strong></span> <span class='ocrx_word' id='word_1_242' title='bbox 1460 1846 1489 1899; x_wconf 90' lang='lat' dir='ltr'><strong>et</strong></span> <span class='ocrx_word' id='word_1_243' title='bbox 1512 1840 1700 1909; x_wconf 85' lang='lat' dir='ltr'><strong>humilitatis,</strong></span> <span class='ocrx_word' id='word_1_244' title='bbox 1725 1846 1754 1896; x_wconf 88' lang='lat' dir='ltr'><strong>et</strong></span> <span class='ocrx_word' id='word_1_245' title='bbox 1783 1841 1847 1898; x_wconf 85' lang='lat' dir='ltr'><strong>cill-</strong></span> 
     </span>
     <span class='ocr_line' id='line_1_20' title="bbox 132 1928 1846 2002; baseline -0.001 -15"><span class='ocrx_word' id='word_1_246' title='bbox 132 1931 170 1987; x_wconf 89' lang='lat' dir='ltr'><strong>eb</strong></span> <span class='ocrx_word' id='word_1_247' title='bbox 184 1947 219 1987; x_wconf 91' lang='lat' dir='ltr'><strong>eo</strong></span> <span class='ocrx_word' id='word_1_248' title='bbox 234 1945 345 2002; x_wconf 85' lang='lat' dir='ltr'><strong>penem</strong></span> <span class='ocrx_word' id='word_1_249' title='bbox 359 1929 490 2002; x_wconf 87' lang='lat' dir='ltr'><strong>accepit:</strong></span> <span class='ocrx_word' id='word_1_250' title='bbox 506 1928 630 1986; x_wconf 89' lang='lat' dir='ltr'><strong>audiens</strong></span> <span class='ocrx_word' id='word_1_251' title='bbox 645 1929 725 2002; x_wconf 92' lang='lat' dir='ltr'><strong>quod</strong></span> <span class='ocrx_word' id='word_1_252' title='bbox 745 1929 797 2002; x_wconf 92' lang='lat' dir='ltr'><strong>qui</strong></span> <span class='ocrx_word' id='word_1_253' title='bbox 820 1928 870 1986; x_wconf 88' lang='lat' dir='ltr'><strong>teli</strong></span> <span class='ocrx_word' id='word_1_254' title='bbox 900 1928 966 1986; x_wconf 90' lang='lat' dir='ltr'><strong>cibo</strong></span> <span class='ocrx_word' id='word_1_255' title='bbox 1020 1931 1067 2000; x_wconf 93' lang='lat' dir='ltr'><strong>cii,</strong></span> <span class='ocrx_word' id='word_1_256' title='bbox 1084 1933 1168 1990; x_wconf 89' lang='lat' dir='ltr'><strong>statis</strong></span> <span class='ocrx_word' id='word_1_257' title='bbox 1182 1931 1286 1988; x_wconf 89' lang='lat' dir='ltr'><strong>dicbus</strong></span> <span class='ocrx_word' id='word_1_258' title='bbox 1305 1934 1375 1988; x_wconf 89' lang='lat' dir='ltr'><strong>ante</strong></span> <span class='ocrx_word' id='word_1_259' title='bbox 1400 1931 1581 1988; x_wconf 89' lang='lat' dir='ltr'><strong>vindemiam</strong></span> <span class='ocrx_word' id='word_1_260' title='bbox 1597 1929 1743 1987; x_wconf 89' lang='lat' dir='ltr'><strong>lustrabat</strong></span> <span class='ocrx_word' id='word_1_261' title='bbox 1755 1929 1846 1988; x_wconf 94' lang='lat' dir='ltr'><strong>cellu-</strong></span> 
     </span>
     <span class='ocr_line' id='line_1_21' title="bbox 135 2015 1847 2093; baseline 0.001 -18"><span class='ocrx_word' id='word_1_262' title='bbox 135 2019 294 2085; x_wconf 83' lang='lat' dir='ltr'><strong>alerentur,</strong></span> <span class='ocrx_word' id='word_1_263' title='bbox 310 2027 419 2075; x_wconf 84' lang='lat' dir='ltr'><strong>eurem</strong></span> <span class='ocrx_word' id='word_1_264' title='bbox 436 2033 489 2090; x_wconf 84' lang='lat' dir='ltr'><strong>pro</strong></span> <span class='ocrx_word' id='word_1_265' title='bbox 503 2015 565 2074; x_wconf 87' lang='lat' dir='ltr'><strong>luto</strong></span> <span class='ocrx_word' id='word_1_266' title='bbox 580 2016 728 2076; x_wconf 87' lang='lat' dir='ltr'><strong>ducerent.</strong></span> <span class='ocrx_word' id='word_1_267' title='bbox 1019 2020 1063 2078; x_wconf 88' lang='lat' dir='ltr'><strong>les</strong></span> <span class='ocrx_word' id='word_1_268' title='bbox 1078 2020 1302 2078; x_wconf 89' lang='lat' dir='ltr'><strong>monachorum.</strong></span> <span class='ocrx_word' id='word_1_269' title='bbox 1332 2019 1415 2086; x_wconf 82' lang='lat' dir='ltr'><strong>Quod</strong></span> <span class='ocrx_word' id='word_1_270' title='bbox 1442 2023 1598 2092; x_wconf 88' lang='lat' dir='ltr'><strong>postquam</strong></span> <span class='ocrx_word' id='word_1_271' title='bbox 1623 2019 1772 2093; x_wconf 88' lang='lat' dir='ltr'><strong>cognitum</strong></span> <span class='ocrx_word' id='word_1_272' title='bbox 1801 2023 1847 2076; x_wconf 88' lang='lat' dir='ltr'><strong>est</strong></span> 
     </span>
     <span class='ocr_line' id='line_1_22' title="bbox 169 2106 1845 2178; baseline -0.001 -14"><span class='ocrx_word' id='word_1_273' title='bbox 169 2109 318 2164; x_wconf 49' lang='lat' dir='ltr'><strong>wbrisia</strong></span> <span class='ocrx_word' id='word_1_274' title='bbox 343 2106 482 2162; x_wconf 69' lang='lat' dir='ltr'><strong>mamutio</strong></span> <span class='ocrx_word' id='word_1_275' title='bbox 507 2109 614 2164; x_wconf 84' lang='lat' dir='ltr'><strong>cerato.</strong></span> <span class='ocrx_word' id='word_1_276' title='bbox 644 2111 747 2162; x_wconf 87' lang='lat' dir='ltr'><strong>Parum</strong></span> <span class='ocrx_word' id='word_1_277' title='bbox 777 2110 823 2164; x_wconf 88' lang='lat' dir='ltr'><strong>est</strong></span> <span class='ocrx_word' id='word_1_278' title='bbox 851 2107 887 2163; x_wconf 89' lang='lat' dir='ltr'><strong>de</strong></span> <span class='ocrx_word' id='word_1_279' title='bbox 912 2107 964 2164; x_wconf 91' lang='lat' dir='ltr'><strong>ho·</strong></span> <span class='ocrx_word' id='word_1_280' title='bbox 1019 2109 1202 2178; x_wconf 87' lang='lat' dir='ltr'><strong>elretribus,</strong></span> <span class='ocrx_word' id='word_1_281' title='bbox 1219 2126 1320 2166; x_wconf 87' lang='lat' dir='ltr'><strong>omnes</strong></span> <span class='ocrx_word' id='word_1_282' title='bbox 1336 2109 1372 2166; x_wconf 89' lang='lat' dir='ltr'><strong>ad</strong></span> <span class='ocrx_word' id='word_1_283' title='bbox 1388 2125 1455 2165; x_wconf 91' lang='lat' dir='ltr'><strong>eum</strong></span> <span class='ocrx_word' id='word_1_284' title='bbox 1471 2108 1676 2166; x_wconf 85' lang='lat' dir='ltr'><strong>confluebant:</strong></span> <span class='ocrx_word' id='word_1_285' title='bbox 1697 2111 1726 2164; x_wconf 90' lang='lat' dir='ltr'><strong>et</strong></span> <span class='ocrx_word' id='word_1_286' title='bbox 1753 2107 1845 2165; x_wconf 89' lang='lat' dir='ltr'><strong>comi-</strong></span> 
     </span>
     <span class='ocr_line' id='line_1_23' title="bbox 133 2194 1844 2268; baseline 0.001 -15"><span class='ocrx_word' id='word_1_287' title='bbox 133 2196 266 2254; x_wconf 88' lang='lat' dir='ltr'><strong>minibus</strong></span> <span class='ocrx_word' id='word_1_288' title='bbox 275 2195 370 2268; x_wconf 90' lang='lat' dir='ltr'><strong>ioqui,</strong></span> <span class='ocrx_word' id='word_1_289' title='bbox 386 2195 474 2252; x_wconf 89' lang='lat' dir='ltr'><strong>brute</strong></span> <span class='ocrx_word' id='word_1_290' title='bbox 488 2209 605 2268; x_wconf 89' lang='lat' dir='ltr'><strong>quoque</strong></span> <span class='ocrx_word' id='word_1_291' title='bbox 620 2195 762 2252; x_wconf 88' lang='lat' dir='ltr'><strong>animalia</strong></span> <span class='ocrx_word' id='word_1_292' title='bbox 776 2194 907 2268; x_wconf 89' lang='lat' dir='ltr'><strong>quotidie</strong></span> <span class='ocrx_word' id='word_1_293' title='bbox 927 2196 962 2252; x_wconf 90' lang='lat' dir='ltr'><strong>ad</strong></span> <span class='ocrx_word' id='word_1_294' title='bbox 1018 2197 1072 2256; x_wconf 88' lang='lat' dir='ltr'><strong>teti</strong></span> <span class='ocrx_word' id='word_1_295' title='bbox 1083 2197 1134 2255; x_wconf 86' lang='lat' dir='ltr'><strong>tali</strong></span> <span class='ocrx_word' id='word_1_296' title='bbox 1149 2199 1234 2268; x_wconf 88' lang='lat' dir='ltr'><strong>duce,</strong></span> <span class='ocrx_word' id='word_1_297' title='bbox 1261 2196 1457 2254; x_wconf 89' lang='lat' dir='ltr'><strong>circumibant</strong></span> <span class='ocrx_word' id='word_1_298' title='bbox 1485 2195 1672 2265; x_wconf 88' lang='lat' dir='ltr'><strong>monasteria,</strong></span> <span class='ocrx_word' id='word_1_299' title='bbox 1702 2195 1844 2254; x_wconf 82' lang='lat' dir='ltr'><strong>hebentes</strong></span> 
     </span>
     <span class='ocr_line' id='line_1_24' title="bbox 135 2282 1843 2358; baseline -0.001 -16"><span class='ocrx_word' id='word_1_300' title='bbox 135 2282 615 2356; x_wconf 61' lang='lat' dir='ltr'><strong>enmfnrentieperbehebentun</strong></span> <span class='ocrx_word' id='word_1_301' title='bbox 637 2283 667 2340; x_wconf 91' lang='lat' dir='ltr'><strong>in</strong></span> <span class='ocrx_word' id='word_1_302' title='bbox 691 2283 798 2357; x_wconf 91' lang='lat' dir='ltr'><strong>quibus</strong></span> <span class='ocrx_word' id='word_1_303' title='bbox 827 2284 964 2340; x_wconf 88' lang='lat' dir='ltr'><strong>Bactrum</strong></span> <span class='ocrx_word' id='word_1_304' title='bbox 1018 2287 1157 2344; x_wconf 88' lang='lat' dir='ltr'><strong>viaticum</strong></span> <span class='ocrx_word' id='word_1_305' title='bbox 1186 2303 1292 2344; x_wconf 91' lang='lat' dir='ltr'><strong>sunm:</strong></span> <span class='ocrx_word' id='word_1_306' title='bbox 1322 2285 1392 2358; x_wconf 89' lang='lat' dir='ltr'><strong>quia</strong></span> <span class='ocrx_word' id='word_1_307' title='bbox 1424 2286 1573 2342; x_wconf 90' lang='lat' dir='ltr'><strong>interdum</strong></span> <span class='ocrx_word' id='word_1_308' title='bbox 1602 2301 1695 2358; x_wconf 89' lang='lat' dir='ltr'><strong>usque</strong></span> <span class='ocrx_word' id='word_1_309' title='bbox 1725 2285 1761 2342; x_wconf 89' lang='lat' dir='ltr'><strong>ad</strong></span> <span class='ocrx_word' id='word_1_310' title='bbox 1784 2285 1843 2340; x_wconf 93' lang='lat' dir='ltr'><strong>duo</strong></span> 
     </span>
     <span class='ocr_line' id='line_1_25' title="bbox 136 2371 1842 2447; baseline -0.001 -15"><span class='ocrx_word' id='word_1_311' title='bbox 136 2375 283 2432; x_wconf 82' lang='lat' dir='ltr'><strong>camelum</strong></span> <span class='ocrx_word' id='word_1_312' title='bbox 297 2373 430 2429; x_wconf 88' lang='lat' dir='ltr'><strong>enormis</strong></span> <span class='ocrx_word' id='word_1_313' title='bbox 444 2371 670 2444; x_wconf 83' lang='lat' dir='ltr'><strong>magnitudinis,</strong></span> <span class='ocrx_word' id='word_1_314' title='bbox 687 2371 739 2444; x_wconf 94' lang='lat' dir='ltr'><strong>qui</strong></span> <span class='ocrx_word' id='word_1_315' title='bbox 762 2373 826 2444; x_wconf 88' lang='lat' dir='ltr'><strong>jam</strong></span> <span class='ocrx_word' id='word_1_316' title='bbox 855 2372 963 2430; x_wconf 90' lang='lat' dir='ltr'><strong>multos</strong></span> <span class='ocrx_word' id='word_1_317' title='bbox 1019 2375 1280 2433; x_wconf 88' lang='lat' dir='ltr'><strong>milliabominum</strong></span> <span class='ocrx_word' id='word_1_318' title='bbox 1309 2374 1572 2447; x_wconf 74' lang='lat' dir='ltr'><strong>congregabantur.</strong></span> <span class='ocrx_word' id='word_1_319' title='bbox 1602 2373 1659 2430; x_wconf 89' lang='lat' dir='ltr'><strong>Sed</strong></span> <span class='ocrx_word' id='word_1_320' title='bbox 1686 2377 1715 2430; x_wconf 88' lang='lat' dir='ltr'><strong>ct</strong></span> <span class='ocrx_word' id='word_1_321' title='bbox 1742 2389 1842 2446; x_wconf 89' lang='lat' dir='ltr'><strong>proce·</strong></span> 
     </span>
     <span class='ocr_line' id='line_1_26' title="bbox 137 2459 1841 2536; baseline -0.002 -15"><span class='ocrx_word' id='word_1_322' title='bbox 137 2464 305 2530; x_wconf 85' lang='lat' dir='ltr'><strong>obtriverat,</strong></span> <span class='ocrx_word' id='word_1_323' title='bbox 320 2460 444 2534; x_wconf 87' lang='lat' dir='ltr'><strong>triginta</strong></span> <span class='ocrx_word' id='word_1_324' title='bbox 454 2465 483 2518; x_wconf 88' lang='lat' dir='ltr'><strong>et</strong></span> <span class='ocrx_word' id='word_1_325' title='bbox 498 2477 532 2518; x_wconf 92' lang='lat' dir='ltr'><strong>eo</strong></span> <span class='ocrx_word' id='word_1_326' title='bbox 561 2459 689 2534; x_wconf 88' lang='lat' dir='ltr'><strong>emplius</strong></span> <span class='ocrx_word' id='word_1_327' title='bbox 717 2461 771 2516; x_wconf 86' lang='lat' dir='ltr'><strong>viri</strong></span> <span class='ocrx_word' id='word_1_328' title='bbox 802 2461 963 2519; x_wconf 87' lang='lat' dir='ltr'><strong>distentum</strong></span> <span class='ocrx_word' id='word_1_329' title='bbox 1017 2461 1537 2536; x_wconf 81' lang='lat' dir='ltr'><strong>dantetempore,unaquaquevilla</strong></span> <span class='ocrx_word' id='word_1_330' title='bbox 1556 2460 1660 2518; x_wconf 91' lang='lat' dir='ltr'><strong>vicinis</strong></span> <span class='ocrx_word' id='word_1_331' title='bbox 1688 2461 1841 2518; x_wconf 89' lang='lat' dir='ltr'><strong>monacbis</strong></span> 
     </span>
     <span class='ocr_line' id='line_1_27' title="bbox 139 2548 1841 2626; baseline -0.001 -17"><span class='ocrx_word' id='word_1_332' title='bbox 139 2551 324 2610; x_wconf 75' lang='lat' dir='ltr'><strong>nobilissimis</strong></span> <span class='ocrx_word' id='word_1_333' title='bbox 339 2550 462 2608; x_wconf 77' lang='lat' dir='ltr'><strong>funibus</strong></span> <span class='ocrx_word' id='word_1_334' title='bbox 472 2548 675 2606; x_wconf 86' lang='lat' dir='ltr'><strong>cumclemcre</strong></span> <span class='ocrx_word' id='word_1_335' title='bbox 685 2548 962 2607; x_wconf 77' lang='lat' dir='ltr'><strong>adduxeruntsnn·</strong></span> <span class='ocrx_word' id='word_1_336' title='bbox 1017 2554 1053 2610; x_wconf 91' lang='lat' dir='ltr'><strong>ad</strong></span> <span class='ocrx_word' id='word_1_337' title='bbox 1069 2554 1284 2626; x_wconf 78' lang='lat' dir='ltr'><strong>susceptionem</strong></span> <span class='ocrx_word' id='word_1_338' title='bbox 1301 2554 1470 2610; x_wconf 89' lang='lat' dir='ltr'><strong>sanctorum</strong></span> <span class='ocrx_word' id='word_1_339' title='bbox 1485 2551 1617 2625; x_wconf 85' lang='lat' dir='ltr'><strong>gaudens</strong></span> <span class='ocrx_word' id='word_1_340' title='bbox 1633 2550 1714 2606; x_wconf 91' lang='lat' dir='ltr'><strong>cibos</strong></span> <span class='ocrx_word' id='word_1_341' title='bbox 1741 2549 1841 2611; x_wconf 81' lang='lat' dir='ltr'><strong>offere·</strong></span> 
     </span>
     <span class='ocr_line' id='line_1_28' title="bbox 136 2636 1840 2716; baseline -0.001 -18"><span class='ocrx_word' id='word_1_342' title='bbox 136 2639 236 2716; x_wconf 81' lang='lat' dir='ltr'><strong>guiner&#39;</strong></span> <span class='ocrx_word' id='word_1_343' title='bbox 246 2643 331 2697; x_wconf 84' lang='lat' dir='ltr'><strong>eraut</strong></span> <span class='ocrx_word' id='word_1_344' title='bbox 344 2636 432 2706; x_wconf 88' lang='lat' dir='ltr'><strong>oculi,</strong></span> <span class='ocrx_word' id='word_1_345' title='bbox 448 2637 609 2710; x_wconf 85' lang='lat' dir='ltr'><strong>spumabat</strong></span> <span class='ocrx_word' id='word_1_346' title='bbox 625 2654 669 2707; x_wconf 90' lang='lat' dir='ltr'><strong>os,</strong></span> <span class='ocrx_word' id='word_1_347' title='bbox 683 2636 833 2694; x_wconf 86' lang='lat' dir='ltr'><strong>volubilis</strong></span> <span class='ocrx_word' id='word_1_348' title='bbox 861 2636 963 2710; x_wconf 86' lang='lat' dir='ltr'><strong>lingua</strong></span> <span class='ocrx_word' id='word_1_349' title='bbox 1015 2642 1077 2700; x_wconf 90' lang='lat' dir='ltr'><strong>bat.</strong></span> <span class='ocrx_word' id='word_1_350' title='bbox 1094 2645 1241 2709; x_wconf 86' lang='lat' dir='ltr'><strong>Quantum</strong></span> <span class='ocrx_word' id='word_1_351' title='bbox 1257 2645 1356 2698; x_wconf 88' lang='lat' dir='ltr'><strong>autem</strong></span> <span class='ocrx_word' id='word_1_352' title='bbox 1372 2639 1460 2697; x_wconf 88' lang='lat' dir='ltr'><strong>suerit</strong></span> <span class='ocrx_word' id='word_1_353' title='bbox 1475 2641 1504 2697; x_wconf 91' lang='lat' dir='ltr'><strong>iu</strong></span> <span class='ocrx_word' id='word_1_354' title='bbox 1519 2656 1554 2696; x_wconf 89' lang='lat' dir='ltr'><strong>eo</strong></span> <span class='ocrx_word' id='word_1_355' title='bbox 1582 2639 1684 2709; x_wconf 89' lang='lat' dir='ltr'><strong>studii,</strong></span> <span class='ocrx_word' id='word_1_356' title='bbox 1712 2643 1744 2695; x_wconf 92' lang='lat' dir='ltr'><strong>ut</strong></span> <span class='ocrx_word' id='word_1_357' title='bbox 1772 2639 1840 2696; x_wconf 89' lang='lat' dir='ltr'><strong>nul·</strong></span> 
     </span>
     <span class='ocr_line' id='line_1_29' title="bbox 135 2726 1841 2804; baseline 0 -18"><span class='ocrx_word' id='word_1_358' title='bbox 135 2729 564 2804; x_wconf 85' lang='lat' dir='ltr'><strong>turgebat,etsupercmuem</strong></span> <span class='ocrx_word' id='word_1_359' title='bbox 580 2730 722 2784; x_wconf 86' lang='lat' dir='ltr'><strong>terrorem</strong></span> <span class='ocrx_word' id='word_1_360' title='bbox 734 2726 850 2800; x_wconf 87' lang='lat' dir='ltr'><strong>rugitus</strong></span> <span class='ocrx_word' id='word_1_361' title='bbox 863 2743 962 2800; x_wconf 90' lang='lat' dir='ltr'><strong>perso·</strong></span> <span class='ocrx_word' id='word_1_362' title='bbox 1017 2731 1078 2789; x_wconf 91' lang='lat' dir='ltr'><strong>lum</strong></span> <span class='ocrx_word' id='word_1_363' title='bbox 1094 2731 1213 2788; x_wconf 78' lang='lat' dir='ltr'><strong>tratrem</strong></span> <span class='ocrx_word' id='word_1_364' title='bbox 1229 2730 1364 2804; x_wconf 88' lang='lat' dir='ltr'><strong>quamvis</strong></span> <span class='ocrx_word' id='word_1_365' title='bbox 1386 2729 1540 2796; x_wconf 90' lang='lat' dir='ltr'><strong>humilem,</strong></span> <span class='ocrx_word' id='word_1_366' title='bbox 1569 2728 1704 2801; x_wconf 88' lang='lat' dir='ltr'><strong>quemvis</strong></span> <span class='ocrx_word' id='word_1_367' title='bbox 1732 2745 1841 2802; x_wconf 90' lang='lat' dir='ltr'><strong>paupe·</strong></span> 
     </span>
     <span class='ocr_line' id='line_1_30' title="bbox 135 2815 1841 2893; baseline -0.001 -17"><span class='ocrx_word' id='word_1_368' title='bbox 135 2821 224 2876; x_wconf 87' lang='lat' dir='ltr'><strong>nabst</strong></span> <span class='ocrx_word' id='word_1_369' title='bbox 237 2817 390 2875; x_wconf 88' lang='lat' dir='ltr'><strong>immanis.</strong></span> <span class='ocrx_word' id='word_1_370' title='bbox 405 2816 502 2874; x_wconf 84' lang='lat' dir='ltr'><strong>Jussit</strong></span> <span class='ocrx_word' id='word_1_371' title='bbox 524 2815 615 2889; x_wconf 89' lang='lat' dir='ltr'><strong>igitur</strong></span> <span class='ocrx_word' id='word_1_372' title='bbox 638 2831 706 2872; x_wconf 92' lang='lat' dir='ltr'><strong>eum</strong></span> <span class='ocrx_word' id='word_1_373' title='bbox 726 2816 836 2872; x_wconf 88' lang='lat' dir='ltr'><strong>dimitti</strong></span> <span class='ocrx_word' id='word_1_374' title='bbox 861 2831 960 2874; x_wconf 83' lang='lat' dir='ltr'><strong>senex.</strong></span> <span class='ocrx_word' id='word_1_375' title='bbox 1016 2837 1078 2878; x_wconf 89' lang='lat' dir='ltr'><strong>rem</strong></span> <span class='ocrx_word' id='word_1_376' title='bbox 1093 2821 1263 2893; x_wconf 75' lang='lat' dir='ltr'><strong>preteriret,</strong></span> <span class='ocrx_word' id='word_1_377' title='bbox 1278 2818 1321 2876; x_wconf 87' lang='lat' dir='ltr'><strong>vel</strong></span> <span class='ocrx_word' id='word_1_378' title='bbox 1337 2817 1412 2874; x_wconf 90' lang='lat' dir='ltr'><strong>illud</strong></span> <span class='ocrx_word' id='word_1_379' title='bbox 1428 2817 1536 2874; x_wconf 90' lang='lat' dir='ltr'><strong>indicio</strong></span> <span class='ocrx_word' id='word_1_380' title='bbox 1551 2822 1606 2885; x_wconf 86' lang='lat' dir='ltr'><strong>cst,</strong></span> <span class='ocrx_word' id='word_1_381' title='bbox 1629 2817 1708 2890; x_wconf 92' lang='lat' dir='ltr'><strong>quod</strong></span> <span class='ocrx_word' id='word_1_382' title='bbox 1731 2817 1841 2875; x_wconf 90' lang='lat' dir='ltr'><strong>vadens</strong></span> 
     </span>
     <span class='ocr_line' id='line_1_31' title="bbox 134 2893 1839 2980; baseline -0.003 -13"><span class='ocrx_word' id='word_1_383' title='bbox 134 2909 241 2967; x_wconf 80' lang='lat' dir='ltr'><strong>Statim</strong></span> <span class='ocrx_word' id='word_1_384' title='bbox 253 2923 323 2965; x_wconf 88' lang='lat' dir='ltr'><strong>vero</strong></span> <span class='ocrx_word' id='word_1_385' title='bbox 335 2910 366 2963; x_wconf 89' lang='lat' dir='ltr'><strong>et</strong></span> <span class='ocrx_word' id='word_1_386' title='bbox 381 2905 433 2980; x_wconf 89' lang='lat' dir='ltr'><strong>qui</strong></span> <span class='ocrx_word' id='word_1_387' title='bbox 449 2904 641 2973; x_wconf 84' lang='lat' dir='ltr'><strong>adduxerant,</strong></span> <span class='ocrx_word' id='word_1_388' title='bbox 662 2910 690 2961; x_wconf 90' lang='lat' dir='ltr'><strong>ct</strong></span> <span class='ocrx_word' id='word_1_389' title='bbox 717 2905 768 2978; x_wconf 92' lang='lat' dir='ltr'><strong>qui</strong></span> <span class='ocrx_word' id='word_1_390' title='bbox 797 2920 865 2960; x_wconf 91' lang='lat' dir='ltr'><strong>cum</strong></span> <span class='ocrx_word' id='word_1_391' title='bbox 893 2921 962 2961; x_wconf 87' lang='lat' dir='ltr'><strong>eene</strong></span> <span class='ocrx_word' id='word_1_392' title='bbox 1015 2908 1044 2965; x_wconf 92' lang='lat' dir='ltr'><strong>in</strong></span> <span class='ocrx_word' id='word_1_393' title='bbox 1060 2893 1209 2966; x_wconf 77' lang='lat' dir='ltr'><strong>desertum</strong></span> <span class='ocrx_word' id='word_1_394' title='bbox 1229 2908 1322 2964; x_wconf 83' lang='lat' dir='ltr'><strong>Codes</strong></span> <span class='ocrx_word' id='word_1_395' title='bbox 1350 2907 1386 2963; x_wconf 91' lang='lat' dir='ltr'><strong>ad</strong></span> <span class='ocrx_word' id='word_1_396' title='bbox 1416 2924 1508 2964; x_wconf 90' lang='lat' dir='ltr'><strong>uuum</strong></span> <span class='ocrx_word' id='word_1_397' title='bbox 1534 2907 1569 2963; x_wconf 93' lang='lat' dir='ltr'><strong>de</strong></span> <span class='ocrx_word' id='word_1_398' title='bbox 1595 2905 1748 2978; x_wconf 78' lang='lat' dir='ltr'><strong>discipulis</strong></span> <span class='ocrx_word' id='word_1_399' title='bbox 1776 2906 1839 2962; x_wconf 90' lang='lat' dir='ltr'><strong>suis</strong></span> 
     </span>
     <span class='ocr_line' id='line_1_32' title="bbox 134 2991 1822 3068; baseline -0.005 -12"><span class='ocrx_word' id='word_1_400' title='bbox 134 3002 230 3064; x_wconf 75' lang='lat' dir='ltr'><strong>amnt,</strong></span> <span class='ocrx_word' id='word_1_401' title='bbox 244 3013 341 3068; x_wconf 86' lang='lat' dir='ltr'><strong>usque</strong></span> <span class='ocrx_word' id='word_1_402' title='bbox 355 2995 392 3052; x_wconf 87' lang='lat' dir='ltr'><strong>ed</strong></span> <span class='ocrx_word' id='word_1_403' title='bbox 408 3011 502 3052; x_wconf 86' lang='lat' dir='ltr'><strong>unum</strong></span> <span class='ocrx_word' id='word_1_404' title='bbox 518 3011 622 3052; x_wconf 90' lang='lat' dir='ltr'><strong>omnes</strong></span> <span class='ocrx_word' id='word_1_405' title='bbox 636 2993 788 3068; x_wconf 78' lang='lat' dir='ltr'><strong>diffugere.</strong></span> <span class='ocrx_word' id='word_1_406' title='bbox 806 2993 893 3050; x_wconf 89' lang='lat' dir='ltr'><strong>Porro</strong></span> <span class='ocrx_word' id='word_1_407' title='bbox 918 2991 961 3048; x_wconf 88' lang='lat' dir='ltr'><strong>illi</strong></span> <span class='ocrx_word' id='word_1_408' title='bbox 1014 2997 1180 3064; x_wconf 88' lang='lat' dir='ltr'><strong>visendum,</strong></span> <span class='ocrx_word' id='word_1_409' title='bbox 1197 3013 1264 3053; x_wconf 89' lang='lat' dir='ltr'><strong>cum</strong></span> <span class='ocrx_word' id='word_1_410' title='bbox 1280 2995 1394 3052; x_wconf 84' lang='lat' dir='ltr'><strong>infinito</strong></span> <span class='ocrx_word' id='word_1_411' title='bbox 1411 2994 1528 3068; x_wconf 86' lang='lat' dir='ltr'><strong>agmine</strong></span> <span class='ocrx_word' id='word_1_412' title='bbox 1544 2993 1756 3052; x_wconf 86' lang='lat' dir='ltr'><strong>monachorum</strong></span> <span class='ocrx_word' id='word_1_413' title='bbox 1771 3011 1822 3066; x_wconf 89' lang='lat' dir='ltr'><strong>per</strong></span> 
     </span>
     <span class='ocr_line' id='line_1_33' title="bbox 132 3079 1837 3160; baseline -0.007 -10"><span class='ocrx_word' id='word_1_414' title='bbox 132 3087 216 3145; x_wconf 69' lang='lat' dir='ltr'><strong>solta!</strong></span> <span class='ocrx_word' id='word_1_415' title='bbox 231 3084 361 3160; x_wconf 63' lang='lat' dir='ltr'><strong>porrexit</strong></span> <span class='ocrx_word' id='word_1_416' title='bbox 374 3083 502 3150; x_wconf 66' lang='lat' dir='ltr'><strong>⁰bvi⁸mr</strong></span> <span class='ocrx_word' id='word_1_417' title='bbox 517 3087 546 3140; x_wconf 69' lang='lat' dir='ltr'><strong>el</strong></span> <span class='ocrx_word' id='word_1_418' title='bbox 557 3098 691 3140; x_wconf 66' lang='lat' dir='ltr'><strong>Sermone</strong></span> <span class='ocrx_word' id='word_1_419' title='bbox 706 3083 797 3156; x_wconf 70' lang='lat' dir='ltr'>Syro:</span> <span class='ocrx_word' id='word_1_420' title='bbox 813 3081 876 3138; x_wconf 80' lang='lat' dir='ltr'><strong>Nou</strong></span> <span class='ocrx_word' id='word_1_421' title='bbox 902 3098 958 3150; x_wconf 75' lang='lat' dir='ltr'><strong>me,</strong></span> <span class='ocrx_word' id='word_1_422' title='bbox 976 3079 997 3146; x_wconf 84' lang='lat' dir='ltr'><strong>C</strong></span> <span class='ocrx_word' id='word_1_423' title='bbox 1016 3086 1095 3143; x_wconf 89' lang='lat' dir='ltr'><strong>venit</strong></span> <span class='ocrx_word' id='word_1_424' title='bbox 1109 3084 1251 3142; x_wconf 77' lang='lat' dir='ltr'><strong>illusam¹</strong></span> <span class='ocrx_word' id='word_1_425' title='bbox 1267 3083 1319 3158; x_wconf 80' lang='lat' dir='ltr'><strong>[lt.</strong></span> <span class='ocrx_word' id='word_1_426' title='bbox 1338 3083 1470 3139; x_wconf 75' lang='lat' dir='ltr'><strong>Clusium</strong></span> <span class='ocrx_word' id='word_1_427' title='bbox 1485 3087 1512 3139; x_wconf 86' lang='lat' dir='ltr'><strong>ct</strong></span> <span class='ocrx_word' id='word_1_428' title='bbox 1539 3081 1694 3154; x_wconf 71' lang='lat' dir='ltr'><strong>biolesaml,</strong></span> <span class='ocrx_word' id='word_1_429' title='bbox 1722 3099 1756 3139; x_wconf 94' lang='lat' dir='ltr'><strong>eo</strong></span> <span class='ocrx_word' id='word_1_430' title='bbox 1781 3083 1837 3139; x_wconf 87' lang='lat' dir='ltr'><strong>lor·</strong></span> 
     </span>
     <span class='ocr_line' id='line_1_34' title="bbox 132 3169 1838 3250; baseline -0.004 -16"><span class='ocrx_word' id='word_1_431' title='bbox 132 3176 359 3250; x_wconf 63' lang='lat' dir='ltr'><strong>inquitisum,</strong></span> <span class='ocrx_word' id='word_1_432' title='bbox 374 3171 500 3241; x_wconf 84' lang='lat' dir='ltr'><strong>diabole,</strong></span> <span class='ocrx_word' id='word_1_433' title='bbox 515 3175 598 3229; x_wconf 87' lang='lat' dir='ltr'><strong>tanta</strong></span> <span class='ocrx_word' id='word_1_434' title='bbox 613 3171 688 3228; x_wconf 90' lang='lat' dir='ltr'><strong>mole</strong></span> <span class='ocrx_word' id='word_1_435' title='bbox 704 3171 854 3244; x_wconf 89' lang='lat' dir='ltr'><strong>corporis:</strong></span> <span class='ocrx_word' id='word_1_436' title='bbox 876 3175 905 3227; x_wconf 88' lang='lat' dir='ltr'><strong>et</strong></span> <span class='ocrx_word' id='word_1_437' title='bbox 931 3169 962 3226; x_wconf 91' lang='lat' dir='ltr'><strong>in</strong></span> <span class='ocrx_word' id='word_1_438' title='bbox 1017 3180 1045 3232; x_wconf 87' lang='lat' dir='ltr'><strong>te</strong></span> <span class='ocrx_word' id='word_1_439' title='bbox 1064 3176 1110 3234; x_wconf 72' lang='lat' dir='ltr'><strong>et</strong></span> <span class='ocrx_word' id='word_1_440' title='bbox 1143 3175 1200 3241; x_wconf 90' lang='lat' dir='ltr'><strong>die,</strong></span> <span class='ocrx_word' id='word_1_441' title='bbox 1230 3190 1288 3246; x_wconf 92' lang='lat' dir='ltr'><strong>quo</strong></span> <span class='ocrx_word' id='word_1_442' title='bbox 1314 3172 1496 3229; x_wconf 85' lang='lat' dir='ltr'><strong>universaria</strong></span> <span class='ocrx_word' id='word_1_443' title='bbox 1519 3171 1691 3229; x_wconf 86' lang='lat' dir='ltr'><strong>solemnitas</strong></span> <span class='ocrx_word' id='word_1_444' title='bbox 1720 3187 1838 3229; x_wconf 89' lang='lat' dir='ltr'><strong>omnem</strong></span> 
     </span>
     <span class='ocr_line' id='line_1_35' title="bbox 132 3258 1838 3339; baseline -0.002 -17"><span class='ocrx_word' id='word_1_445' title='bbox 132 3261 513 3339; x_wconf 54' lang='lat' dir='ltr'><strong>vulpeculaetiocemelo</strong></span> <span class='ocrx_word' id='word_1_446' title='bbox 536 3275 613 3318; x_wconf 90' lang='lat' dir='ltr'><strong>unus</strong></span> <span class='ocrx_word' id='word_1_447' title='bbox 642 3265 729 3333; x_wconf 88' lang='lat' dir='ltr'><strong>atque</strong></span> <span class='ocrx_word' id='word_1_448' title='bbox 758 3260 836 3317; x_wconf 91' lang='lat' dir='ltr'><strong>idem</strong></span> <span class='ocrx_word' id='word_1_449' title='bbox 856 3275 897 3316; x_wconf 90' lang='lat' dir='ltr'><strong>ea.</strong></span> <span class='ocrx_word' id='word_1_450' title='bbox 928 3258 964 3315; x_wconf 87' lang='lat' dir='ltr'><strong>llt</strong></span> <span class='ocrx_word' id='word_1_451' title='bbox 1016 3264 1116 3338; x_wconf 91' lang='lat' dir='ltr'><strong>oppidi</strong></span> <span class='ocrx_word' id='word_1_452' title='bbox 1131 3262 1272 3338; x_wconf 90' lang='lat' dir='ltr'><strong>populum</strong></span> <span class='ocrx_word' id='word_1_453' title='bbox 1288 3261 1318 3318; x_wconf 89' lang='lat' dir='ltr'><strong>iu</strong></span> <span class='ocrx_word' id='word_1_454' title='bbox 1333 3260 1477 3335; x_wconf 90' lang='lat' dir='ltr'><strong>templum</strong></span> <span class='ocrx_word' id='word_1_455' title='bbox 1498 3261 1619 3319; x_wconf 89' lang='lat' dir='ltr'><strong>Veneris</strong></span> <span class='ocrx_word' id='word_1_456' title='bbox 1643 3277 1838 3336; x_wconf 88' lang='lat' dir='ltr'><strong>congregave-</strong></span> 
     </span>
     <span class='ocr_line' id='line_1_36' title="bbox 133 3348 1836 3428; baseline -0.004 -16"><span class='ocrx_word' id='word_1_457' title='bbox 133 3355 254 3412; x_wconf 84' lang='lat' dir='ltr'><strong>interim</strong></span> <span class='ocrx_word' id='word_1_458' title='bbox 265 3356 399 3428; x_wconf 81' lang='lat' dir='ltr'><strong>porrecte</strong></span> <span class='ocrx_word' id='word_1_459' title='bbox 408 3350 507 3409; x_wconf 89' lang='lat' dir='ltr'><strong>stabat</strong></span> <span class='ocrx_word' id='word_1_460' title='bbox 517 3366 617 3408; x_wconf 86' lang='lat' dir='ltr'><strong>mauu.</strong></span> <span class='ocrx_word' id='word_1_461' title='bbox 632 3350 674 3406; x_wconf 83' lang='lat' dir='ltr'><strong>Ad</strong></span> <span class='ocrx_word' id='word_1_462' title='bbox 684 3365 771 3422; x_wconf 90' lang='lat' dir='ltr'><strong>quem</strong></span> <span class='ocrx_word' id='word_1_463' title='bbox 782 3348 962 3405; x_wconf 83' lang='lat' dir='ltr'><strong>dumlureus</strong></span> <span class='ocrx_word' id='word_1_464' title='bbox 1016 3357 1071 3410; x_wconf 89' lang='lat' dir='ltr'><strong>rat.</strong></span> <span class='ocrx_word' id='word_1_465' title='bbox 1087 3353 1193 3411; x_wconf 91' lang='lat' dir='ltr'><strong>Colunt</strong></span> <span class='ocrx_word' id='word_1_466' title='bbox 1208 3357 1307 3408; x_wconf 88' lang='lat' dir='ltr'><strong>eutem</strong></span> <span class='ocrx_word' id='word_1_467' title='bbox 1324 3350 1404 3408; x_wconf 92' lang='lat' dir='ltr'><strong>illem</strong></span> <span class='ocrx_word' id='word_1_468' title='bbox 1419 3351 1456 3408; x_wconf 92' lang='lat' dir='ltr'><strong>ob</strong></span> <span class='ocrx_word' id='word_1_469' title='bbox 1467 3351 1643 3420; x_wconf 84' lang='lat' dir='ltr'><strong>Luciferum,</strong></span> <span class='ocrx_word' id='word_1_470' title='bbox 1663 3351 1748 3423; x_wconf 83' lang='lat' dir='ltr'><strong>cujus</strong></span> <span class='ocrx_word' id='word_1_471' title='bbox 1774 3349 1836 3407; x_wconf 91' lang='lat' dir='ltr'><strong>cul-</strong></span> 
     </span>
     <span class='ocr_line' id='line_1_37' title="bbox 134 3436 1838 3517; baseline -0.004 -15"><span class='ocrx_word' id='word_1_472' title='bbox 134 3444 267 3517; x_wconf 83' lang='lat' dir='ltr'><strong>etqnesi</strong></span> <span class='ocrx_word' id='word_1_473' title='bbox 282 3457 351 3500; x_wconf 85' lang='lat' dir='ltr'><strong>enm</strong></span> <span class='ocrx_word' id='word_1_474' title='bbox 370 3441 543 3498; x_wconf 75' lang='lat' dir='ltr'><strong>devoratura</strong></span> <span class='ocrx_word' id='word_1_475' title='bbox 571 3439 622 3498; x_wconf 72' lang='lat'><strong>20</strong></span> <span class='ocrx_word' id='word_1_476' title='bbox 648 3437 745 3496; x_wconf 88' lang='lat' dir='ltr'><strong>bellue</strong></span> <span class='ocrx_word' id='word_1_477' title='bbox 771 3436 961 3511; x_wconf 82' lang='lat' dir='ltr'><strong>pervenisset,</strong></span> <span class='ocrx_word' id='word_1_478' title='bbox 1017 3441 1060 3500; x_wconf 88' lang='lat' dir='ltr'><strong>tui</strong></span> <span class='ocrx_word' id='word_1_479' title='bbox 1075 3443 1286 3498; x_wconf 88' lang='lat' dir='ltr'><strong>Saracenorum</strong></span> <span class='ocrx_word' id='word_1_480' title='bbox 1302 3439 1382 3496; x_wconf 90' lang='lat' dir='ltr'><strong>natio</strong></span> <span class='ocrx_word' id='word_1_481' title='bbox 1397 3438 1582 3497; x_wconf 68' lang='lat' dir='ltr'><strong>deditaastt.</strong></span> <span class='ocrx_word' id='word_1_482' title='bbox 1599 3440 1655 3496; x_wconf 88' lang='lat' dir='ltr'><strong>Sed</strong></span> <span class='ocrx_word' id='word_1_483' title='bbox 1683 3443 1712 3496; x_wconf 92' lang='lat' dir='ltr'><strong>et</strong></span> <span class='ocrx_word' id='word_1_484' title='bbox 1740 3439 1838 3513; x_wconf 91' lang='lat' dir='ltr'><strong>ipsum</strong></span> 
     </span>
     <span class='ocr_line' id='line_1_38' title="bbox 136 3528 1839 3604; baseline -0.003 -14"><span class='ocrx_word' id='word_1_485' title='bbox 136 3532 244 3590; x_wconf 84' lang='lat' dir='ltr'><strong>statim</strong></span> <span class='ocrx_word' id='word_1_486' title='bbox 252 3528 728 3600; x_wconf 78' lang='lat' dir='ltr'><strong>corruit2submieaumquecaput</strong></span> <span class='ocrx_word' id='word_1_487' title='bbox 739 3532 822 3584; x_wconf 80' lang='lat' dir='ltr'><strong>terre</strong></span> <span class='ocrx_word' id='word_1_488' title='bbox 833 3541 963 3598; x_wconf 78' lang='lat' dir='ltr'><strong>eoaque·</strong></span> <span class='ocrx_word' id='word_1_489' title='bbox 1017 3529 1158 3604; x_wconf 91' lang='lat' dir='ltr'><strong>oppidum</strong></span> <span class='ocrx_word' id='word_1_490' title='bbox 1175 3546 1210 3586; x_wconf 83' lang='lat' dir='ltr'><strong>ex</strong></span> <span class='ocrx_word' id='word_1_491' title='bbox 1224 3545 1332 3602; x_wconf 86' lang='lat' dir='ltr'><strong>magne</strong></span> <span class='ocrx_word' id='word_1_492' title='bbox 1347 3533 1428 3602; x_wconf 89' lang='lat' dir='ltr'><strong>perte</strong></span> <span class='ocrx_word' id='word_1_493' title='bbox 1443 3529 1677 3585; x_wconf 88' lang='lat' dir='ltr'><strong>semibarbarum</strong></span> <span class='ocrx_word' id='word_1_494' title='bbox 1696 3532 1742 3585; x_wconf 86' lang='lat' dir='ltr'><strong>est</strong></span> <span class='ocrx_word' id='word_1_495' title='bbox 1769 3545 1839 3602; x_wconf 84' lang='lat' dir='ltr'><strong>prc-</strong></span> 
     </span>
     <span class='ocr_line' id='line_1_39' title="bbox 138 3616 1840 3692; baseline -0.001 -17"><span class='ocrx_word' id='word_1_496' title='bbox 138 3621 199 3692; x_wconf 80' lang='lat' dir='ltr'><strong>vit‚</strong></span> <span class='ocrx_word' id='word_1_497' title='bbox 210 3617 388 3676; x_wconf 84' lang='lat' dir='ltr'><strong>mirantibus</strong></span> <span class='ocrx_word' id='word_1_498' title='bbox 400 3616 514 3674; x_wconf 86' lang='lat' dir='ltr'><strong>cunetis</strong></span> <span class='ocrx_word' id='word_1_499' title='bbox 533 3617 583 3689; x_wconf 92' lang='lat' dir='ltr'><strong>qni</strong></span> <span class='ocrx_word' id='word_1_500' title='bbox 598 3617 730 3685; x_wconf 87' lang='lat' dir='ltr'><strong>aderant,</strong></span> <span class='ocrx_word' id='word_1_501' title='bbox 759 3619 825 3689; x_wconf 90' lang='lat' dir='ltr'><strong>post</strong></span> <span class='ocrx_word' id='word_1_502' title='bbox 849 3617 962 3672; x_wconf 57' lang='lat' dir='ltr'><strong>tanam</strong></span> <span class='ocrx_word' id='word_1_503' title='bbox 1017 3625 1082 3692; x_wconf 91' lang='lat' dir='ltr'><strong>pter</strong></span> <span class='ocrx_word' id='word_1_504' title='bbox 1096 3619 1150 3676; x_wconf 91' lang='lat' dir='ltr'><strong>leci</strong></span> <span class='ocrx_word' id='word_1_505' title='bbox 1167 3618 1269 3676; x_wconf 88' lang='lat' dir='ltr'><strong>situm.</strong></span> <span class='ocrx_word' id='word_1_506' title='bbox 1286 3618 1379 3692; x_wconf 85' lang='lat' dir='ltr'><strong>Igitur</strong></span> <span class='ocrx_word' id='word_1_507' title='bbox 1393 3617 1492 3673; x_wconf 88' lang='lat' dir='ltr'><strong>audito</strong></span> <span class='ocrx_word' id='word_1_508' title='bbox 1508 3618 1586 3689; x_wconf 89' lang='lat' dir='ltr'><strong>quod</strong></span> <span class='ocrx_word' id='word_1_509' title='bbox 1608 3621 1729 3674; x_wconf 84' lang='lat' dir='ltr'><strong>sanctus</strong></span> <span class='ocrx_word' id='word_1_510' title='bbox 1756 3617 1840 3673; x_wconf 87' lang='lat' dir='ltr'><strong>Hile-</strong></span> 
     </span>
     <span class='ocr_line' id='line_1_40' title="bbox 138 3703 1839 3780; baseline -0.002 -16"><span class='ocrx_word' id='word_1_511' title='bbox 138 3707 292 3775; x_wconf 87' lang='lat' dir='ltr'><strong>l&#39;erociem,</strong></span> <span class='ocrx_word' id='word_1_512' title='bbox 307 3710 416 3763; x_wconf 78' lang='lat' dir='ltr'><strong>tantm</strong></span> <span class='ocrx_word' id='word_1_513' title='bbox 431 3705 531 3764; x_wconf 86' lang='lat' dir='ltr'><strong>subito</strong></span> <span class='ocrx_word' id='word_1_514' title='bbox 551 3704 819 3762; x_wconf 84' lang='lat' dir='ltr'><strong>mansuetudinem.</strong></span> <span class='ocrx_word' id='word_1_515' title='bbox 836 3703 964 3761; x_wconf 89' lang='lat' dir='ltr'><strong>Docebat</strong></span> <span class='ocrx_word' id='word_1_516' title='bbox 1017 3706 1082 3764; x_wconf 86' lang='lat' dir='ltr'><strong>riou</strong></span> <span class='ocrx_word' id='word_1_517' title='bbox 1097 3705 1258 3780; x_wconf 78' lang='lat' dir='ltr'><strong>preteriret</strong></span> <span class='ocrx_word' id='word_1_518' title='bbox 1274 3704 1396 3776; x_wconf 89' lang='lat' dir='ltr'><strong>(multos</strong></span> <span class='ocrx_word' id='word_1_519' title='bbox 1417 3703 1495 3760; x_wconf 91' lang='lat' dir='ltr'><strong>enim</strong></span> <span class='ocrx_word' id='word_1_520' title='bbox 1525 3703 1736 3760; x_wconf 88' lang='lat' dir='ltr'><strong>Saracenorum</strong></span> <span class='ocrx_word' id='word_1_521' title='bbox 1761 3720 1839 3760; x_wconf 92' lang='lat' dir='ltr'><strong>erre·</strong></span> 
     </span>
     <span class='ocr_line' id='line_1_41' title="bbox 136 3791 1840 3869; baseline -0.002 -15"><span class='ocrx_word' id='word_1_522' title='bbox 136 3801 239 3854; x_wconf 84' lang='lat' dir='ltr'><strong>autem</strong></span> <span class='ocrx_word' id='word_1_523' title='bbox 253 3809 353 3865; x_wconf 65' lang='lat' dir='ltr'><strong>anes,</strong></span> <span class='ocrx_word' id='word_1_524' title='bbox 370 3795 525 3852; x_wconf 87' lang='lat' dir='ltr'><strong>bominum</strong></span> <span class='ocrx_word' id='word_1_525' title='bbox 541 3809 631 3852; x_wconf 88' lang='lat' dir='ltr'><strong>causa</strong></span> <span class='ocrx_word' id='word_1_526' title='bbox 644 3792 794 3850; x_wconf 92' lang='lat' dir='ltr'><strong>diabolum</strong></span> <span class='ocrx_word' id='word_1_527' title='bbox 809 3792 898 3850; x_wconf 87' lang='lat' dir='ltr'><strong>etiam</strong></span> <span class='ocrx_word' id='word_1_528' title='bbox 914 3791 963 3863; x_wconf 81' lang='lat' dir='ltr'><strong>ju·</strong></span> <span class='ocrx_word' id='word_1_529' title='bbox 1018 3799 1117 3869; x_wconf 88' lang='lat' dir='ltr'><strong>ptcsa</strong></span> <span class='ocrx_word' id='word_1_530' title='bbox 1142 3795 1274 3851; x_wconf 77' lang='lat' dir='ltr'><strong>demone</strong></span> <span class='ocrx_word' id='word_1_531' title='bbox 1302 3794 1469 3866; x_wconf 79' lang='lat' dir='ltr'><strong>frequenter</strong></span> <span class='ocrx_word' id='word_1_532' title='bbox 1496 3793 1667 3866; x_wconf 80' lang='lat' dir='ltr'><strong>curaverat),</strong></span> <span class='ocrx_word' id='word_1_533' title='bbox 1696 3793 1840 3867; x_wconf 84' lang='lat' dir='ltr'><strong>gregatim</strong></span> 
     </span>
     <span class='ocr_line' id='line_1_42' title="bbox 136 3881 1841 3957; baseline -0.002 -15"><span class='ocrx_word' id='word_1_534' title='bbox 136 3891 239 3944; x_wconf 87' lang='lat' dir='ltr'><strong>mente</strong></span> <span class='ocrx_word' id='word_1_535' title='bbox 250 3885 417 3957; x_wconf 89' lang='lat' dir='ltr'><strong>corripere:</strong></span> <span class='ocrx_word' id='word_1_536' title='bbox 434 3886 558 3940; x_wconf 89' lang='lat' dir='ltr'><strong>ettauto</strong></span> <span class='ocrx_word' id='word_1_537' title='bbox 580 3897 681 3940; x_wconf 87' lang='lat' dir='ltr'><strong>eorum</strong></span> <span class='ocrx_word' id='word_1_538' title='bbox 705 3881 806 3939; x_wconf 86' lang='lat' dir='ltr'><strong>ardere</strong></span> <span class='ocrx_word' id='word_1_539' title='bbox 825 3881 903 3951; x_wconf 91' lang='lat' dir='ltr'><strong>odic,</strong></span> <span class='ocrx_word' id='word_1_540' title='bbox 932 3884 964 3937; x_wconf 89' lang='lat' dir='ltr'><strong>ut</strong></span> <span class='ocrx_word' id='word_1_541' title='bbox 1018 3883 1044 3942; x_wconf 89' lang='lat' dir='ltr'><strong>ei</strong></span> <span class='ocrx_word' id='word_1_542' title='bbox 1072 3899 1140 3940; x_wconf 89' lang='lat' dir='ltr'><strong>cum</strong></span> <span class='ocrx_word' id='word_1_543' title='bbox 1170 3883 1311 3940; x_wconf 84' lang='lat' dir='ltr'><strong>uxoribus</strong></span> <span class='ocrx_word' id='word_1_544' title='bbox 1342 3887 1371 3939; x_wconf 89' lang='lat' dir='ltr'><strong>et</strong></span> <span class='ocrx_word' id='word_1_545' title='bbox 1389 3882 1491 3939; x_wconf 88' lang='lat' dir='ltr'><strong>liberis</strong></span> <span class='ocrx_word' id='word_1_546' title='bbox 1520 3881 1634 3939; x_wconf 91' lang='lat' dir='ltr'><strong>obviam</strong></span> <span class='ocrx_word' id='word_1_547' title='bbox 1662 3897 1841 3954; x_wconf 87' lang='lat' dir='ltr'><strong>processere,</strong></span> 
     </span>
     <span class='ocr_line' id='line_1_43' title="bbox 137 3970 1840 4046; baseline -0.004 -14"><span class='ocrx_word' id='word_1_548' title='bbox 137 3991 197 4033; x_wconf 86' lang='lat' dir='ltr'><strong>neo</strong></span> <span class='ocrx_word' id='word_1_549' title='bbox 211 3973 416 4046; x_wconf 86' lang='lat' dir='ltr'><strong>solumipsos,</strong></span> <span class='ocrx_word' id='word_1_550' title='bbox 432 3973 483 4030; x_wconf 86' lang='lat' dir='ltr'><strong>sed</strong></span> <span class='ocrx_word' id='word_1_551' title='bbox 507 3975 581 4030; x_wconf 89' lang='lat' dir='ltr'><strong>etce</strong></span> <span class='ocrx_word' id='word_1_552' title='bbox 607 3987 671 4044; x_wconf 78' lang='lat' dir='ltr'><strong>qua</strong></span> <span class='ocrx_word' id='word_1_553' title='bbox 698 3971 829 4044; x_wconf 89' lang='lat' dir='ltr'><strong>ipserum</strong></span> <span class='ocrx_word' id='word_1_554' title='bbox 854 3973 963 4036; x_wconf 85' lang='lat' dir='ltr'><strong>essent,</strong></span> <span class='ocrx_word' id='word_1_555' title='bbox 1018 3973 1225 4030; x_wconf 86' lang='lat' dir='ltr'><strong>submittentes</strong></span> <span class='ocrx_word' id='word_1_556' title='bbox 1239 3970 1325 4042; x_wconf 86' lang='lat' dir='ltr'><strong>colla,</strong></span> <span class='ocrx_word' id='word_1_557' title='bbox 1341 3977 1371 4028; x_wconf 90' lang='lat' dir='ltr'><strong>et</strong></span> <span class='ocrx_word' id='word_1_558' title='bbox 1383 3988 1452 4028; x_wconf 91' lang='lat' dir='ltr'><strong>voce</strong></span> <span class='ocrx_word' id='word_1_559' title='bbox 1476 3972 1548 4044; x_wconf 78' lang='lat' dir='ltr'><strong>Syra</strong></span> <span class='ocrx_word' id='word_1_560' title='bbox 1575 3971 1699 4042; x_wconf 72' lang='lat' dir='ltr'><strong>Benace,</strong></span> <span class='ocrx_word' id='word_1_561' title='bbox 1728 3973 1758 4027; x_wconf 94' lang='lat' dir='ltr'><strong>id</strong></span> <span class='ocrx_word' id='word_1_562' title='bbox 1786 3975 1840 4040; x_wconf 90' lang='lat' dir='ltr'><strong>est,</strong></span> 
     </span>
     <span class='ocr_line' id='line_1_44' title="bbox 136 4056 1843 4138; baseline -0.004 -16"><span class='ocrx_word' id='word_1_563' title='bbox 136 4056 962 4138; x_wconf 71' lang='lat' dir='ltr'><strong>capentinterirc.liujusquereiproponobntexemplum</strong></span> <span class='ocrx_word' id='word_1_564' title='bbox 1019 4061 1139 4130; x_wconf 79' lang='lat' dir='ltr'><strong>benedic,</strong></span> <span class='ocrx_word' id='word_1_565' title='bbox 1154 4060 1358 4118; x_wconf 84' lang='lat' dir='ltr'><strong>inclamantes.</strong></span> <span class='ocrx_word' id='word_1_566' title='bbox 1375 4062 1452 4129; x_wconf 86' lang='lat' dir='ltr'><strong>Quos</strong></span> <span class='ocrx_word' id='word_1_567' title='bbox 1472 4061 1521 4117; x_wconf 89' lang='lat' dir='ltr'><strong>illc</strong></span> <span class='ocrx_word' id='word_1_568' title='bbox 1543 4061 1649 4118; x_wconf 89' lang='lat' dir='ltr'><strong>blande</strong></span> <span class='ocrx_word' id='word_1_569' title='bbox 1678 4060 1843 4117; x_wconf 89' lang='lat' dir='ltr'><strong>humiliter·</strong></span> 
     </span>
     <span class='ocr_line' id='line_1_45' title="bbox 138 4149 1843 4226; baseline -0.005 -14"><span class='ocrx_word' id='word_1_570' title='bbox 138 4154 216 4226; x_wconf 83' lang='lat' dir='ltr'><strong>quod</strong></span> <span class='ocrx_word' id='word_1_571' title='bbox 231 4157 393 4226; x_wconf 66' lang='lat' dir='ltr'><strong>animam</strong></span> <span class='ocrx_word' id='word_1_572' title='bbox 411 4149 598 4210; x_wconf 77' lang='lat' dir='ltr'><strong>beetumlob</strong></span> <span class='ocrx_word' id='word_1_573' title='bbox 612 4153 725 4206; x_wconf 87' lang='lat' dir='ltr'><strong>tentare</strong></span> <span class='ocrx_word' id='word_1_574' title='bbox 735 4149 964 4222; x_wconf 85' lang='lat' dir='ltr'><strong>permitteretur,</strong></span> <span class='ocrx_word' id='word_1_575' title='bbox 1020 4167 1077 4226; x_wconf 92' lang='lat' dir='ltr'><strong>que</strong></span> <span class='ocrx_word' id='word_1_576' title='bbox 1093 4149 1268 4224; x_wconf 87' lang='lat' dir='ltr'><strong>suscipiens,</strong></span> <span class='ocrx_word' id='word_1_577' title='bbox 1284 4150 1456 4206; x_wconf 82' lang='lat' dir='ltr'><strong>obsecrabat</strong></span> <span class='ocrx_word' id='word_1_578' title='bbox 1471 4152 1504 4204; x_wconf 92' lang='lat' dir='ltr'><strong>ut</strong></span> <span class='ocrx_word' id='word_1_579' title='bbox 1520 4154 1608 4205; x_wconf 75' lang='lat' dir='ltr'><strong>Delum</strong></span> <span class='ocrx_word' id='word_1_580' title='bbox 1634 4149 1729 4222; x_wconf 84' lang='lat' dir='ltr'><strong>magis</strong></span> <span class='ocrx_word' id='word_1_581' title='bbox 1753 4164 1843 4222; x_wconf 87' lang='lat' dir='ltr'><strong>quam</strong></span> 
     </span>
     <span class='ocr_line' id='line_1_46' title="bbox 140 4235 1842 4314; baseline -0.005 -14"><span class='ocrx_word' id='word_1_582' title='bbox 140 4258 259 4300; x_wconf 82' lang='lat' dir='ltr'><strong>emnem</strong></span> <span class='ocrx_word' id='word_1_583' title='bbox 275 4239 475 4300; x_wconf 86' lang='lat' dir='ltr'><strong>substantiam</strong></span> <span class='ocrx_word' id='word_1_584' title='bbox 488 4240 553 4312; x_wconf 87' lang='lat' dir='ltr'><strong>ejus</strong></span> <span class='ocrx_word' id='word_1_585' title='bbox 568 4237 753 4296; x_wconf 88' lang='lat' dir='ltr'><strong>interiecerit.</strong></span> <span class='ocrx_word' id='word_1_586' title='bbox 765 4237 823 4296; x_wconf 88' lang='lat' dir='ltr'><strong>Nec</strong></span> <span class='ocrx_word' id='word_1_587' title='bbox 850 4253 966 4294; x_wconf 85' lang='lat' dir='ltr'><strong>movere</strong></span> <span class='ocrx_word' id='word_1_588' title='bbox 1019 4241 1134 4314; x_wconf 88' lang='lat' dir='ltr'><strong>lapides</strong></span> <span class='ocrx_word' id='word_1_589' title='bbox 1150 4238 1292 4296; x_wconf 88' lang='lat' dir='ltr'><strong>colerent:</strong></span> <span class='ocrx_word' id='word_1_590' title='bbox 1310 4235 1458 4310; x_wconf 90' lang='lat' dir='ltr'><strong>simulque</strong></span> <span class='ocrx_word' id='word_1_591' title='bbox 1472 4237 1599 4294; x_wconf 88' lang='lat' dir='ltr'><strong>ubertim</strong></span> <span class='ocrx_word' id='word_1_592' title='bbox 1614 4236 1712 4307; x_wconf 85' lang='lat' dir='ltr'><strong>flebat,</strong></span> <span class='ocrx_word' id='word_1_593' title='bbox 1737 4235 1842 4293; x_wconf 85' lang='lat' dir='ltr'><strong>coelum</strong></span> 
     </span>
     <span class='ocr_line' id='line_1_47' title="bbox 140 4324 1845 4405; baseline -0.004 -18"><span class='ocrx_word' id='word_1_594' title='bbox 140 4331 309 4405; x_wconf 81' lang='lat' dir='ltr'><strong>qnempiam</strong></span> <span class='ocrx_word' id='word_1_595' title='bbox 325 4329 443 4400; x_wconf 88' lang='lat' dir='ltr'><strong>debere,</strong></span> <span class='ocrx_word' id='word_1_596' title='bbox 456 4329 534 4401; x_wconf 90' lang='lat' dir='ltr'><strong>quod</strong></span> <span class='ocrx_word' id='word_1_597' title='bbox 549 4327 816 4399; x_wconf 82' lang='lat' dir='ltr'><strong>Dominijuesiene‚</strong></span> <span class='ocrx_word' id='word_1_598' title='bbox 828 4327 885 4382; x_wconf 91' lang='lat' dir='ltr'><strong>duo</strong></span> <span class='ocrx_word' id='word_1_599' title='bbox 898 4324 965 4382; x_wconf 87' lang='lat' dir='ltr'><strong>mil·</strong></span> <span class='ocrx_word' id='word_1_600' title='bbox 1020 4335 1168 4403; x_wconf 86' lang='lat' dir='ltr'><strong>spectans,</strong></span> <span class='ocrx_word' id='word_1_601' title='bbox 1184 4331 1213 4386; x_wconf 86' lang='lat' dir='ltr'><strong>et</strong></span> <span class='ocrx_word' id='word_1_602' title='bbox 1226 4326 1379 4402; x_wconf 82' lang='lat' dir='ltr'><strong>pollicens,</strong></span> <span class='ocrx_word' id='word_1_603' title='bbox 1392 4327 1417 4384; x_wconf 89' lang='lat' dir='ltr'><strong>si</strong></span> <span class='ocrx_word' id='word_1_604' title='bbox 1431 4325 1546 4383; x_wconf 88' lang='lat' dir='ltr'><strong>Christo</strong></span> <span class='ocrx_word' id='word_1_605' title='bbox 1558 4325 1720 4394; x_wconf 87' lang='lat' dir='ltr'><strong>crederent,</strong></span> <span class='ocrx_word' id='word_1_606' title='bbox 1736 4326 1772 4382; x_wconf 89' lang='lat' dir='ltr'><strong>ed</strong></span> <span class='ocrx_word' id='word_1_607' title='bbox 1795 4339 1845 4380; x_wconf 88' lang='lat' dir='ltr'><strong>eos</strong></span> 
     </span>
     <span class='ocr_line' id='line_1_48' title="bbox 137 4414 1845 4517; baseline -0.004 -40"><span class='ocrx_word' id='word_1_608' title='bbox 137 4420 179 4477; x_wconf 83' lang='lat' dir='ltr'><strong>lie</strong></span> <span class='ocrx_word' id='word_1_609' title='bbox 195 4423 386 4494; x_wconf 85' lang='lat' dir='ltr'><strong>porcorum&#39;a</strong></span> <span class='ocrx_word' id='word_1_610' title='bbox 400 4417 585 4476; x_wconf 75' lang='lat' dir='ltr'><strong>damonibus</strong></span> <span class='ocrx_word' id='word_1_611' title='bbox 600 4416 752 4473; x_wconf 83' lang='lat' dir='ltr'><strong>interiecta</strong></span> <span class='ocrx_word' id='word_1_612' title='bbox 767 4420 837 4472; x_wconf 81' lang='lat' dir='ltr'><strong>sunt</strong></span> <span class='ocrx_word' id='word_1_613' title='bbox 852 4415 964 4485; x_wconf 73' lang='lat' dir='ltr'><strong>(dictita.</strong></span> <span class='ocrx_word' id='word_1_614' title='bbox 983 4451 1007 4517; x_wconf 74' lang='lat' dir='ltr'>D</span> <span class='ocrx_word' id='word_1_615' title='bbox 1024 4435 1055 4476; x_wconf 89' lang='lat' dir='ltr'><strong>se</strong></span> <span class='ocrx_word' id='word_1_616' title='bbox 1070 4419 1171 4476; x_wconf 88' lang='lat' dir='ltr'><strong>crebro</strong></span> <span class='ocrx_word' id='word_1_617' title='bbox 1186 4434 1251 4475; x_wconf 88' lang='lat' dir='ltr'><strong>esse</strong></span> <span class='ocrx_word' id='word_1_618' title='bbox 1263 4421 1432 4474; x_wconf 88' lang='lat' dir='ltr'><strong>venturum.</strong></span> <span class='ocrx_word' id='word_1_619' title='bbox 1449 4416 1522 4472; x_wconf 83' lang='lat' dir='ltr'><strong>Mira</strong></span> <span class='ocrx_word' id='word_1_620' title='bbox 1534 4414 1648 4472; x_wconf 81' lang='lat' dir='ltr'><strong>Domini</strong></span> <span class='ocrx_word' id='word_1_621' title='bbox 1665 4414 1769 4488; x_wconf 85' lang='lat' dir='ltr'><strong>gratia,</strong></span> <span class='ocrx_word' id='word_1_622' title='bbox 1785 4429 1845 4470; x_wconf 90' lang='lat' dir='ltr'><strong>nou</strong></span> 
     </span>
    </p>
   </div>
   <div class='ocr_carea' id='block_1_3' title="bbox 18 4501 1845 4582">
    <p class='ocr_par' dir='ltr' id='par_1_3' title="bbox 18 4501 1845 4582">
     <span class='ocr_line' id='line_1_49' title="bbox 18 4501 1845 4582; baseline -0.005 -15"><span class='ocrx_word' id='word_1_623' title='bbox 18 4557 19 4560; x_wconf 14' lang='grc' dir='ltr'>η</span> <span class='ocrx_word' id='word_1_624' title='bbox 138 4527 201 4576; x_wconf 77' lang='lat' dir='ltr'><strong>verr,</strong></span> <span class='ocrx_word' id='word_1_625' title='bbox 217 4509 339 4566; x_wconf 77' lang='lat' dir='ltr'><strong>ctllnrc.</strong></span> <span class='ocrx_word' id='word_1_626' title='bbox 355 4506 565 4580; x_wconf 86' lang='lat' dir='ltr'><strong>v);siquidem</strong></span> <span class='ocrx_word' id='word_1_627' title='bbox 586 4521 636 4562; x_wconf 88' lang='lat' dir='ltr'><strong>eos</strong></span> <span class='ocrx_word' id='word_1_628' title='bbox 664 4503 715 4577; x_wconf 93' lang='lat' dir='ltr'><strong>qui</strong></span> <span class='ocrx_word' id='word_1_629' title='bbox 743 4503 884 4570; x_wconf 86' lang='lat' dir='ltr'><strong>viderent,</strong></span> <span class='ocrx_word' id='word_1_630' title='bbox 908 4520 967 4560; x_wconf 92' lang='lat' dir='ltr'><strong>non</strong></span> <span class='ocrx_word' id='word_1_631' title='bbox 1023 4507 1202 4582; x_wconf 88' lang='lat' dir='ltr'><strong>priusnbire</strong></span> <span class='ocrx_word' id='word_1_632' title='bbox 1218 4506 1297 4580; x_wconf 89' lang='lat' dir='ltr'><strong>passi</strong></span> <span class='ocrx_word' id='word_1_633' title='bbox 1313 4511 1392 4575; x_wconf 88' lang='lat' dir='ltr'><strong>sunt,</strong></span> <span class='ocrx_word' id='word_1_634' title='bbox 1410 4522 1499 4580; x_wconf 88' lang='lat' dir='ltr'><strong>quam</strong></span> <span class='ocrx_word' id='word_1_635' title='bbox 1516 4507 1618 4562; x_wconf 86' lang='lat' dir='ltr'><strong>lutnrae</strong></span> <span class='ocrx_word' id='word_1_636' title='bbox 1647 4503 1782 4561; x_wconf 80' lang='lat' dir='ltr'><strong>llcclesia</strong></span> <span class='ocrx_word' id='word_1_637' title='bbox 1810 4501 1845 4558; x_wconf 90' lang='lat' dir='ltr'><strong>li·</strong></span> 
     </span>
    </p>
   </div>
   <div class='ocr_carea' id='block_1_4' title="bbox 136 4593 1847 4926">
    <p class='ocr_par' dir='ltr' id='par_1_4' title="bbox 136 4593 1847 4759">
     <span class='ocr_line' id='line_1_50' title="bbox 137 4593 1847 4672; baseline -0.004 -18"><span class='ocrx_word' id='word_1_638' title='bbox 137 4598 274 4672; x_wconf 82' lang='lat' dir='ltr'><strong>potnisse</strong></span> <span class='ocrx_word' id='word_1_639' title='bbox 288 4597 375 4654; x_wconf 85' lang='lat' dir='ltr'><strong>aliter</strong></span> <span class='ocrx_word' id='word_1_640' title='bbox 387 4596 506 4653; x_wconf 85' lang='lat' dir='ltr'><strong>credere</strong></span> <span class='ocrx_word' id='word_1_641' title='bbox 526 4593 622 4652; x_wconf 83' lang='lat' dir='ltr'><strong>exisse</strong></span> <span class='ocrx_word' id='word_1_642' title='bbox 645 4593 680 4650; x_wconf 94' lang='lat' dir='ltr'><strong>de</strong></span> <span class='ocrx_word' id='word_1_643' title='bbox 709 4593 829 4650; x_wconf 87' lang='lat' dir='ltr'><strong>bomine</strong></span> <span class='ocrx_word' id='word_1_644' title='bbox 855 4596 968 4650; x_wconf 88' lang='lat' dir='ltr'><strong>tentam</strong></span> <span class='ocrx_word' id='word_1_645' title='bbox 1024 4613 1109 4654; x_wconf 87' lang='lat' dir='ltr'><strong>neam</strong></span> <span class='ocrx_word' id='word_1_646' title='bbox 1124 4596 1269 4665; x_wconf 88' lang='lat' dir='ltr'><strong>mitteret;</strong></span> <span class='ocrx_word' id='word_1_647' title='bbox 1285 4599 1315 4653; x_wconf 88' lang='lat' dir='ltr'><strong>et</strong></span> <span class='ocrx_word' id='word_1_648' title='bbox 1328 4596 1465 4652; x_wconf 86' lang='lat' dir='ltr'><strong>sacerdos</strong></span> <span class='ocrx_word' id='word_1_649' title='bbox 1483 4611 1595 4664; x_wconf 89' lang='lat' dir='ltr'><strong>eorum,</strong></span> <span class='ocrx_word' id='word_1_650' title='bbox 1612 4599 1645 4651; x_wconf 91' lang='lat' dir='ltr'><strong>ut</strong></span> <span class='ocrx_word' id='word_1_651' title='bbox 1672 4597 1735 4652; x_wconf 90' lang='lat' dir='ltr'><strong>erat</strong></span> <span class='ocrx_word' id='word_1_652' title='bbox 1759 4593 1847 4650; x_wconf 91' lang='lat' dir='ltr'><strong>Corc-</strong></span> 
     </span>
     <span class='ocr_line' id='line_1_51' title="bbox 136 4683 1578 4759; baseline -0.004 -13"><span class='ocrx_word' id='word_1_653' title='bbox 136 4689 309 4746; x_wconf 76' lang='lat' dir='ltr'><strong>damonum</strong></span> <span class='ocrx_word' id='word_1_654' title='bbox 326 4685 558 4755; x_wconf 87' lang='lat' dir='ltr'><strong>multitudinem,</strong></span> <span class='ocrx_word' id='word_1_655' title='bbox 584 4683 641 4742; x_wconf 86' lang='lat' dir='ltr'><strong>nisi</strong></span> <span class='ocrx_word' id='word_1_656' title='bbox 667 4683 788 4758; x_wconf 88' lang='lat' dir='ltr'><strong>grandis</strong></span> <span class='ocrx_word' id='word_1_657' title='bbox 813 4697 967 4756; x_wconf 87' lang='lat' dir='ltr'><strong>porcorum</strong></span> <span class='ocrx_word' id='word_1_658' title='bbox 1023 4689 1111 4742; x_wconf 90' lang='lat' dir='ltr'><strong>natus</strong></span> <span class='ocrx_word' id='word_1_659' title='bbox 1123 4685 1144 4753; x_wconf 84' lang='lat'><strong>⁸,</strong></span> <span class='ocrx_word' id='word_1_660' title='bbox 1159 4685 1265 4742; x_wconf 86' lang='lat' dir='ltr'><strong>Christi</strong></span> <span class='ocrx_word' id='word_1_661' title='bbox 1282 4685 1367 4759; x_wconf 90' lang='lat' dir='ltr'><strong>signo</strong></span> <span class='ocrx_word' id='word_1_662' title='bbox 1382 4686 1578 4742; x_wconf 84' lang='lat' dir='ltr'><strong>denotaretur.</strong></span> 
     </span>
    </p>

    <p class='ocr_par' dir='ltr' id='par_1_5' title="bbox 136 4771 1846 4926">
     <span class='ocr_line' id='line_1_52' title="bbox 138 4771 1845 4849; baseline -0.004 -17"><span class='ocrx_word' id='word_1_663' title='bbox 138 4790 297 4846; x_wconf 82' lang='lat' dir='ltr'><strong>numerus,</strong></span> <span class='ocrx_word' id='word_1_664' title='bbox 313 4775 443 4849; x_wconf 88' lang='lat' dir='ltr'><strong>etquasi</strong></span> <span class='ocrx_word' id='word_1_665' title='bbox 460 4773 700 4844; x_wconf 89' lang='lat' dir='ltr'><strong>emultisactus,</strong></span> <span class='ocrx_word' id='word_1_666' title='bbox 716 4771 968 4846; x_wconf 86' lang='lat' dir='ltr'><strong>pariterccrruis·</strong></span> <span class='ocrx_word' id='word_1_667' title='bbox 1058 4775 1103 4830; x_wconf 76' lang='grc'><strong>26.</strong></span> <span class='ocrx_word' id='word_1_668' title='bbox 1132 4774 1278 4830; x_wconf 75' lang='lat' dir='ltr'><strong>decoctas</strong></span> <span class='ocrx_word' id='word_1_669' title='bbox 1306 4791 1416 4830; x_wconf 72' lang='lat' dir='ltr'><strong>ecana.</strong></span> <span class='ocrx_word' id='word_1_670' title='bbox 1445 4805 1479 4815; x_wconf 85' lang='lat'>-</span> <span class='ocrx_word' id='word_1_671' title='bbox 1508 4773 1571 4830; x_wconf 87' lang='lat' dir='ltr'><strong>Alio</strong></span> <span class='ocrx_word' id='word_1_672' title='bbox 1605 4787 1723 4845; x_wconf 91' lang='lat' dir='ltr'><strong>quoque</strong></span> <span class='ocrx_word' id='word_1_673' title='bbox 1756 4783 1845 4840; x_wconf 88' lang='lat' dir='ltr'><strong>enno,</strong></span> 
     </span>
     <span class='ocr_line' id='line_1_53' title="bbox 136 4857 1846 4926; baseline -0.006 -4"><span class='ocrx_word' id='word_1_674' title='bbox 136 4869 193 4922; x_wconf 82' lang='lat' dir='ltr'><strong>set.</strong></span> <span class='ocrx_word' id='word_1_675' title='bbox 1024 4879 1090 4922; x_wconf 88' lang='lat' dir='ltr'><strong>cum</strong></span> <span class='ocrx_word' id='word_1_676' title='bbox 1107 4861 1238 4920; x_wconf 84' lang='lat' dir='ltr'><strong>exiturus</strong></span> <span class='ocrx_word' id='word_1_677' title='bbox 1254 4867 1332 4920; x_wconf 88' lang='lat' dir='ltr'><strong>esset</strong></span> <span class='ocrx_word' id='word_1_678' title='bbox 1346 4863 1382 4920; x_wconf 90' lang='lat' dir='ltr'><strong>ad</strong></span> <span class='ocrx_word' id='word_1_679' title='bbox 1397 4863 1518 4926; x_wconf 86' lang='lat' dir='ltr'><strong>visenda</strong></span> <span class='ocrx_word' id='word_1_680' title='bbox 1540 4859 1718 4919; x_wconf 88' lang='lat' dir='ltr'><strong>monasterie</strong></span> <span class='ocrx_word' id='word_1_681' title='bbox 1744 4862 1774 4915; x_wconf 90' lang='lat' dir='ltr'><strong>et</strong></span> <span class='ocrx_word' id='word_1_682' title='bbox 1801 4857 1846 4914; x_wconf 89' lang='lat' dir='ltr'><strong>di·</strong></span> 
     </span>
    </p>
   </div>
   <div class='ocr_carea' id='block_1_5' title="bbox 136 5003 1847 5177">
    <p class='ocr_par' dir='ltr' id='par_1_6' title="bbox 136 5003 1847 5177">
     <span class='ocr_line' id='line_1_54' title="bbox 174 5003 1847 5106; baseline -0.005 -14"><span class='ocrx_word' id='word_1_683' title='bbox 174 5035 325 5092; x_wconf 84' lang='lat' dir='ltr'><strong>¹Addcnt</strong></span> <span class='ocrx_word' id='word_1_684' title='bbox 350 5051 423 5093; x_wconf 89' lang='lat' dir='ltr'><strong>mss.</strong></span> <span class='ocrx_word' id='word_1_685' title='bbox 455 5035 551 5106; x_wconf 83' lang='lat' dir='ltr'><strong>tomc;</strong></span> <span class='ocrx_word' id='word_1_686' title='bbox 582 5034 690 5092; x_wconf 87' lang='lat' dir='ltr'><strong>leviore</strong></span> <span class='ocrx_word' id='word_1_687' title='bbox 728 5033 862 5106; x_wconf 81' lang='lat' dir='ltr'><strong>quadam</strong></span> <span class='ocrx_word' id='word_1_688' title='bbox 893 5033 969 5089; x_wconf 85' lang='lat' dir='ltr'><strong>inira</strong></span> <span class='ocrx_word' id='word_1_689' title='bbox 1024 5049 1162 5090; x_wconf 88' lang='lat' dir='ltr'><strong>cenorum</strong></span> <span class='ocrx_word' id='word_1_690' title='bbox 1191 5032 1365 5106; x_wconf 87' lang='lat' dir='ltr'><strong>imperatore</strong></span> <span class='ocrx_word' id='word_1_691' title='bbox 1393 5030 1492 5095; x_wconf 86' lang='lat' dir='ltr'><strong>tradit,</strong></span> <span class='ocrx_word' id='word_1_692' title='bbox 1519 5045 1587 5086; x_wconf 89' lang='lat' dir='ltr'><strong>eum</strong></span> <span class='ocrx_word' id='word_1_693' title='bbox 1622 5036 1653 5086; x_wconf 79' lang='lat' dir='ltr'><strong>et</strong></span> <span class='ocrx_word' id='word_1_694' title='bbox 1670 5003 1847 5084; x_wconf 53' lang='lat' dir='ltr'><strong>”thraciana</strong></span> 
     </span>
     <span class='ocr_line' id='line_1_55' title="bbox 136 5100 1846 5177; baseline -0.004 -13"><span class='ocrx_word' id='word_1_695' title='bbox 136 5107 349 5166; x_wconf 75' lang='lat' dir='ltr'><strong>amandemus.</strong></span> <span class='ocrx_word' id='word_1_696' title='bbox 1024 5105 1171 5177; x_wconf 67' lang='lat' dir='ltr'><strong>religiones</strong></span> <span class='ocrx_word' id='word_1_697' title='bbox 1187 5105 1323 5160; x_wconf 77' lang='lat' dir='ltr'><strong>cuderam</strong></span> <span class='ocrx_word' id='word_1_698' title='bbox 1351 5101 1477 5174; x_wconf 74' lang='lat' dir='ltr'><strong>funditus</strong></span> <span class='ocrx_word' id='word_1_699' title='bbox 1501 5101 1536 5158; x_wconf 86' lang='lat' dir='ltr'><strong>dc</strong></span> <span class='ocrx_word' id='word_1_700' title='bbox 1561 5104 1635 5157; x_wconf 78' lang='lat' dir='ltr'><strong>terra</strong></span> <span class='ocrx_word' id='word_1_701' title='bbox 1663 5100 1796 5167; x_wconf 84' lang='lat' dir='ltr'><strong>eraderet,</strong></span> <span class='ocrx_word' id='word_1_702' title='bbox 1820 5107 1846 5158; x_wconf 79' lang='lat' dir='ltr'><strong>et</strong></span> 
     </span>
    </p>
   </div>
   <div class='ocr_carea' id='block_1_6' title="bbox 136 5174 1845 5321">
    <p class='ocr_par' dir='ltr' id='par_1_7' title="bbox 136 5174 1845 5321">
     <span class='ocr_line' id='line_1_56' title="bbox 174 5174 1845 5256; baseline -0.005 -22"><span class='ocrx_word' id='word_1_703' title='bbox 174 5180 233 5234; x_wconf 84' lang='lat' dir='ltr'><strong>¹ln</strong></span> <span class='ocrx_word' id='word_1_704' title='bbox 250 5179 363 5252; x_wconf 87' lang='lat' dir='ltr'><strong>aliquot</strong></span> <span class='ocrx_word' id='word_1_705' title='bbox 377 5177 514 5254; x_wconf 89' lang='lat' dir='ltr'><strong>vulgetis.</strong></span> <span class='ocrx_word' id='word_1_706' title='bbox 530 5181 563 5235; x_wconf 80' lang='lat' dir='ltr'><strong>ut</strong></span> <span class='ocrx_word' id='word_1_707' title='bbox 586 5194 635 5252; x_wconf 85' lang='lat' dir='ltr'><strong>pro</strong></span> <span class='ocrx_word' id='word_1_708' title='bbox 661 5176 763 5250; x_wconf 72' lang='lat' dir='ltr'><strong>effectu</strong></span> <span class='ocrx_word' id='word_1_709' title='bbox 790 5176 882 5231; x_wconf 82' lang='lat' dir='ltr'><strong>enimi</strong></span> <span class='ocrx_word' id='word_1_710' title='bbox 908 5177 968 5232; x_wconf 83' lang='lat' dir='ltr'><strong>eie·</strong></span> <span class='ocrx_word' id='word_1_711' title='bbox 1023 5177 1142 5236; x_wconf 79' lang='lat' dir='ltr'><strong>Motocte&#39;</strong></span> <span class='ocrx_word' id='word_1_712' title='bbox 1157 5176 1267 5248; x_wconf 85' lang='lat' dir='ltr'><strong>tempta,</strong></span> <span class='ocrx_word' id='word_1_713' title='bbox 1283 5174 1460 5256; x_wconf 24' lang='lat' dir='ltr'><strong>etULccrrnnv</strong></span> <span class='ocrx_word' id='word_1_714' title='bbox 1476 5174 1613 5230; x_wconf 85' lang='lat' dir='ltr'><strong>culturum</strong></span> <span class='ocrx_word' id='word_1_715' title='bbox 1632 5179 1754 5244; x_wconf 75' lang='lat' dir='ltr'><strong>ceperat,</strong></span> <span class='ocrx_word' id='word_1_716' title='bbox 1782 5186 1845 5226; x_wconf 82' lang='lat' dir='ltr'><strong>cee-</strong></span> 
     </span>
     <span class='ocr_line' id='line_1_57' title="bbox 136 5245 1844 5321; baseline -0.002 -15"><span class='ocrx_word' id='word_1_717' title='bbox 136 5251 233 5321; x_wconf 78' lang='lat' dir='ltr'><strong>pulos,</strong></span> <span class='ocrx_word' id='word_1_718' title='bbox 249 5255 305 5306; x_wconf 86' lang='lat' dir='ltr'><strong>etc.</strong></span> <span class='ocrx_word' id='word_1_719' title='bbox 722 5259 726 5270; x_wconf 60' lang='lat'><em>¹</em></span> <span class='ocrx_word' id='word_1_720' title='bbox 1025 5259 1084 5305; x_wconf 85' lang='lat' dir='ltr'><strong>tum</strong></span> <span class='ocrx_word' id='word_1_721' title='bbox 1097 5250 1211 5304; x_wconf 74' lang='lat' dir='ltr'><strong>ericium</strong></span> <span class='ocrx_word' id='word_1_722' title='bbox 1224 5245 1424 5317; x_wconf 75' lang='lat' dir='ltr'><strong>expeditionem</strong></span> <span class='ocrx_word' id='word_1_723' title='bbox 1441 5261 1625 5316; x_wconf 75' lang='lat' dir='ltr'><strong>concrepasse.</strong></span> <span class='ocrx_word' id='word_1_724' title='bbox 1653 5245 1708 5300; x_wconf 87' lang='lat' dir='ltr'><strong>Sed</strong></span> <span class='ocrx_word' id='word_1_725' title='bbox 1728 5249 1756 5300; x_wconf 88' lang='lat' dir='ltr'><strong>ct</strong></span> <span class='ocrx_word' id='word_1_726' title='bbox 1779 5258 1844 5303; x_wconf 90' lang='lat' dir='ltr'><strong>nos·</strong></span> 
     </span>
    </p>
   </div>
   <div class='ocr_carea' id='block_1_7' title="bbox 173 5313 1846 5389">
    <p class='ocr_par' dir='ltr' id='par_1_8' title="bbox 173 5313 1846 5389">
     <span class='ocr_line' id='line_1_58' title="bbox 173 5313 1846 5389; baseline -0.005 -10"><span class='ocrx_word' id='word_1_727' title='bbox 173 5323 337 5379; x_wconf 75' lang='lat' dir='ltr'><strong>’Pmmit</strong></span> <span class='ocrx_word' id='word_1_728' title='bbox 351 5321 475 5379; x_wconf 74' lang='lat' dir='ltr'><strong>Blesum.</strong></span> <span class='ocrx_word' id='word_1_729' title='bbox 491 5320 610 5378; x_wconf 83' lang='lat' dir='ltr'><strong>Codices</strong></span> <span class='ocrx_word' id='word_1_730' title='bbox 625 5335 697 5376; x_wconf 86' lang='lat' dir='ltr'><strong>mss.</strong></span> <span class='ocrx_word' id='word_1_731' title='bbox 710 5318 850 5375; x_wconf 77' lang='lat' dir='ltr'><strong>Aveuiou.</strong></span> <span class='ocrx_word' id='word_1_732' title='bbox 868 5322 897 5376; x_wconf 90' lang='lat' dir='ltr'><strong>et</strong></span> <span class='ocrx_word' id='word_1_733' title='bbox 911 5319 969 5375; x_wconf 80' lang='lat' dir='ltr'><strong>‘l&#39;o-</strong></span> <span class='ocrx_word' id='word_1_734' title='bbox 1025 5319 1161 5377; x_wconf 89' lang='lat' dir='ltr'><strong>terliier.</strong></span> <span class='ocrx_word' id='word_1_735' title='bbox 1189 5317 1219 5374; x_wconf 92' lang='lat' dir='ltr'><strong>in</strong></span> <span class='ocrx_word' id='word_1_736' title='bbox 1243 5319 1384 5374; x_wconf 86' lang='lat' dir='ltr'><strong>Amosv:</strong></span> <span class='ocrx_word' id='word_1_737' title='bbox 1415 5317 1571 5389; x_wconf 66' lang='lat' dir='ltr'><strong>batismum</strong></span> <span class='ocrx_word' id='word_1_738' title='bbox 1599 5317 1735 5388; x_wconf 76' lang='lat' dir='ltr'><strong>tuncque</strong></span> <span class='ocrx_word' id='word_1_739' title='bbox 1762 5313 1846 5377; x_wconf 76' lang='lat' dir='ltr'><strong>Sara-</strong></span> 
     </span>
    </p>
   </div>
   <div class='ocr_carea' id='block_1_8' title="bbox 138 5389 1849 5529">
    <p class='ocr_par' dir='ltr' id='par_1_9' title="bbox 138 5389 1849 5529">
     <span class='ocr_line' id='line_1_59' title="bbox 138 5389 1277 5452; baseline -0.005 -3"><span class='ocrx_word' id='word_1_740' title='bbox 138 5393 222 5452; x_wconf 87' lang='lat' dir='ltr'><strong>los...</strong></span> <span class='ocrx_word' id='word_1_741' title='bbox 238 5394 366 5450; x_wconf 81' lang='lat' dir='ltr'><strong>retinent</strong></span> <span class='ocrx_word' id='word_1_742' title='bbox 379 5393 522 5450; x_wconf 76' lang='lat' dir='ltr'><strong>Btasc&#39;cm:</strong></span> <span class='ocrx_word' id='word_1_743' title='bbox 538 5391 588 5448; x_wconf 89' lang='lat' dir='ltr'><strong>alii</strong></span> <span class='ocrx_word' id='word_1_744' title='bbox 604 5391 736 5447; x_wconf 75' lang='lat' dir='ltr'><strong>dolosam.</strong></span> <span class='ocrx_word' id='word_1_745' title='bbox 754 5389 898 5447; x_wconf 75' lang='lat' dir='ltr'><strong>blancus.</strong></span> <span class='ocrx_word' id='word_1_746' title='bbox 1023 5393 1277 5448; x_wconf 67' lang='lat' dir='ltr'><strong>coniectarentur.</strong></span> 
     </span>
     <span class='ocr_line' id='line_1_60' title="bbox 174 5459 1849 5529; baseline -0.002 -7"><span class='ocrx_word' id='word_1_747' title='bbox 174 5468 187 5503; x_wconf 79' lang='lat'>⁸</span> <span class='ocrx_word' id='word_1_748' title='bbox 203 5466 286 5522; x_wconf 65' lang='lat' dir='ltr'><strong>mem</strong></span> <span class='ocrx_word' id='word_1_749' title='bbox 300 5463 466 5522; x_wconf 72' lang='lat' dir='ltr'><strong>Cardiam</strong></span> <span class='ocrx_word' id='word_1_750' title='bbox 481 5461 646 5521; x_wconf 87' lang='lat' dir='ltr'><strong>monachus</strong></span> <span class='ocrx_word' id='word_1_751' title='bbox 659 5463 690 5518; x_wconf 89' lang='lat' dir='ltr'><strong>iu</strong></span> <span class='ocrx_word' id='word_1_752' title='bbox 706 5461 735 5519; x_wconf 82' lang='lat' dir='ltr'><strong>S.</strong></span> <span class='ocrx_word' id='word_1_753' title='bbox 761 5461 870 5519; x_wconf 88' lang='lat' dir='ltr'><strong>Placidi</strong></span> <span class='ocrx_word' id='word_1_754' title='bbox 893 5460 970 5519; x_wconf 83' lang='lat' dir='ltr'><strong>tlar-</strong></span> <span class='ocrx_word' id='word_1_755' title='bbox 1061 5462 1072 5497; x_wconf 81' lang='lat'>⁸</span> <span class='ocrx_word' id='word_1_756' title='bbox 1091 5459 1206 5518; x_wconf 81' lang='lat' dir='ltr'><strong>litbcici</strong></span> <span class='ocrx_word' id='word_1_757' title='bbox 1222 5460 1376 5518; x_wconf 88' lang='lat' dir='ltr'><strong>sacerdotii</strong></span> <span class='ocrx_word' id='word_1_758' title='bbox 1392 5461 1462 5518; x_wconf 91' lang='lat' dir='ltr'><strong>ordo</strong></span> <span class='ocrx_word' id='word_1_759' title='bbox 1476 5465 1539 5518; x_wconf 89' lang='lat' dir='ltr'><strong>erat</strong></span> <span class='ocrx_word' id='word_1_760' title='bbox 1554 5459 1761 5529; x_wconf 82' lang='lat' dir='ltr'><strong>Coroeotoram,</strong></span> <span class='ocrx_word' id='word_1_761' title='bbox 1776 5474 1849 5529; x_wconf 86' lang='lat' dir='ltr'><strong>quo·</strong></span> 
     </span>
    </p>
   </div>
   <div class='ocr_carea' id='block_1_9' title="bbox 138 5529 1851 5734">
    <p class='ocr_par' dir='ltr' id='par_1_10' title="bbox 138 5529 1851 5734">
     <span class='ocr_line' id='line_1_61' title="bbox 138 5529 1851 5620; baseline -0.003 -23"><span class='ocrx_word' id='word_1_762' title='bbox 138 5535 217 5620; x_wconf 67' lang='lat' dir='ltr'><strong>tyris</strong></span> <span class='ocrx_word' id='word_1_763' title='bbox 230 5535 300 5596; x_wconf 77' lang='lat' dir='ltr'><strong>Vita</strong></span> <span class='ocrx_word' id='word_1_764' title='bbox 308 5539 443 5608; x_wconf 69' lang='lat' dir='ltr'><strong>wstatm,</strong></span> <span class='ocrx_word' id='word_1_765' title='bbox 460 5535 604 5605; x_wconf 85' lang='lat' dir='ltr'><strong>nnm.61,</strong></span> <span class='ocrx_word' id='word_1_766' title='bbox 618 5533 670 5595; x_wconf 88' lang='lat' dir='ltr'><strong>ubi</strong></span> <span class='ocrx_word' id='word_1_767' title='bbox 684 5533 721 5596; x_wconf 88' lang='lat' dir='ltr'><strong>de</strong></span> <span class='ocrx_word' id='word_1_768' title='bbox 742 5532 857 5596; x_wconf 77' lang='lat' dir='ltr'><strong>sbdola</strong></span> <span class='ocrx_word' id='word_1_769' title='bbox 883 5531 969 5594; x_wconf 79' lang='lat' dir='ltr'><strong>Sere·</strong></span> <span class='ocrx_word' id='word_1_770' title='bbox 1027 5548 1093 5594; x_wconf 87' lang='lat' dir='ltr'><strong>rum</strong></span> <span class='ocrx_word' id='word_1_771' title='bbox 1109 5533 1219 5594; x_wconf 85' lang='lat' dir='ltr'><strong>mentio</strong></span> <span class='ocrx_word' id='word_1_772' title='bbox 1234 5533 1359 5598; x_wconf 86' lang='lat' dir='ltr'><strong>occurrit</strong></span> <span class='ocrx_word' id='word_1_773' title='bbox 1374 5531 1405 5593; x_wconf 88' lang='lat' dir='ltr'><strong>in</strong></span> <span class='ocrx_word' id='word_1_774' title='bbox 1420 5531 1542 5614; x_wconf 86' lang='lat' dir='ltr'><strong>epistota</strong></span> <span class='ocrx_word' id='word_1_775' title='bbox 1554 5531 1716 5592; x_wconf 85' lang='lat' dir='ltr'><strong>iunocentii</strong></span> <span class='ocrx_word' id='word_1_776' title='bbox 1730 5529 1851 5618; x_wconf 76' lang='lat' dir='ltr'><strong>adepta·¹</strong></span> 
     </span>
     <span class='ocr_line' id='line_1_62' title="bbox 306 5657 1691 5734; baseline 0.007 -4"><span class='ocrx_word' id='word_1_777' title='bbox 306 5665 441 5734; x_wconf 80' lang='lat' dir='ltr'><strong>Perses.</strong></span> <span class='ocrx_word' id='word_1_778' title='bbox 482 5661 592 5732; x_wconf 73' lang='lat' dir='ltr'><strong>xxiii.</strong></span> <span class='ocrx_word' id='word_1_779' title='bbox 1672 5657 1691 5724; x_wconf 67' lang='lat'>2</span> 
     </span>
    </p>
   </div>
   <div class='ocr_carea' id='block_1_10' title="bbox 0 0 2032 6152">
    <p class='ocr_par' dir='ltr' id='par_1_11' title="bbox 0 0 2032 6152">
     <span class='ocr_line' id='line_1_63' title="bbox 0 0 2032 6152; baseline 0 0"><span class='ocrx_word' id='word_1_780' title='bbox 0 0 2032 6152; x_wconf 95' lang='lat' dir='ltr'><strong> </strong></span> 
     </span>
    </p>
   </div>
  </div>
 </body>
</html>
