4064 6158
134 263 190 333 {Ol
877 269 1107 344 iuuentute.
1781 283 1843 352 iffi

134 401 226 476 igitur
240 407 344 462 uncta
365 405 513 478 Scriptura
528 396 659 480 amplius
683 404 719 464 de
743 401 886 468 Trinitate
905 421 963 468 nun
976 419 1004 486 Α
1018 427 1082 468 ram
1097 409 1279 478 bominibus,
1297 407 1451 484 negabitur
1466 405 1503 470 ab
1521 425 1557 472 ee
1581 418 1679 473 corben
1705 415 1844 487 Petraei

133 491 224 560 dicat,
239 490 297 548 nisi
314 491 406 550 licum
421 493 537 550 Patrem
553 509 619 552 ease
637 493 840 566 salvatoriset
853 496 961 554 filium
1017 499 1130 573 angelis
1144 500 1209 572 ejus
1220 501 1253 557 ⁵⁸.
1269 501 1343 575 lingo
1359 501 1427 574 quia
1438 501 1519 560 nulla
1532 505 1837 567 voaiaiu'lrinitatem

131 585 306 654 generatm
321 597 388 640 esse
402 599 420 640 a
433 582 586 650 Patre,boc
600 586 805 643 tantummodo
820 585 963 644 debemus
1017 589 1186 646 conceditur
1198 589 1568 663 blasphemantibus,omni
1579 595 1677 651 studio
1687 598 1843 656 etcautela

132 668 246 728 nubre
258 671 337 744 quod
351 670 497 746 scriptum
511 673 605 730 cstllt
615 675 733 732 ostenso
744 674 824 746 quod
833 675 963 748 Spiritus
1017 681 1062 734 cst
1077 677 1382 750 providendumlflss
1394 683 1427 736 ut
1436 679 1509 736 nain
1518 680 1598 738 brevi
1609 683 1727 754 quidem
1737 701 1842 759 parvo·

134 763 260 816 unctus
274 759 422 818 increatus
433 761 961 837 eit,consequenterintelligere,quod
1017 768 1841 847 quesermouedoeadiaputantesdabamurssuiapotius

135 848 226 920 cnjus
239 853 453 908 noumtcrestu
474 850 731 918 substantia,reute
743 852 820 908 Patri
832 851 962 926 Filioque
1017 857 1041 912 si
1057 856 1125 929 quis
1139 855 1193 912 boc
1209 855 1345 913 volumen
1362 856 1458 930 legere
1472 857 1606 926 voluerit,
1618 871 1837 934 consumunmt

134 939 272 994 sociatur.
1017 944 1140 1002 mundet
1154 957 1185 1001 se
1199 945 1235 1000 eli
1250 945 1332 1000 omni
1348 961 1434 1018 opere
1450 945 1539 1014 malo,
1559 951 1588 1004 at
1612 949 1840 1025 cogitationibus

167 1027 245 1084 m
263 1027 309 1084 63.
325 1027 602 1103 llaecjuxtaelnquii
612 1030 704 1087 nostri
717 1034 919 1104 paupertatem
930 1030 961 1088 in
1016 1033 1153 1106 pessimis
1169 1049 1237 1106 :quo
1252 1035 1345 1106 possit
1359 1033 1525 1092 illuminato
1537 1037 1624 1094 cordo
1636 1037 1844 1115 eaiutclligere

130 1114 269 1188 precanti
285 1116 535 1183 dictasufiloiant,
549 1117 685 1176 timorem
707 1135 817 1188 meum,
834 1119 913 1192 quod
925 1119 961 1176 de
1016 1138 1080 1194 quc
1095 1122 1243 1188 dicontur,
1259 1127 1287 1178 et
1301 1122 1406 1196 plcuus
1416 1124 1571 1182 sanctitate
1587 1131 1676 1199 atque
1686 1129 1841 1202 sapientia,

128 1203 242 1278 Spiritu
256 1209 363 1262 uncto
379 1205 462 1280 loqui
477 1223 569 1264 ausus
584 1207 962 1280 sim,indicnniia(ll).0ui-
1016 1208 1166 1281 ignoscere
1181 1209 1707 1282 nobis,sicubivoluutatemnoemam
1718 1231 1777 1274 nuo
1788 1217 1843 1274 im-

131 1295 396 1367 cnuqueenimein
409 1311 477 1353 aum
489 1296 746 1370 blasphemaverit,
753 1313 812 1355 non
823 1297 920 1354 solum
931 1297 961 1354 in
1016 1297 1272 1369 plevitellectus,et
1282 1299 1487 1356 tantummodo
1500 1300 1731 1376 consideretque
1742 1310 1842 1362 mente

132 1383 190 1440 hcc
202 1383 321 1451 mulo,
334 1400 439 1442 verum
454 1385 544 1443 etiam
559 1388 589 1443 iu
601 1385 699 1444 futuro
724 1403 782 1444 uon
796 1385 962 1444 dimittetur
1016 1385 1088 1460 quid
1099 1387 1210 1444 dictum
1223 1387 1331 1455 sitnon
1341 1387 1448 1460 quibus
1458 1405 1629 1462 expressum
1640 1393 1839 1452 sermonibus.

131 1472 158 1528 ai
172 1473 261 1544 ⁸¹,nec
276 1472 340 1530 ulla
355 1473 559 1532 misericordia
575 1478 605 1532 et
613 1475 699 1532 venia
709 1475 908 1534 reservabitur
917 1474 961 1532 illi
1015 1475 1095 1532 Sicut
1109 1475 1187 1532 eninr
1207 1476 1325 1548 pietatis
1340 1492 1461 1534 sensum
1477 1479 1561 1536 nobis
1586 1480 1737 1538 audaciter
1756 1483 1841 1554 juata

127 1561 178 1634 qui
193 1562 416 1620 conculcaverit
430 1563 538 1620 lilium
555 1564 649 1634 Dei,et
663 1564 804 1638 injuriam
833 1566 960 1636 [At.con·
1017 1568 1150 1622 nostram
1171 1565 1380 1622 conscientiam
1393 1566 1633 1635 vindicamus,ita
1647 1574 1791 1642 quantum
1807 1571 1844 1628 dc

126 1651 290 1725 tonnellam]
308 1652 410 1710 fecerit
423 1652 544 1728 Spiritui
558 1654 773 1728 gratieejus,in
785 1671 844 1728 quo
855 1655 961 1712 saneti·
1015 1652 1647 1726 coloquipertinet,venustatemrhetoricam
1658 1658 1841 1716 facundiam·

126 1739 235 1798 licatas
249 1746 298 1798 eat
312 1743 345 1798 ⁸⁸.
362 1743 444 1808 Quod
460 1743 580 1816 quidem
595 1747 625 1800 et
639 1745 669 1800 in
685 1744 744 1801 lieo
759 1744 843 1802 Patre
856 1749 902 1801 est
916 1744 960 1800 in·
988 1743 1168 1858 B(ruminata
1182 1743 1422 1814 consequentiam
1432 1743 1490 1816 (59)
1502 1748 1673 1818 textumque
1684 1746 1840 1816 mamonis,

124 1829 337 1904 infligendum.
351 1831 425 1888 Nam
442 1832 492 1904 qui
518 1831 764 1906 blasphemaverit
787 1833 818 1889 iu
838 1849 917 1898 eum,
929 1837 959 1889 et
1015 1831 1113 1905 procul
1129 1832 1231 1888 abesse
1246 1831 1421 1904 simpliciter
1431 1833 1714 1894 confitemur.Studii
1729 1835 1838 1910 quippe

124 1918 217 1992 impie
232 1919 339 1992 egerit,
357 1919 422 1978 sine
436 1921 522 1978 venia
545 1920 736 1991 cruciabitur,
759 1921 840 1978 nullo
857 1939 909 1994 pro
924 1938 958 1978 eo
1015 1921 1107 1978 nostri
1123 1919 1186 1989 fuit,
1205 1921 1241 1978 de
1262 1921 1421 1994 Scripturis
1435 1923 1546 1981 sanctis
1561 1923 1787 1996 disserentibus,
1796 1925 1843 1999 pie

123 2007 290 2066 Dominum
307 2009 484 2082 deprecante
499 2009 646 2082 (tetanus
658 2010 802 2084 scriptum
818 2015 890 2078 est,«
904 2011 958 2077 oui
1013 2009 1176 2083 intelligere
1192 2026 1257 2082 qua
1272 2009 1383 2084 scripte
1398 2015 1518 2079 sunt,et
1532 2013 1710 2086 imperitiam
1720 2025 1839 2072 mensu·

125 2101 232 2153 autem
243 2097 272 2154 in
289 2098 448 2154 murinum
469 2097 562 2155 Deum
587 2099 759 2172 peccaverit,
780 2100 848 2173 quis
864 2099 960 2157 orabit
1015 2115 1137 2172 namque
1154 2099 1245 2156 nostri
1263 2115 1321 2156 nun
1335 2098 1470 2173 ignorare
1485 2102 1639 2159 sermonis.

125 2185 319 2257 procum
335 2185 457 2244 Necnon
477 2191 507 2244 et
532 2185 582 2259 qui
612 2186 719 2245 Filium
745 2186 893 2262 negaverit
909 2206 959 2246 cu·

159 2337 184 2373 ⁸¹
197 2337 295 2395 lietb.
310 2354 364 2406 xu,
377 2339 423 2394 32.
439 2339 462 2374 ⁸⁶
476 2329 562 2396 Hebr.
578 2304 606 2406 ιι,
623 2337 666 2396 29.
682 2339 705 2376 ⁸⁸
721 2341 731 2396 Ι
748 2339 816 2413 lteg.
834 2355 864 2409 ιι,
881 2341 926 2397 ts.
941 2339 964 2377 ⁸⁶
979 2337 1082 2396 Mattb.
1099 2355 1127 2407 ιι,
1141 2337 1186 2394 (td.

158 2491 206 2564 ta)
223 2489 347 2572 Regina
362 2488 438 2548 liber
454 2495 483 2547 et
506 2489 613 2573 Vatia,
640 2514 654 2542 u
680 2489 818 2549 timorem
842 2493 958 2548 tantum
1050 2489 1106 2562 (te)
1122 2489 1238 2546 lntrusa
1252 2489 1300 2546 bic
1314 2505 1467 2572 perperam
1483 2514 1497 2542 u
1516 2508 1586 2548 nus»
1597 2493 1710 2558 vocula.
1727 2509 1833 2552 sensus

126 2577 273 2644 mauman
291 2561 464 2634 eo,quodde
474 2561 582 2634 Spiritu
596 2565 696 2620 sancto
707 2562 787 2636 loqui
799 2579 889 2620 ausus
902 2563 959 2620 sim
1015 2560 1175 2618 laborabat.
1191 2562 1321 2646 llxpunsi
1336 2577 1391 2634 ope
1405 2563 1514 2619 codicis
1529 2563 1655 2647 Regina,
1692 2566 1721 2622 ui
1737 2566 1839 2623 itidem

125 2633 268 2689 indicavi.
287 2653 305 2684 n
912 2705 919 2718 ι
1014 2637 1160 2716 expupcts
1174 2647 1243 2690 voce
1257 2655 1271 2684 u
1283 2636 1397 2716 puniam
1414 2633 1472 2690 fere
1487 2637 1661 2697 concinnius
1670 2581 1749 2712 (legit
1763 2660 1778 2690 ιι
1795 2637 1839 2696 fa·

124 2777 141 2833 d
159 2705 220 2776 (⁴8)
237 2704 324 2832 idean
341 2704 415 2777 Reg.
432 2719 517 2772 ms.,«
535 2703 617 2762 nulla
633 2703 720 2762 medo
731 2721 826 2778 praee
838 2707 960 2762 Domino
1016 2705 1124 2761 cundia
1135 2710 1386 2776 consequentiam.
1404 2727 1418 2756 n

143 2792 277 2849 eprecan
313 2799 340 2831 .›·

125 2967 1842 3004 m

410 3153 507 3309 IN
574 3151 1151 3338 SEQUENTEM
1219 3149 1580 3311 LIBRUM

804 3435 1173 3534 ADMONITIO.

172 3795 284 3854 lictum
314 3793 440 3854 Luciferi
456 3793 614 3853 Calnritani
629 3793 758 3869 episcopi
772 3794 849 3852 hanc
877 3794 967 3852 fuisse
991 3799 1131 3862 menmm,
1148 3795 1244 3868 utqui
1269 3795 1298 3850 io
1313 3794 1492 3852 Ariminensi
1506 3793 1629 3852 concilio
1645 3795 1757 3854 Ariana
1773 3813 1840 3870 per·

124 3885 208 3942 tidie
232 3884 482 3958 subscripserant,
504 3882 631 3957 amplius
657 3882 732 3941 inire
758 3883 1078 3941 commuuiooemcum
1108 3882 1378 3952 Ecclesia,tametsi
1409 3883 1592 3958 prenitentes,
1623 3901 1680 3940 non
1696 3889 1838 3957 possent:

121 3991 220 4048 seque
234 3975 310 4030 adeo
324 3973 363 4030 ab
377 3989 481 4030 eorum
497 3989 614 4046 quoque
628 3973 846 4036 communione,
863 3973 914 4047 qui
926 3972 1026 4046 lapsos
1041 3977 1106 4046 post
1117 3972 1348 4030 satisfactionem
1364 3974 1665 4046 receperant,penitus
1675 3974 1844 4036 abdicasse..

121 4065 213 4132 Nam,
233 4061 331 4137 inquit
347 4061 507 4136 Sulpicius,
522 4061 592 4118 ilict.
604 4061 655 4119 lib.
685 4079 717 4130 ιι,
747 4078 811 4135 cap.
833 4063 878 4132 45,
905 4063 935 4118 in
962 4063 1071 4118 tantum
1099 4077 1143 4117 eoa
1163 4063 1213 4134 qai
1240 4062 1364 4117 Arimini
1390 4063 1511 4132 fucrant,
1540 4061 1740 4131 condemnavit,
1769 4071 1842 4122 ntae

120 4153 210 4208 etiem
226 4151 261 4207 ob
277 4165 375 4207 earum
389 4152 580 4207 martiniane
594 4149 748 4219 amaverit,
763 4151 812 4224 put
826 4165 869 4207 ecc
884 4149 934 4206 cub
957 4149 1154 4222 satisfactione,
1177 4149 1220 4205 uel
1239 4149 1400 4223 penitentia
1423 4150 1583 4222 reciperent.
1607 4155 1647 4208 lix
1666 4167 1699 4208 eo
1724 4149 1837 4210 Lucife-

122 4241 281 4297 rianorum
292 4237 425 4296 manavit
439 4237 568 4312 heresis,
584 4243 693 4296 temere
708 4239 903 4296 asserentium
919 4239 955 4296 ab
978 4238 1104 4306 Arianis,
1127 4242 1156 4295 et
1180 4237 1230 4312 qui
1255 4236 1314 4294 illis
1338 4237 1428 4295 semel
1452 4242 1663 4294 consenserant
1683 4237 1838 4312 episeopis,

123 4345 183 4386 oen
198 4327 331 4385 conferri
346 4327 487 4399 Spiritum
504 4333 651 4398 sanctum,
667 4345 776 4402 eoaque
791 4329 827 4384 eb
842 4327 1013 4402 episcopatu
1029 4345 1062 4384 ac
1076 4327 1232 4385 sacerdotii
1243 4343 1364 4384 munere
1379 4325 1419 4384 ita
1434 4325 1633 4396 excidissent
1656 4330 1841 4386 mammonin

123 4417 358 4476 administrandi
375 4415 542 4476 facultatem
558 4433 674 4476 omnem
690 4416 749 4476 illis
764 4417 937 4486 adimerent,
954 4421 1042 4490 atque
1056 4418 1137 4490 ipsos
1152 4417 1241 4474 etiem
1258 4414 1420 4490 baptizatos
1445 4415 1481 4472 ab
1505 4415 1547 4472 eis
1571 4413 1628 4473 nisi
1654 4431 1706 4490 per
1732 4431 1839 4476 manus

120 4505 362 4582 impositionem,
378 4512 465 4581 atque
480 4508 692 4565 invocationem
708 4507 836 4581 Spiritus
857 4507 960 4576 sancti,
978 4506 1089 4564 uellent
1102 4507 1261 4580 suscipere.

155 4595 226 4652 llac
239 4593 277 4651 de
292 4611 323 4652 ra
337 4593 521 4668 disputatum
538 4599 583 4653 est
598 4593 757 4669 aliquando
777 4593 994 4652 Luciferianum
1015 4595 1194 4669 internique
1218 4593 1429 4663 Orthodonum,
1454 4593 1506 4652 sed
1525 4593 1676 4660 conviciis,
1698 4599 1732 4651 ut
1750 4595 1840 4652 ferme

118 4681 280 4750 nsuwnit,
297 4683 393 4758 magn
408 4700 502 4757 quam
514 4683 696 4758 argumentis
712 4687 833 4758 uterque
847 4682 1015 4753 altercatus,
1032 4683 1231 4742 adversarium
1259 4683 1384 4756 fregerat
1408 4681 1505 4756 potius
1527 4698 1617 4755 quam
1640 4687 1839 4756 superaverat.

118 4773 306 4830 condictum
321 4777 367 4830 est
382 4772 492 4846 itaque,
506 4777 539 4830 ut
557 4772 650 4832 altera
664 4772 712 4829 die
726 4773 926 4840 convenirent,
940 4773 1036 4845 iisque
1050 4771 1312 4839 contendendibus,
1329 4789 1461 4846 quapra
1476 4788 1529 4828 sua
1544 4772 1670 4846 quisque
1691 4787 1781 4828 causa
1795 4773 1841 4828 dt-

116 4865 219 4930 caaet,
232 4875 251 4916 a
264 4859 389 4918 uetanis
403 4867 524 4936 excepta
534 4867 615 4919 suut.
631 4865 728 4934 Atque
741 4861 771 4918 iu
786 4859 841 4918 hoc
856 4861 974 4934 quidem
989 4860 1064 4917 libro
1075 4877 1126 4934 per
1136 4860 1290 4934 Dialogum
1304 4859 1357 4916 ebs
1370 4860 1544 4934 Hieronymo
1554 4857 1838 4932 exponuntur,quesi

117 4949 158 5006 ab
176 4949 389 5007 altercantium
401 4965 451 5008 ora
466 4951 710 5025 proticiscentem
722 4951 772 5006 aad
789 4949 862 5006 nihil
877 4950 1001 5007 dubium
1017 4955 1063 5007 est
1077 4967 1094 5007 a
1109 4951 1138 5006 S.
1164 4949 1286 5007 Docture
1302 4949 1433 5006 studiose
1458 4951 1624 5006 contextum
1654 4963 1728 5022 opus
1752 4951 1840 5024 atque

115 5037 294 5116 expolitum
309 5037 401 5098 fnisse
421 5041 458 5097 ad
478 5039 627 5099 catholiea
650 5039 781 5097 veritatis
804 5039 945 5097 tuendum
971 5041 1071 5097 fldem.
1097 5040 1170 5096 Nom
1200 5043 1229 5096 et
1256 5042 1339 5112 gesta
1352 5035 1546 5094 Ariminensis
1569 5034 1684 5094 concilii
1700 5053 1839 5112 magnam

116 5133 246 5204 partem
266 5128 506 5204 adductumque
526 5131 591 5202 ejus
615 5128 748 5196 historia,
764 5129 999 5202 Arianorumquc
1023 5130 1052 5184 in
1069 5145 1102 5185 eu
1118 5127 1232 5185 artibus
1271 5125 1390 5183 nedelis
1420 5122 1561 5197 loquitur,
1583 5124 1840 5201 eoqueinprimia

115 5216 211 5291 quod
222 5219 296 5274 usiae
308 5217 486 5274 vocabulum
501 5219 537 5275 ad
553 5217 736 5276 sarciendam
752 5231 853 5290 pacem
869 5216 950 5289 rejici
970 5219 1006 5275 eb
1022 5216 1191 5275 orthodoxis
1215 5212 1343 5271 haretici
1365 5212 1565 5280 obtinuerunt,
1591 5215 1710 5288 quando
1730 5214 1760 5272 in
1785 5228 1839 5273 ea·

116 5305 204 5364 teria
221 5319 254 5362 se
270 5305 414 5380 fingerent
429 5309 614 5378 consentire3
630 5307 680 5364 sed
697 5309 854 5380 postquem
871 5305 1024 5380 episcopos
1048 5305 1159 5364 nefaria
1173 5300 1389 5376 subscriptione
1411 5300 1461 5358 ille
1483 5301 1681 5372 devinxerant,
1706 5303 1839 5364 fraudem

116 5395 311 5470 aperuerint,
329 5399 358 5452 at
373 5413 426 5470 pro
440 5413 473 5455 ee
486 5398 638 5456 victoriam
653 5395 851 5453 inclamarint.
872 5397 909 5454 lte
937 5396 1081 5470 baptismo
1104 5396 1192 5452 etiem
1214 5391 1417 5450 hereticorum
1442 5391 1556 5464 copiose
1575 5383 1704 5462 disserit,
1718 5397 1839 5468 tamque

115 5486 159 5542 ad
176 5487 297 5542 rectum
313 5490 612 5554 autumationum
627 5484 749 5542 minime
764 5484 883 5558 pmbam
900 5485 1079 5561 opinionem,
1093 5483 1145 5558 qui
1159 5483 1262 5541 dicunt
1276 5480 1411 5555 quedam
1426 5479 1457 5538 in
1470 5481 1525 5539 boc
1539 5481 1614 5540 libro
1634 5491 1723 5557 super
1747 5481 1839 5540 bore·

116 5577 258 5636 aarum
275 5573 424 5652 baptismo
438 5575 469 5636 S.
485 5576 602 5638 finctori
618 5573 771 5650 excidisse,
786 5589 851 5654 que
865 5575 1050 5654 inganiosspcr
1062 5575 1178 5634 etatem
1192 5570 1289 5648 magis
1303 5569 1425 5632 subacto
1438 5571 1628 5648 postmodum
1651 5569 1837 5638 remeaverit·
