4054 6168
141 367 223 456 aas
513 459 517 470 q
641 375 953 450 coniunctium
975 383 1016 450 ui
1035 381 1340 457 nocuasiisrnn.
1761 357 1845 459 iios

140 511 962 592 malum.iiPraeceptadatuite,ettuonvultnosollen·
980 524 1169 590 Asomnium
1212 525 1490 598 conprehendimus,
1529 527 1607 602 qued
1647 529 1746 588 tenere
1787 543 1841 588 naa

140 612 212 673 dere
225 615 329 670 euntes
339 612 709 675 adilocleaiamllcuenim
720 616 835 688 ingredi
846 616 967 672 domuin
1022 615 1213 674 estimamus.
1229 617 1361 690 dumque
1375 616 1461 690 plura
1473 621 1519 688 (ut
1532 619 1628 676 virum
1643 619 1728 678 nobis
1743 619 1842 690 luerit)

140 699 206 770 Dei,
222 701 273 758 sed
290 701 353 758 sine
368 703 528 760 offensione
550 704 674 778 ingredi,
700 703 796 761 laudis
819 708 872 762 est.
893 709 927 762 ui
942 706 967 762 si
1022 705 1194 770 dixerimus,
1227 705 1317 762 finoni
1332 706 1544 778 disputationis
1557 707 1843 768 nostreeasestulti·

140 789 365 851 esaatomuium
387 791 437 862 qui
463 796 533 848 sunt
556 793 587 848 in
611 790 738 849 Ecclesia
762 793 812 850 bei
829 801 850 859 ¹,
867 793 968 851 audire
1022 796 1103 852 tiam.
1120 795 1161 850 liii
1175 793 1360 866 multiloquio
1375 794 1454 851 enini
1469 811 1524 852 nos
1551 812 1610 853 non
1633 793 1759 869 ellugera
1773 811 1843 869 pec-

141 894 320 948 sermouem,
336 895 488 952 nunquam
514 880 687 950 addidisset,
711 883 917 954 appropinqua,
937 886 969 938 at
1022 888 1131 941 catum.

142 968 244 1029 cadim
269 967 366 1038 (deod.
389 984 467 1039 xxiv,
491 975 507 1042 2
530 973 556 1025 ct
578 971 675 1042 sopp).
701 969 831 1041 Denique
854 970 968 1043 Moyses
1060 973 1160 1028 «Cum
1176 976 1275 1029 votum
1290 972 1491 1042 lecerisDeol,
1518 991 1554 1030 ne
1579 974 1703 1031 moreris
1723 975 1845 1032 reddere

141 1054 223 1128 aolus
238 1071 329 1128 prope
344 1057 499 1114 accedebat
509 1057 546 1113 ad
557 1057 736 1114 audiendum
749 1062 859 1114 Deum:
874 1059 968 1115 catari
1021 1061 1104 1128 illud,
1120 1061 1191 1134 qnia
1204 1078 1262 1118 non
1278 1066 1324 1118 est
1338 1061 1475 1118 voluntas
1490 1061 1519 1118 in
1532 1063 1752 1136 insipientibus.
1764 1064 1845 1128 Qum·

142 1144 281 1202 accudere
296 1159 355 1199 non
369 1142 516 1200 valebant.
532 1145 613 1210 Quod
636 1143 719 1202 stulti
741 1147 904 1203 nescientes
923 1163 967 1202 re·
1021 1167 1137 1223 cunque
1160 1150 1301 1218 ravenel,
1326 1151 1424 1207 redde.
1449 1150 1553 1208 Melius
1580 1155 1625 1208 eet
1648 1167 1706 1208 nau
1730 1167 1844 1220 vovere,

141 1231 796 1306 mediumessepeacati,estimautoblaticne
811 1250 967 1292 munerum
1022 1255 1110 1312 quani
1129 1255 1231 1295 vovere
1256 1243 1284 1296 et
1307 1256 1365 1296 non
1394 1239 1523 1296 reddere.
1541 1261 1556 1290 a
1581 1239 1710 1313 Simplex
1735 1239 1843 1296 intelli·

141 1321 202 1378 Deo
217 1319 386 1378 satisfacere
401 1336 432 1376 se
447 1337 544 1394 posse,
568 1326 598 1378 et
618 1322 756 1394 ignorant
776 1322 832 1380 boo
851 1339 968 1395 quoque
1021 1328 1121 1401 gentio
1133 1327 1372 1401 interpretatione
1387 1345 1445 1384 non
1460 1327 1582 1402 indiget.
1598 1327 1704 1386 Melius
1718 1331 1763 1385 est
1783 1343 1842 1384 non

142 1408 257 1468 malurn
272 1413 432 1481 cessatque
443 1413 604 1482 peccatum,
616 1427 675 1466 non
686 1409 851 1468 obedientia
861 1416 889 1468 et
900 1428 967 1483 ope·
1021 1417 1201 1490 promittere,
1217 1433 1307 1489 quain
1320 1417 1465 1489 promissa
1483 1433 1542 1473 non
1566 1417 1670 1485 facere,
1696 1415 1767 1489 quia
1781 1416 1842 1473 dis-

142 1498 228 1556 ribus
242 1497 339 1568 bonis,
356 1498 407 1554 sed
423 1498 508 1555 donis
523 1502 552 1554 et
566 1497 693 1556 victimis
708 1501 863 1556 emendare
883 1499 967 1567 velle,
1022 1504 1149 1578 plioeaat
1162 1509 1230 1570 Deo,
1246 1507 1275 1559 at
1289 1506 1365 1560 inter
1376 1504 1549 1576 insipientes
1559 1508 1775 1577 computentur,
1792 1504 1844 1576 qui

145 1587 225 1659 quod
239 1586 369 1644 iecerint.
386 1587 458 1644 lluic
473 1587 610 1660 congruit
622 1587 695 1644 illud
708 1589 786 1660 quod
811 1588 880 1644 alibi
895 1588 967 1645 dici·
1021 1597 1088 1648 vota
1102 1608 1160 1648 non
1176 1591 1319 1663 expleant.
1336 1593 1418 1657 Quod
1434 1597 1531 1648 autam
1542 1593 1602 1648 ait:
1618 1595 1678 1650 Non
1691 1600 1732 1650 cal
1745 1593 1843 1650 coma-

147 1679 214 1732 tur:
231 1674 420 1732 obedientiam
434 1691 518 1748 saper
532 1677 702 1747 sacrificam
717 1679 741 1746 (l
764 1678 827 1748 llcp.
849 1693 894 1744 ar,
909 1677 966 1748 21).
1021 1685 1063 1738 tas
1078 1683 1111 1737 ta
1138 1681 1342 1754 imipi'eatibus,
1373 1681 1561 1756 subauditur,
1575 1682 1634 1752 Dei,
1659 1682 1746 1752 juxta
1768 1680 1843 1736 illud

145 1763 966 1838 Et:Aismcrdiamvcio,ctcoasacnffliumloaeevid).
1021 1768 1152 1841 Apostoli
1167 1770 1190 1842 (l
1205 1769 1265 1826 dar.
1294 1787 1352 1836 xvi,
1367 1769 1403 1824 22
1418 1770 1447 1840 );
1476 1771 1509 1825 Et
1535 1771 1698 1842 atiqaeaoa
1724 1770 1844 1840 {littae-

181 1853 263 1926 (Cap.
278 1851 325 1925 V).
342 1874 357 1906 a
373 1852 438 1909 Noli
454 1852 592 1910 festinare
606 1854 636 1909 ia
652 1871 701 1912 ore
712 1860 774 1922 tuo,
784 1857 813 1910 et
823 1858 968 1912 cortuum
1024 1859 1124 1930 tantas,
1140 1867 1171 1914 at
1184 1873 1259 1914 nunc
1273 1859 1395 1915 academ
1409 1857 1444 1914 ad
1458 1873 1515 1914 uos.
1532 1857 1614 1922 Quod
1631 1858 1656 1914 ai
1666 1857 1804 1914 volumus
1816 1859 1847 1913 et

141 1959 203 2000 non
217 1939 380 1999 festinetad
395 1941 734 2014 proferendumverbum
744 1944 756 1980 ¹
766 1943 797 1999 in
807 1946 967 2014 conspectu
1022 1947 1169 2004 curiosius
1184 1945 1295 2019 aliquid
1308 1947 1414 2014 dicere,
1430 1947 1598 2020 precipitur
1611 1946 1789 2016 Christiano,
1811 1948 1847 2002 ut

140 2030 205 2102 Dei,
222 2030 293 2104 quia
307 2034 384 2087 Deus
397 2030 427 2086 iu
443 2029 527 2100 cralo,
540 2035 569 2086 et
592 2035 625 2087 tu
650 2048 740 2104 super
762 2036 882 2089 terram.
899 2032 967 2087 Pro·
1021 2036 1110 2093 fidem
1124 2051 1211 2108 opere
1224 2035 1379 2108 compleat,
1396 2040 1424 2092 et
1438 2051 1496 2092 noa
1507 2037 1547 2092 sit
1556 2033 1664 2092 similia
1674 2035 1844 2092 iudeorum

141 2123 209 2193 pter
223 2118 279 2175 hoa
294 2119 355 2174 sint
367 2118 625 2191 verbatuapauaa,
637 2121 809 2192 quiaveniet
819 2120 967 2178 somnium
1022 2125 1072 2196 qui
1086 2125 1265 2196 spondentes
1278 2129 1366 2197 atque
1381 2123 1529 2180 dicentes:
1559 2124 1658 2180 Omnia
1676 2137 1846 2194 pannusque

142 2210 175 2268 in
191 2207 383 2264 multitudine
398 2206 616 2274 sollicitudinis,
631 2213 660 2266 et
674 2225 728 2265 vox
751 2208 917 2281 insipientis
937 2207 967 2264 iri
1021 2213 1154 2268 Dominae
1175 2213 1311 2284 precepit
1330 2213 1464 2284 [anunm
1488 2210 1584 2284 (licoat,
1609 2227 1684 2282 xxiv,
1709 2211 1747 2282 3),
1773 2212 1844 2266 ado·

142 2295 389 2370 multiplicatione
404 2311 586 2366 sermonum.
603 2317 618 2346 i
633 2295 767 2369 Plerique
788 2297 969 2354 arbitrantur
1022 2303 1160 2359 recerunt
1173 2298 1260 2356 idola.
1278 2303 1312 2355 st
1325 2302 1391 2371 post
1404 2300 1603 2356 verberatores
1615 2314 1724 2365 servos,
1736 2295 1845 2370 stlapi·

142 2386 202 2446 boc
217 2385 247 2440 in
263 2384 401 2458 presenti
416 2383 622 2456 locopracipi,
638 2401 786 2442 neaeram
810 2385 867 2442 Deo
882 2383 968 2442 laoile
1022 2389 1109 2452 dibus
1136 2404 1303 2462 oppressos,
1332 2387 1490 2444 novissime
1518 2387 1617 2459 ipsum
1647 2400 1769 2459 quoque
1792 2401 1844 2459 pa·

141 2473 255 2546 aliquid
272 2472 491 2547 promittamus,
506 2481 536 2530 et
548 2476 612 2531 sine
635 2473 869 2532 consideratione
889 2475 965 2533 m
1021 2476 1213 2534 tristamilias
1228 2476 1321 2532 filium
1341 2475 1571 2532 trucidaverunt.
1596 2473 1755 2532 Meliusest
1768 2489 1838 2548 ergo

141 2561 252 2628 virium
267 2577 423 2620 voveamus
449 2579 484 2618 ea
498 2579 561 2635 qua
586 2561 701 2635 explere
725 2579 784 2620 non
797 2577 966 2636 possumus.
1022 2565 1180 2638 ancipitem
1196 2564 1246 2621 diu
1263 2563 1369 2620 librare
1383 2564 1558 2621 sententiam
1570 2565 1692 2637 ⁵,quam
1702 2563 1733 2620 iii
1743 2560 1844 2620 verbis

140 2652 254 2710 Adesse
277 2649 387 2723 quippe
414 2656 586 2723 presentem
610 2657 703 2707 Deum
718 2655 756 2708 'et
779 2650 847 2708 licet
869 2650 917 2707 ille
932 2651 967 2718 ‚in
1022 2653 1138 2712 facilem
1152 2654 1183 2710 in
1197 2653 1275 2711 ›128
1290 2669 1376 2726 opere
1391 2669 1456 2710 esse
1470 2651 1630 2709 difficilem.
1646 2651 1844 2710 Servuseiiim

142 2741 228 2808 cralo,
244 2755 298 2798 nas
313 2755 378 2796 esse
390 2739 542 2797 videamur
565 2739 595 2796 in
619 2745 714 2798 tarra:
741 2744 839 2798 tamen
855 2739 966 2808 audire,
1023 2744 1074 2816 qui
1089 2743 1146 2800 scit
1161 2742 1340 2800 voluntatem
1356 2741 1472 2798 Domini
1487 2742 1545 2813 sul,
1561 2739 1844 2811 etnoniaciateani‚

145 2827 387 2902 qua‘loquimun
403 2831 432 2884 et
453 2827 653 2901 insipientiam
672 2831 804 2884 nostram
830 2829 913 2902 argui
934 2845 968 2884 aa
1021 2831 1171 2905 vapulabit
1185 2831 1306 2888 multia⁶
1322 2832 1397 2904 (Lac.
1412 2847 1465 2901 xii,
1479 2831 1536 2904 t7).

142 2916 390 2990 multiplicatione
404 2933 585 2974 sermonum.
601 2916 656 2973 Alii
671 2934 738 2974 vero
754 2916 860 2974 melius
882 2916 968 2974 intel·
1059 2941 1073 2972 «
1085 2921 1148 2977 Noa
1164 2920 1215 2977 des
1230 2936 1263 2976 os
1277 2923 1373 2988 tuum,
1398 2923 1432 2976 ut
1456 2935 1577 2992 peccare
1598 2919 1711 2980 latitas⁷
1726 2930 1844 2974 caruem

140 3007 280 3082 ligantes,
290 3004 347 3062 hoc
360 3005 477 3078 pracipi
493 3005 653 3076 affirmant,
669 3022 706 3062 ne
732 3009 783 3062 aut
802 3005 966 3078 loquentes,
1021 3013 1113 3064 tuam.
1128 3010 1163 3064 ut
1179 3025 1215 3066 ue
1231 3008 1337 3064 dixeris
1351 3007 1382 3064 in
1395 3011 1552 3080 conspectu
1567 3005 1673 3081 angeli,
1685 3004 1845 3078 quiaigno·

140 3099 197 3154 aut
210 3094 373 3169 cogitantes
389 3092 456 3164 plus
470 3094 506 3152 dc
520 3093 579 3150 Deo
603 3110 692 3166 quani
716 3109 886 3168 possumus,
906 3093 967 3165 opi·
1021 3097 1117 3154 rantia
1130 3101 1191 3165 est;
1209 3113 1243 3154 ae
1257 3096 1402 3153 irascatur
1414 3100 1491 3152 Deus
1517 3109 1605 3167 super
1628 3109 1729 3150 vocem
1749 3096 1843 3161 tuam,

141 3184 334 3252 nemur3aed
342 3181 472 3239 sciamus
483 3180 713 3240 imbecillitatem
723 3185 864 3250 nostram,
878 3183 966 3254 quod,
1021 3191 1052 3242 et
1064 3185 1214 3259 disperdat
1235 3200 1323 3258 opera
1343 3199 1486 3241 manuum
1509 3197 1639 3240 tuarum.
1667 3205 1681 3232 i
1705 3181 1845 3238 Hebraeus

141 3276 292 3347 quantum
307 3271 400 3328 distat
414 3271 520 3328 coelum
535 3289 553 3327 a
568 3275 655 3340 terra,
665 3275 781 3328 tautum
794 3272 967 3344 nostraopi·
982 3257 1005 3325 G
1022 3275 1063 3333 ita
1077 3275 1188 3332 sensit:
1203 3274 1285 3339 Quod
1300 3290 1359 3330 non
1385 3276 1468 3346 potos
1491 3273 1595 3343 lacere,
1620 3287 1657 3327 na
1677 3269 1843 3342 promittas.

142 3363 227 3422 natio
254 3379 273 3418 a
295 3365 400 3418 natura
426 3361 507 3418 illius
529 3365 707 3433 separatur:
733 3365 762 3418 et
785 3360 893 3417 idcirco
918 3361 967 3416 de·
1022 3363 1086 3422 Non
1100 3363 1179 3420 anim
1194 3362 1226 3418 in
1240 3366 1361 3419 ventum
1378 3361 1456 3418 dicta
1476 3363 1640 3431 transeunt,
1666 3359 1718 3418 sed
1738 3373 1844 3431 aprae-

141 3454 218 3510 bera
240 3451 329 3508 verba
357 3455 459 3506 nostra
487 3465 552 3508 esse
581 3450 740 3507 moderata.
771 3450 854 3506 Sicut
890 3449 969 3506 enim
1023 3452 1099 3508 senti
1115 3450 1229 3524 angelo,
1246 3451 1296 3522 qui
1318 3450 1477 3523 unicuique
1503 3449 1631 3506 adheret
1653 3457 1763 3516 comes,
1784 3451 1844 3504 sta·

143 3540 200 3614 qui
234 3539 265 3594 in
291 3537 393 3594 multis
419 3537 647 3612 cogitationibus
683 3543 737 3604 cst,
780 3554 814 3594 aa
842 3537 971 3593 somniat
1022 3539 1077 3596 tim
1092 3540 1280 3612 perferuntur
1303 3538 1339 3594 ad
1368 3537 1538 3594 Dominum.
1567 3539 1603 3593 ut
1629 3540 1661 3592 tu
1691 3536 1742 3607 qui
1757 3537 1845 3607 putas

145 3631 326 3700 frequenter,
355 3627 390 3683 de
418 3627 527 3699 quibus
569 3627 696 3699 cogitat:
727 3627 769 3682 ita
806 3625 857 3698 qui
886 3630 972 3697 plura
1024 3629 1160 3700 ignorare
1173 3627 1277 3696 Deum,
1295 3625 1372 3697 quod
1387 3625 1538 3698 pollicitus
1557 3640 1598 3692 es,
1624 3637 1846 3696 provocascuui

147 3715 322 3774 volueritde
335 3714 488 3780 divinitate
511 3713 664 3782 disserere,
691 3713 795 3771 incidit
817 3714 848 3770 iii
873 3712 971 3770 stulti·
1025 3716 1062 3772 ad
1078 3715 1272 3781 iracundiam,
1294 3718 1326 3770 ut
1351 3713 1451 3770 omnia
1473 3715 1633 3785 operatua
1655 3709 1846 3782 dissipantur.

148 3806 235 3862 tiam.
251 3803 299 3862 Vel
314 3809 392 3862 certe
403 3804 461 3860 sic:
479 3805 575 3861 Verba
589 3809 688 3860 nostra
703 3820 797 3876 pauca
820 3803 886 3860 ideo
908 3818 973 3859 asse
1026 3804 1083 3861 Sed
1098 3805 1128 3860 in
1143 3819 1176 3859 ec
1192 3802 1270 3875 quod
1285 3801 1345 3857 ait:
1362 3802 1394 3858 Ut
1421 3815 1477 3856 tum
1497 3813 1610 3872 peccare
1635 3799 1723 3871 socios
1737 3812 1850 3854 comem

146 3894 265 3964 debere,
281 3895 360 3966 qaod
375 3893 464 3950 etiam
479 3909 513 3950 ea
528 3909 691 3965 quanossa
707 3909 761 3949 nos
784 3892 973 3958 arbitramur,
1027 3897 1114 3961 taam,
1140 3907 1197 3949 aaa
1232 3889 1388 3963 diligenter
1425 3887 1598 3957 eventilans,
1626 3887 1667 3944 ita
1695 3884 1849 3952 intellexit,

145 3999 202 4058 per
216 3981 368 4055 speculum
396 3980 531 4038 videmus
558 3985 588 4038 et
610 3982 640 4038 in
665 3980 830 4055 aenigmate,
855 3978 975 4036 etvelut
1028 3980 1114 4054 quasi
1129 3978 1260 4047 dixisset,
1275 3979 1338 4034 Non
1352 3977 1403 4034 des
1418 3993 1451 4033 oa
1464 3980 1561 4046 tuum,
1577 3978 1610 4031 ut
1633 3991 1692 4032 nou
1715 3973 1850 4047 pocoesl.

146 4122 788 4192 contextumsubvertuntvetereseditiones,
801 4121 976 4178 ubicontra·
1067 4123 1078 4155 ⁸
1101 4123 1161 4177 Noa
1183 4119 1230 4175 des
1250 4134 1279 4176 os
1300 4123 1377 4174 taam
1399 4125 1430 4172 at
1452 4131 1507 4172 noa
1524 4131 1627 4188 pecces.
1651 4115 1703 4172 llic
1726 4115 1806 4172 locus
1820 4129 1855 4194 ex

146 4197 195 4254 rio
211 4211 302 4252 seusu
317 4194 444 4268 legimus
469 4195 666 4268 Scpcidonam
688 4197 763 4251 enim
781 4194 975 4267 insipientiam
1034 4192 1167 4250 absentia
1181 4188 1330 4263 particula
1345 4189 1480 4261 negantis
1495 4203 1553 4244 non
1560 4191 1664 4314 (potest
1686 4183 1855 4312 intelligia

146 4267 325 4394 'mpimm
337 4268 437 4322 taam:
452 4268 528 4339 qaia,
542 4270 597 4322 etc.
614 4267 758 4322 Minniin.
1034 4269 1119 4321 antea
1134 4261 1334 4320 aditialibria:
1351 4275 1446 4331 neque
1468 4274 1537 4316 vero
1581 4274 1656 4315 icere
1678 4259 1774 4340 potuit
1813 4268 1855 4312 ie·

190 4339 199 4374 ¹
242 4353 345 4394 ursum
360 4337 438 4393 idam
455 4353 540 4405 mss,
556 4337 979 4464 EtaiessetomiiicmogJeasic,
1034 4353 1098 4393 ron.
1114 4335 1268 4390 Hebroeum
1285 4347 1373 4389 suuni
1388 4333 1594 4404 praeceptorem
1623 4345 1681 4385 non
1701 4325 1858 4410 diligenter

148 4410 328 4484 quitantia
349 4409 481 4480 Ecclesia,
506 4412 560 4464 eto.
588 4410 680 4465 Penes
703 4408 844 4475 Alouia..,
888 4410 980 4464 icaset
1035 4404 1207 4464 eventilassa
1226 4404 1304 4476 quod
1321 4402 1438 4469 dicitur,
1453 4401 1478 4457 si
1494 4400 1535 4456 ita
1548 4399 1691 4456 intellexit
1704 4413 1788 4472 quasi
1803 4397 1856 4453 lio·

149 4479 570 4552 memoriaemartino,
585 4482 610 4535 et
625 4479 725 4536 divina
740 4479 882 4551 mysteria,
907 4495 980 4534 aaa·
1036 4478 1187 4535 alesiastes
1202 4475 1341 4532 dixisset:
1358 4477 1420 4530 Noa
1433 4471 1480 4528 des
1495 4487 1523 4527 aa
1537 4475 1615 4528 taam
1630 4473 1660 4526 ct
1671 4484 1773 4542 pecces.
1782 4467 1856 4524 Nam

149 4569 248 4628 quam,
265 4555 319 4608 eto.
1037 4551 1233 4615 idemest,1it
1257 4561 1351 4620 pecces
1379 4561 1412 4600 ac
1438 4551 1470 4599 at
1481 4557 1612 4669 ¹peccare
1639 4543 1726 4613 iacias
1747 4553 1859 4598 comem

187 4624 201 4660 ¹
214 4622 345 4680 Resdtuo
359 4637 394 4678 ex
409 4621 502 4690 Vatia,
520 4625 550 4678 et
560 4621 682 4678 Palatia.
699 4621 799 4692 altero,
825 4622 860 4677 cd
881 4636 933 4694 pro
944 4637 980 4704 e·
995 4621 1018 4686 Ι)
1034 4629 1119 4678 taam.
1137 4623 1170 4674 ln
1186 4635 1219 4675 eo
1233 4619 1323 4691 igitur
1335 4614 1443 4672 minori
1459 4614 1487 4670 di
1502 4617 1611 4687 igentia
1634 4615 1800 4672 contextum
1810 4624 1857 4666 aa·

150 4694 446 4776 reudumsermoaem,
462 4693 906 4765 etc.,quemadmodumetipse
943 4708 982 4747 ia-
1037 4688 1456 4758 orumeventilavitHebraus,
1487 4684 1564 4758 quod
1592 4682 1740 4757 putaverit
1767 4679 1858 4754 parti·

149 4764 341 4839 rouymuain
357 4781 412 4820 sua
435 4763 676 4835 interpretatione
698 4763 784 4819 vertit
807 4779 842 4820 ex
861 4765 981 4819 Hebrao
1037 4777 1134 4836 culm„
1150 4778 1314 4851 negativam
1344 4759 1437 4844 3510,
1467 4773 1497 4830 ,d
1525 4777 1580 4838 est,
1609 4789 1675 4840 mm,
1691 4781 1860 4844 „pressam

150 4838 270 4916 aiunt.
296 4852 483 4910 Martianaus
506 4867 573 4910 vero
596 4852 632 4909 ad
656 4852 863 4925 perferendam,
888 4855 921 4908 ut
939 4851 981 4907 vi·
1037 4867 1110 4920 esse,
1143 4848 1186 4904 vel
1214 4845 1494 4920 subintelligendam
1522 4843 1552 4900 iii
1569 4843 1635 4926 boo·
1652 4842 1725 4909 loeo,
1755 4843 1861 4921 utunoii

152 4927 245 4984 detur
257 4939 292 4981 ex
305 4927 403 4980 Gracc
417 4921 465 4977 aab
480 4923 617 4998 ἐξενέγκαι
627 4922 748 4997 legerat.
1035 4936 1135 4994 parces.
1152 4921 1218 4984 Qua
1234 4919 1318 4976 lectio
1332 4917 1442 4990 optirne
1451 4914 1613 4998 respondet
1627 4917 1703 4970 inter
1724 4912 1860 4994 retatioui

191 4995 397 5053 ’tunicatam
415 4997 512 5067 [ecana
526 4999 592 5053 Deo.
620 4995 652 5051 ln
682 4993 779 5064 editis,
799 5011 860 5050 crim
890 4997 984 5050 votam
1038 4991 1182 5065 superiori
1198 4991 1329 5061 ejusdam
1345 4988 1458 5045 Hebron
1483 4985 1617 5051 dicentis,
1635 4985 1660 5068 Ι0
1742 4994 1862 5054 coapo-

149 5068 272 5126 noverti.
288 5067 344 5124 Sed
360 5083 464 5139 parum
480 5067 614 5134 interest,
631 5081 684 5122 nea
699 5070 743 5121 est
765 5063 825 5121 ulla
848 5065 877 5120 in
893 5081 984 5122 sensu
1038 5067 1077 5120 tea
1091 5064 1190 5134 facere,
1215 5078 1250 5118 aa
1274 5063 1428 5133 promittas.
1449 5059 1510 5112 Hoc
1532 5059 1577 5112 est
1596 5070 1674 5136 enim
1699 5051 1806 5120 dicere,
1820 5049 1862 5108 Na

152 5138 295 5198 mutatio.
312 5135 458 5194 Maurius.
1040 5135 1092 5191 dee
1108 5149 1140 5190 os
1155 5137 1239 5189 tuum
1255 5133 1289 5188 ad
1306 5129 1571 5206 promicantemare
1581 5123 1770 5194 facienda,ut
1784 5121 1866 5194 quod

193 5208 402 5265 ‘Martianeus
418 5213 505 5335 algua
521 5207 571 5264 alii
587 5206 667 5274 editi,
684 5211 777 5263 votum
791 5209 876 5264 vocis.
1041 5221 1099 5262 nou
1116 5207 1197 5277 potes
1208 5202 1377 5286 promittas,
1401 5203 1490 5282 atque
1514 5211 1615 5269 pecces
1640 5211 1697 5252 non
1712 5191 1864 5278 implendo

195 5281 375 5352 'Ancipitcm
388 5279 438 5336 dia
464 5279 568 5347 ibrare,
583 5283 637 5335 eta.
654 5279 747 5334 Antea
761 5278 923 5352 legebatur,
935 5294 985 5334 aa·
1041 5292 1105 5349 que
1120 5280 1293 5348 promisisti.
1311 5279 1454 5352 Legamus
1468 5274 1569 5341 itaque
1584 5283 1650 5323 auin
1663 5281 1735 5324 mss.
1757 5264 1864 5347 codici3

151 5353 271 5426 apuam
285 5353 335 5409 aia
349 5351 501 5408 deliberare
513 5352 690 5407 sententiam.
706 5354 850 5406 uinaria.
1041 5349 1108 5413 bus,
1125 5350 1153 5401 ut
1168 5361 1223 5402 aaa
1238 5361 1349 5415 peccem
1365 5357 1436 5414 quia
1451 5338 1506 5395 hoc
1522 5338 1608 5394 niodo
1623 5353 1730 5396 seusus
1753 5333 1865 5394 liebraei

194 5425 311 5480 'Unus
332 5422 425 5480 Vatia.
459 5425 492 5479 Et
525 5438 581 5480 icoc
613 5421 688 5494 fecit,
725 5421 867 5494 vapulabit
894 5421 988 5493 plagia
1042 5417 1318 5489 liquidusapparot.
1335 5417 1476 5493 Mincius.

152 5495 266 5552 mullis.
1079 5519 1113 5529 -
1141 5487 1287 5542 llactenns
1307 5488 1454 5542 contrario
1478 5479 1664 5552 absurdoque
1688 5493 1777 5536 sensu
1797 5475 1864 5534 aba·

185 5567 206 5646 ,⁷
230 5565 294 5622 Duo
320 5563 445 5650 lJalatiui
470 5570 499 5621 et
528 5563 674 5632 Vatican,
702 5565 734 5621 Ut
753 5579 866 5649 peccaro
891 5565 986 5636 saciat,
1043 5574 1101 5686 δυο
1117 5559 1241 5632 negandi
1266 5555 1410 5640 particula
1431 5549 1568 5617 obtinuit,
1592 5553 1623 5605 at
1644 5547 1862 5630 peccaresacica

159 5636 211 5694 bic
224 5640 315 5708 atque
326 5635 420 5695 inira:
437 5641 467 5694 et
481 5634 569 5710 paulo
585 5639 661 5706 port,
676 5635 710 5690 Et
732 5651 766 5692 oe
793 5638 915 5708 daiapet,
937 5650 988 5707 pro
1066 5633 1163 5686 enatat
1192 5645 1258 5685 vero
1279 5645 1307 5685 in
1337 5627 1392 5684 boc
1406 5627 1487 5681 textu
1511 5621 1668 5706 'Hebraeum
1682 5619 1864 5702 'Hieronymi

157 5711 191 5770 ct
206 5707 356 5784 disperdat.
916 5735 920 5742 ·
1044 5703 1251 5776 preceptorem
1266 5715 1336 5772 scir,
1342 5699 1438 5773 ipsam
1444 5691 1865 5770 particulamdtttoeitercccu·
