4054 6168
105 267 186 342 itm
407 297 410 302 ·
612 270 927 340 COMMENTARIUS
948 271 988 340 IN
1008 270 1309 343 ucuteslas'rult.
1731 267 1812 344 tort

104 409 293 486 sapientiam,
309 409 339 467 et
362 411 395 466 ut
416 405 578 467 obtinerem
598 408 629 466 in
654 410 822 479 stultitiam,
838 411 931 470 donee
944 413 971 478 Α
985 413 1037 469 sed
1052 415 1160 486 quanto
1175 413 1233 470 ieta
1246 414 1426 485 crescebaut,
1439 411 1522 472 tanto
1537 409 1680 490 sapientia
1698 413 1808 475 deeret'.

101 500 235 557 viderem
250 498 321 572 quid
336 503 414 556 esset
435 499 546 556 bonum
563 500 568 533 ¹
587 498 656 557 filiis
671 500 837 567 homiuum,
853 501 931 572 quod
986 501 1808 578 Namiuquamcunquevoluptatemmecupidotraxisset,

100 591 235 648 facerent
251 589 306 646 sub
323 589 384 645 sole
400 606 523 646 numero
552 590 670 646 dierum
686 590 863 647 vitaesuae,n
879 589 933 646 Vo-
987 590 1109 646 infrenis
1138 591 1251 648 serebat·
1279 596 1307 648 et
1335 609 1475 666 pl'aeceps,
1506 593 1582 652 808
1612 594 1811 667 putabamque

102 677 146 736 lui
161 678 255 734 vitam
270 677 387 732 tradere
400 678 411 711 ²
425 678 499 735 807
519 676 644 746 deliciis,
658 682 687 734 et
701 695 819 734 caruem
836 695 931 734 meam
986 679 1064 735 hunc
1079 695 1143 736 essa
1158 681 1285 738 fructum
1301 680 1435 738 laborum
1450 699 1593 753 meorum,
1610 684 1635 740 si
1650 683 1757 756 ipsein
1775 682 1811 740 li·

104 768 144 824 ab
168 765 308 824 omnibus
323 765 402 822 curis
427 764 563 832 liberare,
579 771 608 822 et
632 766 717 838 quasi
731 767 808 834 vino,
825 767 867 823 sic
885 783 933 823 vo·
986 767 1086 825 hidiae
1099 768 1274 844 luxuriaque
1288 787 1486 828 consumerer.
1503 771 1632 828 Tandem
1657 772 1687 828 in
1703 774 1812 830 memet

101 852 346 928 lupteteeopire;
363 854 414 910 sed
437 853 664 927 cogitatiomea,
681 856 931 912 etrationatura·
987 873 1130 927 reversus,
1166 863 1195 914 et
1222 859 1307 932 quasi
1336 861 1372 916 de
1411 860 1491 933 gravi
1519 877 1623 918 somno
1657 859 1809 934 evigilans,

100 944 243 1018 lis,quam
258 943 348 1000 etiam
363 943 565 1017 peccatoribus
580 944 657 1001 Deus
680 949 784 1002 auctor
797 945 930 1014 inseruit,
985 947 1085 1018 aspexi
1100 948 1135 1003 ad
1152 948 1205 1019 [At.
1220 949 1258 1020 et]
1274 966 1380 1006 manus
1395 966 1486 1017 meas,
1500 953 1529 1005 et
1543 965 1631 1022 opera
1645 965 1711 1006 mea
1725 949 1813 1022 plena

101 1037 289 1090 retraxerunt
311 1049 369 1100 me,
385 1036 415 1088 et
436 1033 620 1090 deduxerunt
635 1034 671 1091 ed
686 1035 860 1106 sapientiam
887 1051 931 1090 re·
985 1035 1133 1107 vanitatis,
1149 1035 1237 1110 plena
1252 1037 1395 1106 sordium,
1411 1029 1498 1111 p'lena
1520 1037 1623 1110 spiritu
1641 1038 1747 1095 erroris
1762 1038 1812 1094 iu·

101 1123 281 1195 quirendam
306 1120 525 1193 stultitiamque
552 1121 732 1193 calcandam,
749 1129 782 1178 ut
803 1123 931 1180 viderem
985 1124 1078 1180 tuitus
1088 1142 1165 1181 sum.
1175 1125 1265 1194 Nihil,
1276 1128 1364 1195 enim,
1375 1129 1452 1199 quod
1464 1127 1495 1183 in
1506 1126 1616 1184 mundo
1627 1126 1810 1200 putabatur‘

101 1211 248 1284 quidnam
270 1210 345 1266 illud
372 1215 448 1268 esset
464 1211 637 1284 honi,quod
661 1212 795 1269 homines
814 1212 844 1268 in
867 1213 931 1269 vitae
986 1213 1105 1283 bonum,
1134 1214 1243 1270 honum
1268 1214 1351 1286 potui
1375 1217 1511 1288 reperire.
1535 1216 1684 1288 Reputans
1709 1214 1808 1288 igitur,

100 1317 162 1358 sun
190 1303 316 1373 possunt
354 1315 441 1372 agere
469 1300 624 1357 curriculo.
651 1302 804 1372 Eleganter
832 1305 930 1357 autern
985 1302 1549 1378 queesseutsapientiaebona,etqua
1573 1303 1705 1361 stultitias
1719 1303 1807 1373 male,

98 1388 283 1462 voluptatem
294 1388 429 1445 ebrietati
445 1390 633 1462 comparavit.
645 1390 793 1463 Siquidem
806 1390 931 1447 ebrietas
985 1394 1196 1462 cousequenter
1215 1390 1244 1446 in
1270 1391 1386 1448 laudern
1402 1391 1481 1449 illius
1505 1393 1633 1450 hominia
1648 1391 1742 1466 erupi,
1758 1392 1809 1465 qui

99 1478 206 1535 evertit
219 1477 310 1533 animi
326 1478 464 1548 vigorem,
481 1495 570 1551 quam
583 1479 633 1552 qui
648 1479 777 1553 potuerit
787 1478 931 1553 sapientia
986 1482 1052 1551 post
1066 1478 1136 1534 vitia
1150 1496 1181 1536 se
1196 1480 1357 1549 refrenans,
1372 1480 1513 1537 virtutum
1529 1482 1622 1554 possit
1636 1497 1701 1538 essa
1715 1485 1810 1538 saeta-

102 1571 295 1635 eammutere,
311 1572 340 1622 et
366 1569 410 1638 (ut
425 1567 456 1622 in
471 1567 648 1640 quibusdam
673 1568 823 1625 codidibus
842 1568 930 1625 hahe-
984 1571 1040 1622 ior.
1058 1567 1164 1640 Magna
1179 1567 1287 1640 quippe
1310 1568 1453 1626 distantia
1476 1573 1521 1626 est
1537 1570 1614 1626 iuter
1633 1569 1809 1642 sapientiam

104 1655 168 1727 tur)
182 1655 301 1712 obtinere
325 1657 453 1712 letitiam
477 1656 661 1729 spiritualem
678 1659 708 1727 8;
724 1657 751 1714 is
774 1657 880 1730 poterit
894 1657 931 1714 ad
985 1659 1014 1711 et
1028 1654 1196 1727 stultitiam,
1212 1660 1241 1712 et
1260 1663 1403 1729 quantum
1418 1658 1480 1714 dies
1494 1657 1615 1714 distata
1634 1660 1729 1724 noete,
1744 1659 1810 1712 tan·
1899 1715 1904 1718 ,

102 1744 257 1800 seientiam
281 1743 322 1800 rei
349 1745 437 1801 istius
461 1746 623 1818 pervenire,
644 1747 715 1819 quid
740 1748 770 1803 in
795 1747 849 1803 hac
872 1747 956 1842 vitaB
984 1747 1049 1800 tum
1063 1744 1186 1802 virtutes
1201 1746 1312 1802 avitiis
1326 1751 1511 1820 separantur.
1527 1746 1649 1802 Videtur
1665 1743 1739 1801 mihi
1753 1745 1810 1802 ita·

97 1833 300 1906 appetendum
316 1833 365 1900 sit,
382 1833 452 1908 quid
466 1833 632 1891 vitandum.
986 1850 1052 1905 que,
1076 1833 1127 1906 qui
1152 1833 1327 1907 sapientiam
1354 1835 1499 1908 sequitur,
1524 1835 1624 1893 oculos
1648 1834 1678 1891 in
1703 1833 1809 1895 omium

134 1946 150 1974 u
168 1921 353 1996 Magnificavi
364 1939 453 1996 opera
464 1939 529 1980 mea
544 1942 551 1980 :
566 1924 707 1980 edificavi
718 1924 791 1980 mihi
807 1926 930 1982 domos:
985 1938 1101 1996 semper
1110 1923 1230 1996 erigere,
1241 1923 1308 1980 etin
1324 1924 1504 1992 sublimans
1518 1923 1809 1994 haberesurrectum,

95 2009 232 2084 plantavi
257 2011 329 2068 mihi
345 2011 445 2068 vineas
460 2013 481 2079 ⁴,
500 2033 511 2064 ι
529 2016 557 2068 et
572 2016 675 2069 caetera
690 2029 785 2086 usque
809 2015 846 2070 ad
861 2031 929 2070 eum
985 2028 1087 2084 eaque,
1104 2028 1168 2084 qua
1185 2029 1274 2085 supra
1289 2029 1378 2068 suum
1388 2014 1525 2069 verticem
1541 2016 1620 2082 sunt,
1633 2011 1811 2084 contemple-

93 2099 209 2169 locum,
225 2099 255 2155 in
284 2116 342 2173 quo
364 2099 405 2156 ait
427 2118 434 2169 ;
460 2123 474 2152 u
503 2101 650 2174 Sapientis
679 2101 755 2159 oculi
779 2102 809 2158 in
837 2102 932 2175 eapite
986 2100 1021 2157 ri.
1037 2099 1091 2165 eui
1113 2115 1180 2156 vero
1203 2100 1333 2157 stultitiae
1358 2101 1610 2158 etvitiisdeditus
1636 2085 1810 2166 sit,'versari

93 2190 175 2262 ejus,
192 2197 221 2245 et
241 2188 351 2246 stultus
374 2189 405 2244 in
421 2189 550 2246 enebris
576 2191 717 2247 ambulat.
735 2213 749 2242 a
765 2196 932 2263 Antequam
986 2189 1169 2260 intenebris,
1187 2194 1216 2245 et
1228 2189 1263 2259 in
1288 2205 1385 2246 rerum
1401 2190 1566 2263 ignorantia
1586 2189 1720 2246 volutari.
1735 2190 1810 2260 idap-

93 2277 134 2334 de
163 2276 291 2351 siugulis
324 2277 480 2348 disseram,
510 2279 626 2335 videtur
655 2279 728 2335 mibi
756 2278 827 2336 utile
853 2281 932 2342 brevi
985 2279 1098 2350 nificevi
1112 2294 1265 2350 operamne
1279 2280 1299 2346 ⁹,
1315 2283 1370 2334 eta.
1387 2278 1555 2352 Magnidoat
1576 2294 1663 2350 opera
1677 2293 1741 2346 sua,
1758 2276 1809 2350 qui

94 2370 207 2424 ennete
221 2383 357 2424 sermone
372 2367 632 2440 comprehendere,
649 2373 678 2424 ei
693 2367 778 2440 quasi
793 2369 932 2424 inunum
982 2367 1068 2438 juxta
1082 2366 1241 2439 imaginem
1257 2367 1422 2423 conditoris
1437 2367 1468 2423 in
1490 2383 1619 2440 superna
1633 2359 1807 2422 sustollitur.

94 2472 210 2528 eorpus
220 2471 341 2512 sensum
357 2455 500 2529 redigere,
512 2460 545 2512 ut
553 2457 669 2529 possint
681 2457 796 2514 lucilius
807 2455 932 2530 intelligi
986 2456 1020 2511 Et
1034 2455 1159 2510 aedificat
1184 2456 1297 2524 domos,
1315 2459 1348 2511 ut
1370 2456 1489 2512 veniant
1502 2460 1599 2526 Pater,
1615 2458 1645 2512 et
1664 2453 1765 2523 Filius,
1781 2459 1811 2511 et

97 2561 167 2618 quae
197 2535 479 2602 dicuntur.'0muia
507 2562 572 2618 quae
600 2550 743 2618 putantur
768 2545 797 2602 in
826 2545 932 2603 eraculo
986 2542 1113 2616 Spiritus
1128 2547 1258 2612 sanctus,
1275 2548 1304 2602 et
1323 2543 1455 2602 habitent
1468 2544 1498 2601 in
1515 2545 1567 2601 eis.
1584 2547 1618 2600 Et
1640 2543 1753 2616 plantat
1765 2543 1809 2600 vi·

95 2635 190 2703 bona,
216 2633 302 2705 quasi
316 2650 367 2690 rex
393 2639 421 2688 et
441 2639 546 2706 potens
570 2634 835 2692 habui.1Edificavi
858 2635 931 2692 mihi
986 2649 1068 2702 neas,
1083 2633 1119 2689 ad
1135 2649 1210 2704 quas
1224 2633 1311 2689 lesus
1326 2633 1397 2706 liget
1408 2633 1521 2690 asinam
1535 2650 1629 2690 suam.

95 2725 132 2780 in
148 2721 297 2780 excelsum
313 2721 432 2794 palatia,
448 2723 559 2780 vitibus
575 2727 690 2780 montes
704 2723 850 2796 collesque
865 2740 932 2780 con·

97 2811 177 2870 seri.
204 2813 240 2866 et
269 2827 305 2868 ne
329 2811 400 2884 quid
415 2813 531 2869 deesset
546 2813 582 2868 ad
606 2812 718 2880 luxum,
735 2813 835 2870 hortos
858 2812 931 2868 mihi
1021 2835 1035 2862 «
1052 2813 1116 2869 Feci
1132 2812 1204 2868 mihi
1221 2813 1320 2871 hortos
1335 2817 1364 2871 et
1388 2814 1520 2887 pomaria
1535 2832 1542 2872 :
1558 2812 1688 2886 plantavi
1703 2812 1734 2868 in
1749 2810 1809 2868 illis

95 2898 293 2974 pomariaque
315 2897 455 2972 plantavi,
471 2900 601 2958 diversas
627 2903 745 2958 arbores
759 2902 928 2973 instituens,
984 2898 1096 2973 lignum
1113 2917 1199 2957 omne
1209 2901 1401 2959 fructiferum.
1421 2904 1475 2958 »ln
1488 2903 1575 2959 dorne
1586 2901 1683 2960 divitis
1694 2916 1810 2957 noneo-

95 3007 177 3064 quas
188 2987 314 3044 collectae
326 2987 356 3044 in
368 2988 496 3061 piscinas
508 3006 589 3062 aqua
604 2991 751 3063 idesuper
762 2991 928 3062 irrigarent,
983 2988 1046 3044 lum
1061 3005 1150 3046 aurea
1170 3006 1240 3046 vasa
1254 2994 1324 3047 suut
1346 2995 1375 3046 et
1389 2994 1536 3064 argentea,
1552 2991 1603 3047 sed
1618 2993 1647 3047 et
1668 2989 1767 3062 lignea
1780 2993 1810 3046 et
1857 3044 1860 3052 ,

95 3083 133 3136 ut
147 3077 268 3149 longius
285 3077 364 3134 viror
377 3078 388 3112 ⁶
403 3077 526 3135 humore
549 3078 662 3152 perpeti
676 3080 848 3135 nutriretur.
864 3081 928 3136 Ser·
984 3077 1085 3133 fictilia
1108 3077 1145 3149 (ll
1167 3079 1223 3134 Tim
1248 3078 1305 3151 xx).
1328 3078 1414 3134 Fiunt
1436 3078 1527 3151 igitur
1540 3081 1569 3134 et
1590 3078 1666 3135 horti
1689 3080 1809 3150 propter

95 3182 206 3225 vorum
222 3181 339 3239 quoque
354 3166 414 3222 sive
438 3171 606 3240 emptorum
621 3168 680 3224 eive
703 3168 928 3226 vernaculorum
944 3144 965 3212 C
984 3165 1188 3223 imbecilliores
1197 3183 1329 3239 quosque
1337 3167 1600 3225 etinfirmos.Nam
1609 3166 1661 3238 qui
1671 3165 1807 3221 infirmus

98 3255 158 3312 luit
185 3253 414 3311 innumerabilis
447 3256 616 3324 multitude,
645 3261 674 3312 et
703 3256 928 3329 quadrupedum
983 3259 1038 3323 est,
1063 3254 1192 3312 oleribus
1220 3257 1347 3312 vescitur
1375 3258 1461 3324 (liena
1487 3273 1546 3324 xrv,
1571 3255 1610 3328 2).
1637 3253 1811 3310 Plantsntnr

97 3359 207 3418 greges
230 3340 326 3411 multi,
365 3345 455 3400 boum
481 3343 591 3401 scilicet
605 3348 634 3400 et
659 3345 769 3416 ovium,
785 3350 928 3416 quantum
983 3343 1112 3410 arbores,
1125 3361 1181 3400 non
1198 3359 1290 3401 ornnes
1299 3347 1451 3418 (restitere
1469 3346 1500 3415 ¹⁰,
1513 3349 1547 3401 ut
1561 3344 1591 3399 in
1601 3343 1714 3400 Latinis
1728 3335 1813 3399 codi·'

99 3432 206 3490 nullus
240 3436 307 3488 ante
324 3448 370 3488 me
393 3449 444 3489 rex
464 3432 567 3490 hahuit
590 3433 619 3488 in
642 3433 816 3490 Jerusalem.
829 3435 886 3490 Sed
901 3438 930 3490 et
983 3432 1068 3488 cibus
1084 3432 1246 3502 hahemus;
1263 3433 1314 3490 sed
1330 3450 1422 3490 ornnes
1440 3435 1557 3505 (melna,
1573 3432 1628 3488 hoe
1642 3435 1696 3500 est,
1713 3430 1808 3488 diver·

98 3521 236 3580 thesauri
260 3521 372 3595 argenti
387 3525 416 3578 et
439 3521 502 3578 auri
519 3522 749 3580 innumerabiles
762 3523 929 3580 condeban-
984 3536 1084 3576 sarum
1100 3522 1218 3594 trugum
1234 3526 1324 3594 atque
1338 3537 1503 3594 pomorum,
1520 3519 1590 3592 quia
1603 3519 1722 3575 diversae
1738 3521 1810 3575 sunt
1902 3583 1906 3591 1

100 3617 167 3677 tur,
183 3609 341 3680 quaemihi
356 3610 539 3666 diversorum
563 3627 665 3684 regum
682 3627 802 3668 munera
816 3615 845 3667 et
859 3626 929 3682 gen·
985 3607 1085 3682 gratiae
1099 3608 1129 3664 in
1155 3608 1307 3666 Ecclesia:
1324 3609 1503 3666 etaliusest
1525 3606 1808 3676 oculus,aliuema·

103 3699 185 3756 tium
200 3695 305 3754 tributa
316 3698 510 3756 contulerant.
523 3699 604 3756 Unde
619 3704 647 3756 et
657 3699 771 3767 accidit,
784 3703 816 3755 ut
831 3699 931 3756 nimiis
985 3714 1053 3766 uus,
1070 3696 1146 3753 alius
1162 3714 1223 3770 pes,
1239 3701 1278 3763 et,
1294 3713 1358 3769 que
1381 3696 1590 3754 verecundiora
1613 3697 1714 3752 noetra
1728 3697 1808 3760 aunt,

102 3785 215 3862 opibus
236 3788 271 3842 ad
296 3789 423 3859 majores
448 3787 568 3844 deliciae
594 3804 775 3860 provocarer,
791 3793 820 3845 et
843 3787 932 3844 musi·
986 3785 1032 3844 bis
1047 3786 1188 3858 maiorem
1212 3785 1351 3842 honorem
1376 3785 1594 3841 circumdamus
1618 3783 1642 3856 (l
1664 3782 1725 3840 Cor.
1745 3780 1809 3854 xm).

100 3891 207 3934 aarum
227 3874 335 3932 ιιιῒίιιιιι
349 3876 441 3946 chori,
459 3877 530 3932 mihi
555 3876 638 3944 tibia,
654 3876 727 3950 lyra,
742 3893 811 3933 voce
836 3877 931 3933 conci·
986 3875 1066 3932 lnter
1088 3891 1163 3947 quas
1186 3873 1341 3948 frugiferas
1364 3875 1482 3931 arbores
1496 3873 1608 3931 estimo
1633 3876 1733 3928 tenere
1751 3869 1811 3943 pri-

101 3966 209 4024 nerent
224 3965 236 3998 ⁷
251 3967 280 4020 et
294 3968 418 4037 uterque
433 3982 520 4024 senus
534 3964 565 4022 in
576 3966 716 4022 conviviis
733 3965 930 4022 misistraret:
987 3966 1100 4020 matum
1116 3963 1230 4037 liguum
1246 3963 1322 4033 vite,
1334 3964 1412 4036 quod
1428 3967 1473 4020 est
1486 3962 1640 4036 sapientia.
1656 3959 1718 4018 Nisi
1733 3959 1812 4018 enim
1850 4018 1856 4030 ,

140 4104 284 4162 ¹-Nostris
298 4122 383 4174 mss,
399 4106 470 4179 quid
486 4111 564 4164 esset
579 4109 652 4164 toni.
668 4109 801 4164 Marmara
988 4107 1087 4174 incarn,
1103 4108 1158 4162 ete.

138 4179 151 4216 ²
180 4177 274 4234 lidem
304 4195 389 4247 mes,
422 4179 499 4235 Volui
526 4181 612 4236 nitnnr
634 4180 742 4236 trabere
765 4179 881 4247 deliciis,
910 4185 935 4236 ct
1030 4178 1129 4246 ‘Quae
1152 4177 1271 4234 collecte
1285 4181 1316 4232 in
1338 4179 1458 4248 piscinea
1481 4191 1570 4248 nque,
1586 4179 1642 4232 etc.
1658 4176 1771 4232 Eraam.
1788 4175 1817 4228 et

102 4264 226 4308 comm
255 4263 345 4306 mrem
373 4252 408 4306 nb
444 4251 571 4306 omnibns
598 4254 673 4307 curia
701 4252 827 4322 liberem,
857 4253 936 4323 qenai
994 4248 1068 4305 Mar.
1094 4263 1162 4320 qnae
1189 4249 1310 4305 colecta}
1330 4251 1361 4304 in
1382 4265 1470 4304 nnnnt
1494 4249 1710 4320 piscinaeque
1734 4245 1816 4300 deae

103 4325 183 4389 uino,
201 4323 257 4376 etc.
992 4337 1052 4391 per,
1068 4324 1123 4376 etc.
1140 4320 1357 4391 consequenter
1371 4320 1549 4376 sorbonicus
1564 4335 1620 4376 ms.
1632 4318 1723 4374 codex
1733 4314 1815 4388 legit,

141 4393 308 4448 ’tortitiam
321 4391 506 4466 spiritualem.
528 4391 643 4448 Omissa
665 4408 782 4476 quoquc
804 4393 858 4449 hoo
873 4391 936 4450 loco
992 4400 1022 4448 nt
1037 4393 1133 4462 torque
1144 4393 1241 4462 niuem
1256 4392 1445 4449 Corbeienses
1457 4389 1689 4462 vernationem
1703 4387 1818 4442 lannnre

103 4467 135 4522 iu
160 4460 250 4520 editis
277 4466 336 4520 duo
359 4462 460 4520 isthaee
483 4463 580 4532 verba,
599 4463 728 4520 loetilrnm
751 4466 935 4536 spiritantem,
990 4464 1096 4535 perpeti
1121 4465 1304 4518 nutrirentur.
1330 4465 1396 4530 Qua
1420 4461 1537 4536 phrasis
1563 4461 1706 4534 optimum
1729 4456 1818 4514 habet

103 4533 210 4594 seuseu
234 4533 391 4608 Scriptura
418 4551 451 4590 ac
477 4533 645 4607 Hieronymi
669 4535 861 4592 observationi
887 4553 937 4592 no·
953 4519 977 4584 D
994 4550 1125 4590 sensum.
1142 4534 1286 4589 Mansuri.

104 4613 184 4666 atem
201 4603 404 4664 effundebant.
420 4605 503 4662 Nunc
517 4622 585 4661 vero
600 4605 717 4662 lucidus
741 4611 829 4679 atque
845 4607 939 4664 facilis
1031 4607 1040 4638 ⁶
1056 4609 1136 4673 llas,
1156 4607 1187 4662 tv
1202 4606 1300 4676 tenena
1313 4608 1402 4673 viror,
1418 4609 1472 4662 etc.

105 4679 244 4736 remanet
266 4677 434 4736 intellectus
461 4677 550 4747 hrrjus
573 4677 646 4745 leci;
663 4676 733 4748 quia
756 4695 790 4733 ex
814 4677 938 4734 loretum
1030 4676 1147 4742 lPenes¹
1162 4684 1290 4753 alcuin,
1307 4687 1339 4742 tlt
1352 4687 1521 4741 musicorum
1546 4685 1621 4740 chori
1634 4684 1706 4739 miti
1727 4679 1820 4737 tibiali

105 4751 257 4808 babemus
280 4749 387 4822 legisse
412 4747 621 4820 Hieronymum
648 4749 725 4834 apud
754 4750 775 4804 L
802 4749 825 4804 X
849 4750 940 4806 luter·
995 4757 1255 4822 noceeoneinerent,
1272 4763 1326 4812 etc.

105 4825 220 4896 prebes,
249 4825 293 4871 παῖ
318 4823 363 4869 τοῦ
391 4821 514 4884 κΡῦῑτῆσῦῑῑ
538 4817 574 4866 la'
595 4818 730 4900 appoorpn,
759 4823 785 4876 et
813 4823 842 4874 ui
868 4823 939 4876 obli·
1030 4828 1273 4892 ⁸Quatuormse.
1292 4828 1319 4882 in
1337 4827 1469 4894 instanti,
1483 4831 1608 4898 putetur.

106 4909 206 4950 nerern
219 4893 249 4950 in
263 4894 411 4952 stultitiam
422 4907 517 4954 ;cum
534 4891 564 4945 in
589 4891 766 4962 quibusdam
790 4890 940 4946 codicibus
1030 4909 1040 4942 a
1069 4907 1188 4963 Addunt
1218 4907 1308 4962 nost„
1338 4924 1422 4976 mss„
1447 4907 1592 4978 ,ggpfifflvp
1619 4905 1690 4960 mina
1717 4903 1820 4967 domos,

106 4964 271 5046 hebetetur
301 4963 338 5012 ln'
364 4962 541 5044 repperiam,
560 4963 590 5017 in
618 4961 750 5044 ῑέθῑὶῑῑᾳῖζῑ»
776 4964 835 5018 Sile
858 4979 941 5046 §illlis
992 4979 1201 5052 plantavimilii
1216 4980 1321 5034 uineae.

107 5037 252 5094 loetrtrenr.
268 5037 302 5094 Et
316 5037 372 5093 hoc
383 5036 470 5091 modo
485 5033 612 5107 legimus
623 5049 653 5088 ιιι
664 5033 942 5090 edrtrouehodrerna
1031 5061 1052 5094 n
1066 5061 1124 5116 No„
1139 5075 1232 5115 omn„
1244 5060 1408 5130 praeessem,
1426 5060 1456 5114 ln
1471 5056 1590 5113 ΗΘΜ)
1607 5054 1819 5126 scriptumest,

108 5106 184 5164 Lxx
199 5109 422 5166 “mmmm
438 5105 584 5161 MABTMN‘
995 5140 1044 5194 lin
1055 5115 1088 5192 5)
1103 5142 1155 5220 Vir,
1170 5132 1209 5185 eia
1224 5129 1267 5186 leel
1281 5131 1352 5201 peri,
1368 5130 1397 5185 id
1413 5133 1468 5197 est,
1485 5129 1591 5200 lienem
1604 5129 1691 5184 omnis
1704 5128 1821 5198 frenes,

147 5207 182 5220 ·-
198 5179 283 5237 Nunc
308 5196 324 5236 e
349 5177 495 5235 contrario
519 5192 577 5231 non
593 5173 642 5230 elii
667 5178 827 5247 supersunt
850 5173 940 5230 Graeci

108 5249 240 5322 codices,
268 5267 357 5324 quam
385 5249 436 5336 qui
464 5247 605 5331 tortitiam,
632 5244 693 5302 eive
721 5245 875 5310 saepesaepe
903 5246 941 5303 le·

109 5318 940 5467 {liqqtgnplqlqandiegquvgiqgnpqussqqlgquriqpqqagpssggqffi
997 5361 1131 5434 legebant
1147 5362 1176 5415 in
1193 5361 1305 5416 Latinis
1331 5360 1479 5416 codicibus
1503 5377 1518 5415 a
1535 5358 1604 5414 LXX
1628 5359 1821 5430 iuterpretum

111 5467 315 5536 preferebant.
334 5464 412 5520 lutra
434 5459 543 5518 leviora
567 5461 731 5532 quadame
754 5477 826 5517 mss.
842 5477 940 5517 emen·
997 5433 1096 5488 Gfaeffl
1111 5431 1241 5488 V⁸s³i⁰¹¹⁰
1256 5433 1402 5522 dfflswans·
1420 5432 1563 5523 MARW·
1656 5511 1661 5522 ,

114 5535 231 5596 dmm·
1033 5544 1066 5554 -
1084 5515 1149 5585 lpse
1162 5515 1258 5568 autem
1270 5515 1347 5567 llrer.
1363 5515 1449 5568 vertit
1459 5519 1549 5568 cuncti
1563 5525 1683 5580 genereo.
1696 5509 1728 5564 ln
1739 5503 1815 5560 Hebr

155 5607 326 5684 *Impressa
340 5605 424 5664 lectio
439 5607 501 5663 erat
514 5601 586 5660 miti
609 5603 714 5659 vineae.
731 5603 817 5678 iisqne
831 5603 867 5660 ud
880 5619 942 5660 enm
996 5605 1050 5671 est,
1066 5610 1114 5665 tae
1129 5585 1176 5674 52,
1191 5599 1220 5656 in
1237 5599 1335 5659 Graeco
1349 5603 1398 5650 πᾶν
1411 5603 1516 5668 καρποῦ.

996 5225 1028 5276 ut
1054 5223 1135 5276 notat
1159 5218 1274 5275 llieron.
1298 5218 1348 5290 qui
1373 5234 1431 5273 uon
1458 5218 1563 5289 probat
1587 5214 1660 5276 ξύλον
1686 5217 1735 5262 πᾶν
1762 5229 1822 5277 sep·

997 5293 1055 5357 ποῦ,
1080 5292 1188 5360 tigrium
1214 5305 1293 5344 enine
1318 5291 1435 5361 trudes,
1451 5289 1510 5345 sive
1532 5289 1718 5361 trecentorum,
1745 5283 1822 5357 quod
