4100 6156
151 256 201 336 sn
420 260 423 270 ·
552 257 605 322 nn
627 257 836 334 sacrarat
854 255 1111 338 praeintrare
1132 254 1167 322 n.
1190 255 1329 336 usam
1349 255 1538 322 crena
1662 225 1663 230 ‘
1788 256 1849 326 soc

152 406 213 448 uem
228 388 333 448 exinde
347 390 524 448 bauslctum
536 391 585 464 sit,
596 392 729 460 etmulto
753 393 854 466 purior
868 409 969 450 mena·
984 395 1007 460 Α
1027 409 1058 461 ιι,
1074 393 1090 446 l
1105 407 1177 464 squ.
1194 391 1354 464 linititur
1377 391 1538 466 approbare
1559 392 1771 470 primogenitum
1789 407 1848 452 non

148 495 176 535 re
188 477 334 535 credenda
349 480 387 536 sit
402 480 492 538 lentie
509 483 599 548 nuda,
615 498 704 554 quam
721 483 784 538 rivi.
1022 497 1108 554 possa
1123 480 1192 550 dici,
1208 479 1265 536 nisi
1281 497 1348 536 eum
1364 470 1415 554 qui
1443 479 1550 538 habeat
1574 485 1603 536 et
1627 481 1748 538 iratres:
1771 479 1849 537 sicut

177 567 203 620 7.
219 567 372 624 Helvidius.
387 598 423 610 -
437 591 452 619 «
469 569 543 638 Hac,
560 571 614 640 ais,
631 570 708 643 apud
724 585 771 626 me
786 585 870 643 nuga
886 576 966 637 sunt,
1022 569 1192 643 unigenitus
1212 567 1262 626 ille
1286 574 1418 639 vocatur,
1441 569 1492 642 qni
1517 569 1688 644 parentibus
1712 569 1793 628 eolus
1807 569 1849 626 sit

145 654 169 710 el
181 657 454 728 argumentationes
470 659 634 731 superfluae,
651 663 679 715 et
692 659 853 732 disputatio
873 659 967 732 magis
1022 659 1112 715 tilius.

143 743 264 810 rodose,
280 759 370 815 quam
385 761 463 802 vera.
481 747 620 819 Nunquid
637 764 695 804 non
711 747 968 820 potuitSeripturt
1057 748 1101 803 t0.
1118 749 1315 820 Hieronymus.
1340 779 1374 790 -
1400 747 1460 805 Nos
1482 749 1581 804 autem
1605 746 1646 803 ita
1669 745 1845 806 delinimus:

148 830 260 887 dicere:
274 833 306 888 m
319 835 422 904 occepit
436 850 552 892 wem
565 851 654 904 sunm,
671 839 696 891 et
708 837 829 906 nonfuit
848 835 968 907 amptius
1022 835 1124 894 Omnis
1147 837 1319 910 unigenitus
1343 841 1388 894 est
1411 836 1648 910 primogenitus:
1673 851 1732 892 non
1750 836 1848 892 omnis

149 935 233 974 nesus
253 923 410 992 contingere
431 939 493 979 eom
511 922 586 994 (Gen.
610 941 729 994 xxxvia,
753 924 819 996 26):
842 924 920 981 sicut
933 925 968 980 de
1021 926 1235 1000 primogenitus
1250 929 1294 983 est
1309 925 1491 1000 unigenitus.
1505 925 1847 998 Primogenitusest,uou

148 1007 274 1064 l'bamar
295 1009 370 1065 dixit
390 1014 420 1066 et
444 1011 546 1068 ludo?
566 1013 624 1068 Aut
647 1013 804 1068 defuerunt
832 1011 968 1069 lilattbeo
1025 1019 1140 1071 tautum
1157 1020 1224 1088 post
1237 1032 1325 1087 quem
1340 1020 1370 1072 et
1385 1014 1433 1071 alii
1448 1032 1454 1071 :
1468 1015 1520 1072 sed
1546 1018 1612 1071 ante
1631 1029 1719 1086 quem
1735 1011 1846 1080 nullus.

31 1131 32 1136 κ
141 1095 226 1152 rerba
252 1097 361 1168 quibus
385 1099 415 1156 id
441 1101 520 1172 quod
558 1099 683 1174 intelligi
714 1101 840 1168 volebat,
869 1106 968 1174 posset
1023 1101 1743 1177 Omne,minquitDominusadAaron,quod
1762 1105 1851 1176 operit

141 1184 244 1240 ellari?
260 1185 319 1242 lion
334 1190 461 1256 copnooit
475 1187 583 1262 inquit,
593 1189 748 1246 ecmdonec
756 1193 864 1263 peperit
877 1190 968 1262 fitium
1021 1195 1142 1260 vulvum,
1157 1194 1191 1250 ni
1203 1194 1280 1250 omni
1294 1209 1378 1250 corne
1391 1207 1455 1265 quae
1470 1189 1587 1267 offertur
1610 1192 1736 1262 Domino,
1750 1191 1784 1248 ab
1799 1193 1849 1248 to·

142 1273 244 1343 pilottlt.
263 1291 284 1341 1,
305 1276 365 1347 25).
388 1276 457 1334 Post
482 1283 600 1351 partum
624 1294 693 1352 ergo
716 1279 860 1353 cognovit,
882 1281 967 1352 quus
1022 1283 1096 1338 mine
1110 1298 1195 1355 usque
1217 1281 1252 1338 od
1278 1297 1368 1354 pecus,
1386 1281 1437 1337 tibi
1462 1285 1566 1338 erunt:
1591 1281 1776 1338 tantummodo
1789 1297 1849 1352 pre·

140 1361 338 1435 cognitionem
355 1365 390 1421 od
404 1371 522 1438 partum
538 1383 633 1440 usque
649 1367 842 1425 distulerat.»
1021 1372 1071 1426 tiis
1085 1370 1222 1428 redimunt
1249 1372 1435 1442 primopenito
1449 1370 1602 1438 bominum,
1617 1373 1643 1426 et
1662 1371 1848 1442 prirncpmito

171 1448 196 1506 8.
214 1453 411 1524 Hieronymus.
427 1487 462 1496 -
482 1455 511 1511 Si
535 1460 596 1512 tam
619 1457 818 1514 contentiosus
842 1473 884 1524 es,
902 1457 966 1529 jam
1020 1475 1150 1531 pecorum
1182 1457 1405 1516 immundorum³
1438 1457 1534 1530 (Exci.
1570 1475 1666 1528 xxxiv,
1703 1458 1747 1524 19,
1786 1459 1847 1520 2⁰:

139 1557 212 1596 nuuc
228 1544 284 1596 tua
298 1547 397 1600 mente
412 1544 609 1616 superaberis.
627 1545 698 1602 Nolo
711 1545 784 1601 mibi
797 1545 914 1618 aliquod
926 1547 968 1602 iu·
1021 1549 1102 1604 Num.
1118 1565 1199 1618 xvm,
1217 1547 1272 1620 15).
1288 1547 1422 1604 Definitil
1434 1562 1532 1604 sermo
1545 1546 1607 1614 Dei,
1636 1545 1707 1618 quid
1731 1545 1771 1602 sit
1784 1544 1847 1618 pri·

139 1633 178 1684 ter
191 1633 316 1702 partum
331 1636 361 1687 et
374 1632 484 1688 coitum
499 1637 617 1706 tempus
632 1633 801 1691 interseras.
819 1634 898 1692 254
911 1635 967 1690 Νο-
1022 1637 1215 1709 mogeuitum,
1246 1636 1340 1702 Omne,
1368 1635 1476 1708 iuquit,
1504 1634 1574 1706 quod
1602 1635 1691 1706 operit
1727 1633 1847 1698 vulvum.

137 1716 160 1772 lo
175 1718 281 1776 dicas:
299 1719 397 1777 llutier
411 1736 582 1794 quaecunque
597 1726 754 1795 emirepitet
771 1725 876 1796 peperit
891 1741 966 1780 mus·
1022 1723 1140 1797 Alioqui
1157 1725 1182 1780 si
1198 1741 1254 1779 nen
1279 1728 1324 1781 est
1348 1723 1572 1796 primogenitus,
1599 1722 1656 1779 nisi
1680 1723 1706 1778 is
1720 1725 1847 1790 tantum,

137 1806 240 1874 cutum,
259 1809 404 1865 immundo
432 1811 484 1866 erit
499 1815 601 1882 septem
619 1811 721 1876 diebus,
751 1812 900 1869 secundum
912 1813 969 1870 dies
1024 1829 1111 1886 quem
1127 1817 1292 1885 sequuntur
1307 1813 1411 1870 iratres
1427 1813 1530 1868 tandiu
1546 1810 1732 1869 sacrdotibus
1742 1810 1850 1884 primo·

138 1897 318 1952 saessionnis
336 1901 364 1954 ct
382 1900 557 1970 purgationis
577 1915 634 1958 suae
654 1901 829 1958 immundata
850 1905 921 1971 erit;
942 1907 969 1958 et
1023 1902 1122 1974 genita
1151 1918 1208 1958 non
1239 1901 1392 1970 debentur,
1423 1901 1554 1973 quaudiu
1583 1904 1611 1957 et
1647 1899 1705 1956 alia
1741 1898 1850 1955 luerint

136 1991 228 2042 octono
243 1984 289 2042 die
303 1987 480 2044 cireumeiiiet
502 2004 614 2046 curnem
634 1991 770 2062 praeputii
791 1991 860 2062 ejus,
877 1999 903 2047 et
917 1993 967 2046 tri·
1022 1995 1191 2061 procreata;
1208 2007 1244 2046 ne
1259 1991 1331 2047 sorte
1360 1994 1447 2062 partu
1475 1993 1577 2063 postea
1605 2005 1663 2046 non
1695 1992 1848 2060 sequente,

138 2073 218 2141 pinta
245 2075 332 2131 tribus
356 2075 453 2132 diebus
478 2076 580 2134 sedebit
609 2080 639 2134 in
678 2080 814 2148 sanquine
835 2095 915 2152 puro,
943 2088 969 2136 et
1022 2077 1192 2151 unigenitus
1221 2077 1270 2149 eit,
1298 2083 1327 2134 et
1355 2095 1413 2134 nou
1440 2075 1667 2151 primogenitus.
1690 2077 1847 2150 Redemptio

137 2175 218 2217 ornan
239 2172 363 2220 sonetum
387 2181 443 2221 non
468 2170 574 2236 tanget,
603 2171 632 2224 et
654 2167 769 2240 reliquo
796 2168 895 2240 (levit.
915 2186 965 2238 ιιι,
1022 2165 1202 2239 inquit,ejus
1215 2167 1316 2223 eritai
1343 2183 1400 2224 unc
1423 2183 1525 2236 mense,
1555 2167 1705 2224 estimatio
1729 2168 1848 2240 quinque

134 2251 162 2320 Ξ,
177 2252 217 2324 3).
233 2252 342 2309 Statim
367 2269 432 2310 eam
461 2254 580 2312 invadat
593 2255 722 2329 loseph:
750 2257 850 2314 statim
866 2258 968 2314 audiat
1021 2255 1152 2312 siclorum
1166 2256 1187 2310 ⁸.
1201 2255 1301 2324 Sirius,
1324 2256 1473 2314 seeundum
1496 2256 1595 2312 siclum
1618 2257 1782 2327 soncmorii,
1802 2257 1850 2310 ui·-

135 2359 184 2415 per
206 2339 391 2398 Jersmism:
422 2343 491 2416 Equi
516 2345 684 2402 insanientes
708 2347 740 2401 in
763 2348 885 2417 sentinas
898 2349 968 2418 sueti
1021 2345 1093 2415 picti
1121 2345 1193 2402 cbcti
1219 2349 1293 2400 sunt.
1325 2345 1518 2402 tantummode
1543 2345 1729 2417 primopentro
1751 2343 1846 2400 uitato

134 2435 193 2488 sunt
209 2431 298 2498 mitri,
313 2434 488 2504 unusquique
504 2431 538 2487 od
558 2448 672 2490 uxorem
693 2437 819 2506 proximi
838 2436 884 2490 sui
901 2434 966 2490 ttin-
1020 2448 1093 2501 rum,
1110 2436 1134 2487 et
1155 2433 1342 2505 primogenito
1368 2433 1469 2498 coium,
1494 2439 1520 2487 et
1543 2432 1727 2503 printcpenito
1748 2445 1845 2504 copro-

134 2521 225 2580 niebut
242 2521 357 2590 (teron.
381 2537 408 2588 v,
425 2520 463 2590 8).
486 2518 604 2592 alioqui
626 2523 773 2594 quomodo
792 2525 870 2578 stare
886 2527 966 2594 pote·
1021 2537 1084 2576 rum
1099 2520 1282 2577 nonredimes
1302 2522 1367 2592 quio
1389 2528 1485 2576 sanctu
1507 2524 1573 2576 sunt
1596 2519 1690 2592 (Num.
1714 2535 1795 2587 xviu,
1811 2518 1846 2575 ld

134 2609 179 2678 rit,
194 2609 261 2666 lton
273 2610 402 2676 copnocit
414 2624 487 2680 eom,
501 2609 584 2688 dqnee
604 2611 710 2682 peperit
722 2611 829 2681 tilium:
857 2611 883 2668 si
902 2614 968 2683 post
1020 2608 1076 2680 tt).
1093 2609 1175 2682 Cogit
1195 2626 1243 2666 me
1269 2625 1364 2666 sermo
1389 2609 1450 2678 Dei,
1475 2613 1508 2666 ut
1533 2625 1630 2678 omne,
1660 2609 1738 2682 quod
1754 2607 1848 2682 aperit

135 2697 324 2772 purgationis
336 2701 636 2770 tempuscxspectat:
654 2699 679 2756 si
694 2699 890 2773 quadraginta
904 2715 968 2754 rnr-
1020 2697 1147 2767 vulvam,
1164 2699 1189 2754 si
1205 2699 1241 2756 dc
1256 2698 1375 2756 mundis
1387 2697 1567 2757 animalibus
1577 2698 1626 2770 sit,
1637 2697 1696 2756 Deo
1706 2713 1846 2766 voveam

136 2803 200 2843 sum
217 2786 329 2842 diebus
343 2791 423 2842 tanto
437 2790 569 2860 tempore
584 2787 674 2844 dilata
697 2786 787 2846 libido
810 2788 967 2844 differtur?
1021 2786 1046 2843 sl
1062 2787 1098 2843 da
1114 2787 1289 2854 immundis,
1303 2787 1458 2857 redimam,
1469 2789 1542 2844 dans
1552 2787 1679 2860 pretinm
1690 2785 1846 2844 sacerdoti.

136 2875 292 2932 Pelluntur
306 2891 410 2931 cruore
432 2891 593 2948 puerpera:
619 2877 789 2934 obstetrices
802 2876 967 2949 suscipiant
1021 2875 1144 2933 Possum
1160 2876 1347 2950 respondere,
1371 2881 1400 2932 et
1414 2876 1520 2933 dicere.
1545 2875 1621 2942 Quid
1643 2892 1690 2931 me
1713 2875 1742 2932 in
1758 2875 1847 2930 unius

135 2963 294 3036 parvulum
310 2962 494 3036 vagientem:
511 2963 757 3023 marituslaseam
773 2970 871 3022 teneat
896 2982 965 3022 uxo·
1021 2964 1131 3022 mensis
1160 2965 1280 3038 stringis
1296 2963 1442 3023 articulo?
1457 2963 1772 3037 Quidprimogenitum
1793 2978 1846 3019 ro·

135 3053 225 3108 rem¹.
243 3052 292 3109 Sic
308 3051 451 3125 incipient
472 3053 590 3125 nuptie,
616 3071 652 3110 ue
675 3054 858 3128 Evangelista
884 3070 966 3110 men·
1020 3069 1080 3122 eas,
1095 3069 1181 3126 quem
1198 3071 1235 3110 an
1252 3055 1355 3110 iratres
1376 3057 1549 3126 sequentur,
1573 3051 1846 3126 ignomiExspecta

136 3139 206 3198 litus
218 3141 270 3197 sit.
286 3140 343 3198 Sed
359 3141 446 3210 absit,
462 3147 495 3196 ut
519 3141 573 3199 boc
598 3143 634 3198 de
652 3147 745 3200 matre
766 3142 923 3200 salvatoris
938 3131 1002 3198 etG
1022 3141 1113 3198 donec
1138 3147 1273 3200 nascetur
1293 3144 1452 3200 secundus.
1477 3141 1555 3202 Nihil
1581 3143 1671 3200 debeo
1689 3142 1843 3219 sacerdoti,

133 3231 194 3286 tiro
215 3233 300 3301 justo
323 3230 364 3286 sit
385 3231 603 3288 estimandum.
631 3231 717 3288 Nulla
746 3232 787 3288 ibi
807 3231 965 3289 obstetrix:
1022 3229 1080 3286 nisi
1095 3234 1123 3287 et
1137 3231 1185 3289 ille
1200 3232 1288 3288 suerit
1302 3236 1484 3305 proeresius,
1498 3247 1551 3305 per
1570 3232 1697 3305 quomis
1712 3231 1762 3304 qui
1778 3235 1848 3302 ante¹

135 3319 219 3384 nulla
250 3313 492 3376 muliercularum
518 3319 661 3377 sedulitas
696 3320 872 3378 intercessit.
903 3320 971 3394 lpse
1024 3323 1181 3390 natusest,
1197 3320 1635 3394 incipiutesseprimogenitus.
1650 3321 1752 3380 Nonne
1773 3319 1847 3378 milli

137 3407 247 3478 pannis
261 3405 382 3464 involvit
396 3408 550 3476 infantem,
562 3408 627 3480 ipae
641 3412 670 3464 et
685 3413 816 3466 meteret
830 3408 970 3465 obstetrix
1023 3407 1079 3480 ipsi
1105 3409 1202 3480 apices
1225 3407 1393 3481 loquentur,
1408 3414 1439 3465 et
1453 3426 1500 3467 me
1510 3409 1640 3467 stultitia
1661 3411 1846 3484 redarguent,

135 3495 207 3562 luit,
220 3496 254 3552 lit
265 3496 411 3552 coltceovit
425 3511 497 3564 euni,
511 3497 619 3569 iuquit,
636 3501 665 3552 in
680 3499 827 3570 praesepio,
839 3499 971 3570 quianon
1024 3513 1092 3554 eum
1107 3513 1171 3554 esse
1185 3497 1298 3556 dictum
1320 3498 1561 3572 primogenitum,
1585 3499 1636 3571 qui
1660 3499 1772 3573 aperiat
1784 3501 1848 3556 vul-

140 3588 206 3638 erot
223 3587 250 3639 ei
263 3585 332 3641 tosus
346 3588 377 3642 in
390 3586 544 3643 diversorio
557 3587 624 3659 (tue
638 3603 670 3658 ιι,
684 3587 724 3658 7).
742 3586 971 3650 consestentis
1025 3601 1101 3654 vam,
1116 3603 1174 3642 oon
1187 3586 1237 3659 qui
1251 3586 1357 3643 babeat
1371 3591 1400 3644 et
1412 3587 1540 3644 iratres?
1555 3587 1687 3660 Denique
1701 3588 1848 3662 interrogo

143 3675 176 3727 et
204 3673 432 3748 apocryphorum
466 3673 690 3732 deliramenta²
713 3675 869 3741 convincit,
899 3676 971 3732 dum
1026 3674 1304 3748 deloanne,quem
1327 3680 1443 3733 constat
1465 3691 1530 3733 esse
1554 3676 1749 3750 unigenitum,
1769 3680 1851 3734 anet

141 3761 244 3824 Maria
262 3761 326 3836 ipsa
345 3764 452 3836 paonis
478 3762 597 3820 involvit
618 3763 781 3833 iniantem3
806 3768 835 3820 et
848 3762 971 3820 Helvidii
1028 3763 1241 3836 primogenitus
1257 3763 1367 3820 fueriti
1381 3764 1524 3822 Utrumne
1547 3768 1576 3821 et
1601 3765 1664 3838 ipse
1687 3765 1849 3823 secundum

142 3853 255 3930 expleri
271 3866 330 3908 non
344 3853 456 3924 patitur
469 3851 662 3926 voluptatem,
677 3853 747 3909 dum
763 3852 792 3908 in
813 3851 973 3910 diversorio
1027 3851 1135 3926 legem,
1150 3869 1203 3926 pro
1227 3857 1286 3910 toto
1309 3853 1335 3910 ei
1357 3851 1414 3927 legi
1439 3852 1527 3910 luerit
1550 3853 1693 3911 obnoxius
1706 3854 1720 3910 i
1734 3855 1850 3928 Ambigi

144 3946 231 4002 locus
246 3957 305 3998 uon
315 3940 372 3997 init
386 3940 567 4015 nuptiarum.
1028 3956 1087 3998 non
1102 3945 1207 4014 potest.
1224 3941 1307 3998 Certe
1321 3943 1358 3999 de
1372 3942 1521 4000 salvatore
1535 3944 1685 4017 Scriptura
1699 3945 1741 4000 sic
1756 3944 1851 4018 loqui·

179 4035 208 4089 9.
226 4031 377 4088 Heluidius.
395 4061 429 4072 -
444 4032 552 4087 Verum
567 4030 707 4103 quiajam
719 4031 791 4088 satis
801 4032 975 4104 abundeque
1029 4035 1095 4085 tur:
1113 4030 1180 4084 Cum
1194 4029 1297 4102 espleti
1310 4039 1397 4087 cuent
1410 4030 1469 4086 dies
1480 4033 1653 4103 purgationis
1679 4047 1783 4100 eorum,
1802 4047 1851 4096 ,se-

143 4119 358 4196 respondimus
382 4120 417 4176 ad
441 4119 469 4174 id
491 4119 569 4192 quod
596 4125 799 4193 proposuerat,
824 4121 976 4193 Antequam
1029 4117 1148 4174 cundum
1165 4117 1253 4188 tepent
1267 4117 1362 4190 llopsi,
1386 4118 1525 4174 inserunt
1549 4135 1612 4176 eum
1635 4121 1666 4175 in
1689 4119 1849 4176 tenoatnn.

142 4211 335 4276 convenirent,
350 4211 388 4274 et,
405 4209 463 4264 lVon
478 4211 602 4280 eopnouet
624 4211 704 4274 e'om,¹
720 4208 804 4266 donec
819 4212 925 4282 peperit
943 4209 975 4280 fi·
1030 4210 1062 4262 ut
1076 4207 1204 4278 offerrent
1216 4222 1279 4262 enm
1292 4206 1407 4262 Domino
1417 4224 1428 4261 .·
1452 4208 1522 4261 sieut
1549 4209 1681 4278 scriptum
1693 4210 1733 4262 est
1748 4209 1777 4262 in
1796 4206 1853 4286 lepe

142 4301 226 4368 lium,
251 4299 288 4354 ad
317 4297 434 4353 tertiam
460 4297 636 4354 veniendum
659 4303 704 4354 cst
726 4299 929 4370 quaestionem,
945 4301 978 4352 ut
1031 4297 1160 4358 Domini:
1183 4295 1254 4364 Quin
1276 4309 1354 4352 omne
1384 4295 1568 4350 masculinum
1598 4293 1759 4367 adoperiens
1789 4295 1853 4350 uut-

138 4391 230 4460 juxta
246 4385 458 4460 disputationis
474 4387 538 4457 ejus
554 4386 698 4454 ordinem,
713 4387 801 4444 etiam
827 4390 916 4442 notra
932 4403 976 4444 re·
1031 4401 1105 4453 vom,
1120 4388 1248 4440 sonetum
1263 4384 1379 4441 Domino
1394 4382 1542 4451 nocebitur,
1558 4391 1584 4441 et
1597 4392 1627 4440 ut
1640 4383 1737 4440 tarne
1752 4383 1854 4440 tostius

139 4475 317 4552 sponsionis
332 4475 404 4530 ordo
419 4475 570 4546 procedat.
586 4474 658 4530 Vult
670 4475 748 4532 onim
773 4474 845 4530 otios
861 4491 978 4548 quoque
992 4499 1016 4564 D
1030 4472 1180 4530 seeundum
1193 4473 1263 4544 quod
1276 4473 1380 4529 dietum
1393 4477 1434 4529 est
1455 4475 1485 4528 in
1504 4473 1561 4546 lepe
1583 4474 1703 4542 Domini,
1727 4489 1782 4546 por
1796 4475 1855 4529 tur-

139 4567 222 4624 illios
240 4563 364 4622 Mariam
381 4579 567 4638 procreasse;
592 4568 718 4622 etexeo
742 4559 977 4636 quodscriptum
1034 4565 1139 4634 inrum,
1168 4565 1217 4618 out
1241 4562 1307 4618 duos
1331 4563 1423 4634 puttos
1451 4563 1640 4618 columborum
1664 4563 1739 4634 (buc.
1770 4579 1800 4634 ιι,
1820 4564 1858 4619 22

140 4661 186 4712 est
204 4669 213 4711 τ
230 4653 361 4711 Ascendit
376 4661 468 4710 nutem
493 4654 590 4726 insepti
618 4655 650 4709 in
677 4655 818 4710 civitatem
832 4653 929 4722 Dauid,
951 4661 981 4709 ut
1032 4651 1128 4722 seqq).
1144 4649 1175 4706 Si
1189 4650 1250 4708 bac
1273 4649 1319 4708 lex
1340 4655 1456 4708 tantum
1481 4651 1517 4707 ed
1542 4650 1750 4724 primogenitos
1767 4647 1855 4724 perli-

141 4743 517 4816 profiteretarcumllorio
540 4758 702 4798 usmetun
725 4751 897 4814 praepnonte.
927 4744 980 4798 Fo-
1033 4743 1092 4808 net,
1108 4739 1338 4814 primogenitum
1355 4744 1451 4797 autem
1477 4745 1633 4814 sequentes
1655 4739 1777 4806 iaciunt,
1797 4755 1855 4794 non

142 4837 223 4889 ctum
239 4836 279 4887 est
293 4833 384 4886 nutem
399 4847 461 4887 mm
476 4833 515 4886 iti
529 4839 625 4899 essent,
652 4832 759 4903 impteti
779 4837 843 4888 sunt
865 4832 932 4900 dies,
950 4836 981 4889 ut
1032 4828 1134 4884 debuit
1148 4826 1211 4901 lege
1226 4827 1413 4902 primogeniti
1428 4828 1531 4897 teneri,
1547 4828 1598 4900 qui
1614 4830 1650 4884 de
1665 4826 1857 4899 sequentibus

141 4925 271 4994 pareret,
288 4922 313 4974 et
327 4921 432 4992 peperit
457 4919 549 4990 fitium
571 4935 653 4977 suum
665 4922 880 4993 primopentton
901 4923 978 4994 (Luc.
1033 4918 1197 4991 ignorabat.
1212 4917 1266 4973 Sed
1282 4918 1353 4991 quia
1363 4915 1755 4990 teneturlegeprimogeniti,
1768 4915 1857 4972 etism

179 5154 291 5210 ¹ldcm
315 5151 505 5219 Veronensis,
542 5153 679 5210 Obstetrix
695 5153 844 5226 pareutum
867 5155 980 5225 copien-
1034 5154 1214 5208 atdrasmus
1229 5165 1345 5277 quoque
1360 5152 1548 5207 uoluntatem:
1576 5147 1628 5205 sed
1653 5146 1791 5219 impressi
1809 5145 1859 5204 alii

140 5235 214 5296 tem,
232 5226 351 5281 menius
365 5225 461 5281 toxam
475 5227 566 5281 tenent
579 5240 702 5282 unorum
1035 5223 1102 5278 libri
1116 5223 1282 5292 voluptutem
1318 5221 1416 5279 abent.

1069 5293 1270 5350 ³Vcronensis
1298 5293 1362 5362 lib.,
1392 5302 1419 5350 et
1438 5293 1624 5366 primogenito
1643 5289 1858 5348 immundorum.

179 5367 250 5425 'lie
264 5371 363 5422 antem
389 5380 458 5422 vera
480 5365 509 5422 in
534 5365 656 5422 Decreto
682 5365 789 5424 Gelasii
814 5366 890 5423 iuter
904 5369 980 5440 Apo·
1034 5365 1155 5437 Absque
1167 5380 1306 5438 pecorum.

138 5437 754 5514 crypbachicitursingularistibrrcles.
785 5439 980 5495 Morioetob·
1070 5437 1269 5508 ‘idemquin
1289 5451 1323 5491 ne
1349 5436 1422 5503 sicli,
1452 5439 1481 5492 et
1508 5435 1657 5492 seeundum
1681 5434 1779 5490 sielttm
1797 5449 1860 5516 son·-

140 5514 273 5576 stetrice,
286 5509 372 5565 cu‘us
400 5509 489 5564 etiam
505 5509 615 5564 mentio
631 5513 675 5564 est
685 5509 714 5564 in
727 5509 812 5566 Proto
824 5509 902 5566 Euan
925 5509 981 5566 elio
1034 5513 1119 5564 etum.
1136 5506 1226 5564 Paulo
1241 5453 1329 5578 inira,
1347 5508 1378 5568 tit
1391 5523 1472 5566 omne
1487 5507 1673 5566 mascnlinum
1687 5505 1757 5582 quoti
1771 5503 1861 5580 operti

140 5581 254 5644 iacobi
269 5597 296 5640 e.
312 5525 358 5639 is.
376 5579 444 5638 ldox
454 5596 509 5656 -prc
523 5580 691 5654 voluptatem
703 5579 881 5644 Veronensis
895 5580 917 5642 lt
938 5593 980 5654 er,
1034 5579 1157 5640 cutroni.

314 5687 452 5776 euasi.
474 5687 588 5774 suu.
