4072 6164
229 372 289 454 iss
844 391 875 455 e.
900 387 1056 456 nosnsu
1076 387 1312 458 sruoonmi.
1869 380 1916 456 ni

263 523 338 582 viti.
354 523 526 582 Timotheus
541 527 650 600 sulem,
667 523 858 601 Ephesiorum
883 525 1091 597 episcopum
1143 529 1181 581 H'.
1213 525 1344 598 Τιμόθεος
1367 522 1406 596 δὲ,
1431 526 1446 582 δ
1470 523 1617 590 ἐπίσκοπος
1645 523 1769 606 Ἐρίσου,
1795 543 1914 580 καταπα-

230 614 382 672 ordinntus
398 615 628 688 abrumparis,
644 615 916 690 exgentibuserot,
934 629 991 670 non
1015 630 1049 669 ex
1104 612 1158 675 θεὶς
1174 613 1225 668 ὑπὸ
1243 618 1291 668 τοῦ
1312 615 1445 689 μακαρίου
1469 613 1590 686 Παύλου,
1611 613 1637 687 ἐξ
1659 614 1740 670 ἐθνῶν
1766 613 1812 685 ἦν,
1834 611 1880 668 οὐκ
1892 611 1914 668 ln

229 703 464 762 circumcisione.
481 705 520 761 De
535 722 592 778 qno
612 705 705 762 multu
720 707 845 762 testetur
863 702 981 774 Penius,
998 702 1048 759 od·
1103 708 1255 775 περιτομῆς
1273 703 1318 776 ·ᾤ
1342 703 1387 759 καί
1410 701 1503 760 πολλὰ
1533 711 1663 781 μαρτυρεῖ
1691 701 1811 774 Παῦλος,
1836 704 1913 757 νουθε-

228 809 352 850 monens
366 797 399 850 ut
417 793 569 851 honestam
584 794 795 868 professionem
821 793 882 848 deti
906 791 961 848 sibi
977 791 1045 848 doni
1103 793 1156 844 τῶν
1172 792 1223 860 τήν
1247 790 1335 862 καλήν
1358 792 1509 869 ὁμολογίαν
1533 799 1581 848 τοῦ
1601 791 1725 856 δοθέντος
1750 791 1825 866 αὐτῷ
1846 791 1913 870 χαρί-

225 886 363 954 servcrsi,
380 883 429 955 qui
445 887 474 938 et
488 881 614 954 gloriose
628 881 688 939 illic
703 881 877 938 testificatus
892 885 946 938 est.
1104 899 1207 952 σματος
1222 879 1349 958 φυλάξαι,
1364 883 1395 944 δς
1412 881 1458 937 καὶ
1473 880 1588 954 ἐνδόξως
1603 882 1659 938 ἐκεῖ
1674 881 1867 958 ἐμαρτύρησεν.

259 971 304 1027 ΙΧ.
321 970 415 1040 Titus,
431 971 701 1044 episcopusGrete,
718 971 748 1026 in
775 971 877 1027 endem
896 975 925 1026 ei
943 970 972 1024 in
989 969 1043 1024 cir·
1137 973 1171 1024 θ’.
1202 973 1290 1039 Τῖτος,
1320 968 1466 1034 ἐπίσκοπος
1495 973 1615 1045 Κρήτης,
1645 971 1671 1026 ἐν
1701 969 1769 1046 αὐτή
1792 970 1839 1024 καὶ
1863 975 1914 1030 ταῖς

222 1057 1046 1132 cumjacentibnsinsuiispredicavitssvongeliumChri-
1101 1055 1178 1133 πέριξ
1204 1059 1299 1127 νήσοις
1329 1058 1441 1135 ἐκήρυξε
1468 1060 1499 1114 εδ
1526 1057 1694 1136 Εὐαγγίλιον
1716 1063 1765 1114 τοῦ
1794 1063 1913 1135 Χριστοῦ.

222 1149 271 1206 sti.
288 1147 399 1206 ibidem
426 1153 524 1205 aulem
548 1153 576 1206 et
603 1147 751 1220 dormivit,
774 1152 803 1204 cl
828 1147 961 1220 sepultus
988 1150 1042 1218 esi,
1099 1149 1172 1201 Ἐκεῖ
1186 1147 1231 1202 καὶ
1251 1145 1398 1221 ἐκοιμήθη,
1413 1147 1458 1203 καὶ
1474 1147 1557 1228 ἑτάρη
1574 1147 1600 1204 ἐν
1615 1150 1716 1225 Κρήτη.

220 1253 326 1310 nempe
339 1237 367 1294 in
382 1239 475 1294 Croto.

255 1325 289 1383 X.
304 1328 442 1384 Crescens
466 1326 497 1382 in
513 1325 816 1400 Gelliis¹praedicnvit
844 1324 1042 1398 Evangelium,
1134 1330 1160 1380 1'.
1177 1325 1307 1401 Κρήσκης
1337 1323 1362 1380 ἐν
1393 1323 1525 1389 Γαλλίαις
1553 1324 1666 1401 ἐκήρυξε
1687 1325 1718 1381 εδ
1740 1324 1915 1401 Είαηγὲλιον,

219 1413 323 1471 stillio
351 1413 486 1487 sepultus
514 1419 569 1470 est.
585 1414 745 1472 Eunuchus
761 1414 907 1470 candaces
933 1413 1043 1470 AEthio-
1096 1411 1142 1468 καί
1166 1411 1222 1468 ἐκεῖ
1244 1411 1340 1492 ἑτάρη.
1367 1413 1507 1492 Εὐνοῦχος
1533 1411 1739 1486 Κανδάκηςτῆς
1757 1412 1915 1490 βασιλίσσης

218 1519 289 1577 pum
305 1501 410 1576 reginis
421 1503 451 1558 in
466 1502 573 1559 Arabia
587 1507 780 1576 cognomento
792 1501 889 1570 Felici,
901 1507 929 1558 et
944 1502 973 1558 in
989 1506 1042 1559 Tn-
1098 1500 1247 1573 Δίδιόπωυ,
1280 1502 1306 1558 ἐν
1342 1497 1457 1578 Ἀραὸίᾳ
1483 1507 1518 1578 τῇ
1545 1501 1714 1578 Εὖδαίμονι,
1741 1503 1786 1559 καὶ
1815 1503 1841 1559 lu
1871 1510 1916 1560 Tn-

217 1589 1041 1664 pmbunuiusulnmurisiiubripcoediouvillilvnngelium
1096 1585 1218 1666 προὸἀνη
1236 1592 1313 1664 νήσῳ
1342 1589 1368 1646 ἐν
1397 1594 1432 1666 τῇ
1460 1593 1574 1668 Ἐρυθρᾷ
1603 1591 1715 1668 ἐκήρυξε
1742 1593 1773 1647 τὸ
1797 1592 1915 1668 Εὐαγγέ-

217 1677 344 1736 Domini.
359 1679 453 1735 Aiunt
466 1683 564 1736 antem
593 1696 661 1736 sum
677 1684 706 1736 et
732 1678 842 1736 ibidem
867 1680 1041 1754 martyrium
1096 1677 1155 1734 λιον
1181 1683 1229 1733 τοῦ
1258 1677 1369 1752 Κυρίου.
1398 1678 1488 1754 Λόγος
1517 1677 1546 1735 δὲ
1574 1681 1708 1756 περιέχει,
1738 1682 1775 1743 ὡς
1802 1681 1849 1737 καί
1870 1702 1916 1756 με-

217 1766 385 1842 penulisse,
401 1772 429 1824 el
444 1767 603 1825 honorilice
618 1767 709 1825 luisse
723 1769 884 1841 sepultum.
1097 1768 1298 1843 μαρτυρηκίναι
1314 1765 1393 1823 αὐτον
1410 1768 1475 1840 ἐκεῖ,
1487 1769 1533 1824 καὶ
1549 1766 1664 1840 ἐνδόξως
1677 1775 1804 1848 ταφῆναι.

1053 1889 1078 1955 Β

253 1943 465 2027 ¹Golligere'id
489 1943 558 2003 licei
578 1946 664 2028 0de
688 1946 724 2002 nd
753 1945 938 2003 Timotheum
954 1964 979 2003 c.
999 1965 1036 2020 iv,
1126 1943 1331 2010 τωςίκάλεσευ.
1349 1945 1493 2022 Οὕτωγὰρ
1523 1945 1669 2002 ἐκαλοῦντο
1684 1949 1777 2023 πάγαι.
1792 1945 1868 2002 Οὕτω
1884 1944 1913 2002 δὲ

217 2015 270 2085 10;
287 2031 354 2072 num
378 2015 427 2072 ubi
455 2014 543 2089 vulgo
570 2015 676 2098 legiiur
700 2017 826 2074 Crescens
844 2020 875 2074 in
890 2017 1036 2102 Gululiurn,
1091 2017 1137 2072 καὶ
1151 2022 1197 2072 νῦν
1213 2018 1295 2081 αὐτὰς
1322 2016 1500 2104 δνομάζουσιν
1524 2019 1551 2073 ol
1572 2024 1624 2088 τῆς
1645 2013 1696 2089 ἔξω
1710 2017 1829 2080 παιδείας
1847 2038 1908 2091 μετ-

215 2087 352 2216 ltili?
363 2087 465 2215 liiii
479 2087 790 2217 iliplttbii'ii
799 2087 842 2216 1⁸1¹?
859 2093 880 2216 ἶ
882 2085 1038 2217 “libii
1091 2085 1571 2230 {iiitli‘sliiittcliii
1585 2089 1705 2230 ”iili
1729 2089 1812 2217 *tii
1827 2087 1910 2216 δ’λῖἑ

216 2226 414 2314 siciniorum,
431 2177 508 2303 qudd
524 2230 613 2288 Greci
638 2230 687 2286 elii
713 2203 884 2304 praeieru'nt'
900 2178 1037 2358 ρδοΡΓαλ-
1093 2204 1208 2303 Γαλλίᾳ.
1405 2182 1422 2230 η
1576 2181 1596 2234 μ
1703 2206 1710 2232 ’
1897 2195 1907 2233 Ἰ

214 2296 264 2356 λία
291 2301 360 2358 dior.
375 2301 576 2360 Theodoretus
592 2298 755 2373 ιΓαλατίαν,
769 2302 817 2364 τὰς
847 2299 901 2356 Γαλ
926 2301 967 2364 ίας
992 2301 1037 2357 ob'-

213 2559 1903 2593 m

1032 2807 1093 2902 ΙΙ.

864 3094 1267 3230 EPISTULA

720 3403 814 3466 lidits
830 3404 899 3484 ism
920 3403 978 3466 snb
1001 3407 1033 3466 S.
1055 3406 1232 3470 Hiuuoumu
1253 3405 1391 3480 nomine,

335 3665 419 3759 DE
456 3663 786 3759 DUODECIM
819 3663 1218 3760 DOCTORIBUS
1252 3665 1335 3759 AD
1369 3664 1790 3762 DESIDERIUM¹

845 3923 914 3984 lom
939 3922 997 3983 snb
1019 3921 1146 3984 nornine
1166 3923 1269 3997 Boos,

699 4164 761 4238 bii
789 4163 1114 4238 LUMINARIBUS
1141 4163 1422 4238 EGGLESIAE².

967 4626 1142 4684 CENSURA.

244 4833 307 4890 olio
326 4830 467 4899 obutotnr,
483 4828 532 4900 qui
552 4826 669 4900 probare
694 4826 790 4882 multis
817 4825 985 4896 oryumeniis
1008 4838 1064 4880 non
1078 4838 1135 4880 esse
1148 4822 1222 4881 bunc
1234 4825 1405 4898 Hieronymi,
1421 4825 1467 4882 sed
1480 4827 1557 4884 mole
1569 4827 1799 4897 [criminosioris
1812 4828 1910 4896 seium,

203 4918 383 4976 contenderit.
400 4917 444 4972 Tot
468 4915 612 4972 verborum
638 4915 762 4984 solelrae,
778 4913 883 4986 putide
901 4911 1168 4984 circumlocutiones,
1185 4915 1337 4986 temporum
1363 4922 1444 4986 cique
1472 4915 1583 4971 ordinis
1603 4917 1739 4972 immonis
1753 4909 1908 4994 σνριίλματα,

203 5011 230 5063 et
243 5023 278 5063 ne
292 5007 358 5080 qnid
372 5006 489 5064 delerem
503 5004 603 5074 licum,
616 5019 747 5076 perverso
760 5003 793 5059 de
805 5002 985 5074 scriptoribus
995 5000 1115 5073 jndicio,
1131 5003 1302 5059 stomachum
1311 5003 1443 5060 continuo
1457 5007 1565 5062 moveri
1574 5005 1803 5078 Hieronymionae
1813 5002 1911 5076 clerice

202 5097 339 5168 studiosis,
364 5095 477 5166 ludione
498 5093 650 5166 serentibus
678 5092 834 5165 hujusmodi
861 5091 1060 5147 bloteromento
1082 5091 1114 5145 in
1140 5092 1261 5148 morini
1289 5093 1412 5152 Doctoris
1442 5109 1540 5150 nomen
1572 5093 1752 5166 confercndi
1768 5109 1824 5150 non
1850 5089 1909 5146 ideo

202 5183 331 5240 Erasmus
358 5184 429 5239 illud
457 5185 522 5256 jore
540 5183 676 5240 munos-ii
699 5182 835 5251 stultitiae,
852 5179 921 5251 quel
947 5179 995 5235 nbi
1022 5181 1118 5236 auctor
1144 5185 1283 5252 protessus
1311 5185 1381 5237 esset
1405 5195 1435 5238 se
1448 5181 1483 5238 de
1498 5180 1706 5238 Lumiunribns
1723 5185 1783 5238 toto
1806 5171 1907 5236 mundi

203 5267 390 5328 firmamento
418 5270 585 5328 lucentibus
612 5270 761 5341 dictorum,
776 5269 929 5341 Ροίορὶιιοι,
943 5269 1170 5340 lovinionum,et
1196 5270 1352 5326 consimiles
1379 5270 1526 5328 inculcarit
1553 5270 1733 5338 tenebriones.
1749 5271 1809 5327 Non
1835 5265 1908 5324 enim

201 5373 245 5415 eos
258 5360 331 5415 iuer
344 5359 451 5416 lumino
466 5361 593 5419 Ecclesim
605 5361 727 5432 collocoi,
744 5375 860 5432 quorum
874 5359 977 5430 scripio
991 5357 1176 5429 reprehendit,
1190 5362 1220 5414 et
1234 5374 1344 5416 veneno
1360 5376 1393 5416 nc
1408 5358 1474 5416 ielis
1488 5360 1593 5431 infecto
1607 5375 1663 5416 non
1679 5359 1826 5431 diffitetur.

238 5553 247 5590 ¹
262 5553 306 5610 ilo
318 5551 348 5608 in
364 5567 435 5608 mss.
447 5551 619 5608 Florentinis
631 5553 817 5610 Annuntioiae
831 5551 1019 5609 servitorum.
1079 5549 1264 5607 inscribitur.

201 5630 231 5686 et
245 5626 275 5684 S.
291 5623 390 5682 Crucis
400 5623 555 5694 Minorum,
567 5627 641 5679 teste
656 5625 832 5696 Msrticnaeo,
847 5627 876 5681 et
898 5623 929 5679 in
950 5623 1019 5679 Am·
1109 5623 1120 5658 ¹
1133 5621 1262 5678 Hubetur
1276 5622 1330 5679 hoc
1345 5620 1429 5680 titulo
1445 5624 1501 5680 sub
1516 5623 1598 5682 Bedae
1614 5623 1733 5683 nomine
1746 5627 1823 5696 tomi

199 5697 338 5759 brosiuno
367 5709 537 5770 pensons.
561 5695 670 5750 budov.
691 5697 797 5752 Ancon.
828 5694 1018 5752 muratorium
1072 5709 1196 5768 operum
1210 5695 1261 5768 111,
1276 5711 1305 5767 p.
1322 5695 1385 5753 491.
1814 5731 1816 5736 ,
