4056 6156
161 263 219 325 ll'l
527 259 773 328 bunusnnnlo
792 261 898 327 eleut
918 261 1060 328 babitu
1079 263 1134 329 ‘DS
1151 263 1311 331 selune
1333 267 1499 333 SANGTO.
1786 261 1865 336 ‘HS

162 397 238 454 bona
250 393 421 468 patentibus
443 411 476 452 aa
488 397 521 453 ⁸².
540 418 555 447 o
571 396 628 454 Neo
643 396 809 454 existimare
832 363 984 466 dehemus,
998 401 1028 466 ‘A
1043 400 1185 471 spondere
1193 401 1224 456 o,
1235 423 1249 450 u
1262 400 1370 473 Spiritu
1379 416 1445 457 voro
1456 405 1556 458 sancto
1567 403 1713 460 tribuente
1723 403 1863 476 apostolis

162 485 306 558 Spiritum
325 488 460 542 sanctum
475 486 638 543 secundnm
653 484 835 544 substantias
849 486 899 558 [ut.
915 487 985 544 sub·
1040 491 1129 546 verba
1144 490 1284 546 adversus
1294 505 1344 546 eos
1359 489 1409 561 qui
1421 487 1576 563 Evangelio
1586 492 1778 561 contraibant,
1790 493 1865 550 dilu-

161 572 313 646 etantiam]
327 589 392 632 mse
414 573 553 644 divisum,
566 575 637 648 quia
659 574 818 632 multitudo
841 574 985 632 bonorum
1040 579 1103 634 cide
1117 578 1321 634 ostenditurio
1337 577 1503 634 substantia
1513 579 1578 650 ejus
1592 580 1805 656 superintelligi
1816 597 1864 640 aa·

161 663 276 724 dicatur
304 679 311 718 :
337 661 532 736 impassibilis
560 664 649 732 enim,
672 668 701 721 et
726 663 913 736 indivisibilis
940 669 985 722 at·
1041 666 1156 738 pientio
1185 671 1214 722 et
1239 665 1366 724 scientio
1390 681 1565 723 sermonem.
1593 668 1742 731 Quomodo
1765 674 1864 728 autem

162 763 220 825 qne
241 751 436 828 immutabilis
459 756 529 824 eat,
551 753 603 810 ead
623 753 708 824 juxta
733 752 899 810 differentes
923 754 984 810 elfi-
1042 755 1173 812 Salvator
1196 755 1227 810 in
1250 753 1301 811 illa
1324 755 1442 812 borsoa
1461 759 1490 812 et
1513 755 1687 828 sapientiam
1712 757 1864 831 discipulis

162 840 297 907 bientiae,
326 843 356 896 et
382 839 567 908 intellectus,
594 840 697 898 multia
725 841 870 898 bonorum
898 857 985 899 voca·
1041 843 1193 918 largiatur,
1219 843 1326 917 quibus
1349 843 1546 902 contradicere
1562 861 1620 902 non
1644 850 1763 916 queant,
1784 863 1820 903 ue
1833 847 1865 904 hi

160 929 239 986 bulis
274 933 496 1001 nuncupatur;
534 929 605 1003 quia
633 929 791 1003 participes
829 937 900 989 euos
925 947 984 987 uon
1043 933 1161 1005 quidem
1173 932 1223 1006 qui
1238 933 1314 1005 apud
1325 932 1458 989 hominos
1469 932 1704 1006 eloquentissimi
1714 938 1863 1007 putantur.

155 1021 240 1092 Jrnxtn
254 1029 346 1077 unam
361 1019 555 1090 eamdemque
568 1018 706 1077 virtutem
716 1020 923 1078 communione
937 1021 984 1077 sui
1043 1038 1102 1078 non
1111 1025 1154 1078 est
1172 1020 1261 1094 hujus
1273 1023 1412 1094 temporis
1428 1021 1581 1090 disserere,
1594 1022 1664 1095 quia
1675 1039 1754 1080 nuno
1763 1037 1866 1098 propo-

158 1109 257 1175 donet,
280 1108 392 1181 qnippe
415 1117 482 1164 o'um
508 1108 544 1166 ad
570 1107 728 1166 utilitatem
753 1109 986 1183 uniusoujusquo
1043 1111 1158 1168 suimus
1173 1111 1326 1168 ostendere
1343 1110 1555 1184 superintelligi
1572 1127 1688 1185 semper
1708 1112 1738 1169 iu
1753 1112 1865 1186 Spiritu

158 1201 246 1270 aptos
259 1195 311 1265 sit,
326 1201 357 1253 at
380 1195 492 1270 repleat
510 1196 593 1253 bonis
618 1213 680 1263 eos,
695 1197 803 1269 quibus
825 1197 940 1269 judicat
954 1214 986 1256 se
1040 1203 1141 1256 sancto
1157 1199 1233 1255 dono
1246 1199 1406 1267 virtutum;
1422 1197 1464 1254 ita
1477 1203 1511 1255 ut
1521 1199 1547 1256 is
1562 1199 1690 1272 quicum
1705 1199 1802 1273 babet,
1816 1201 1866 1260 do·

160 1286 263 1344 edesse
288 1285 404 1342 debera.
429 1285 562 1358 Denique
595 1284 762 1358 Stephanus
795 1286 910 1359 primun
936 1285 985 1343 ille
1041 1288 1210 1345 nationibus
1224 1288 1277 1344 Dei
1299 1287 1404 1360 plenus
1417 1287 1569 1344 habeatur.
1588 1289 1666 1346 Unde
1691 1289 1761 1346 etin
1776 1291 1863 1360 lsaia,

162 1373 245 1432 testis
258 1373 399 1442 raritatis,
417 1376 447 1430 et
460 1373 569 1447 dignus
583 1390 637 1430 suo
663 1374 783 1430 nomine
796 1374 865 1447 (23),
881 1373 985 1447 plenus
1040 1376 1805 1451 ipseDeuscnidsmdicit:«PonamSpiritunrmaum
1816 1369 1864 1437 eu·

160 1463 313 1537 replentia,
327 1467 358 1519 et
380 1462 492 1536 Spiritu
506 1467 608 1521 sabbto
631 1464 731 1520 dictus
752 1467 797 1520 eat
813 1481 820 1520 :
840 1463 986 1537 sapientie
1042 1482 1203 1540 persemen
1218 1469 1314 1532 tuum,
1328 1468 1357 1521 et
1369 1465 1677 1523 benedietioncsmeas
1688 1466 1864 1540 superillios

154 1555 372 1626 mnsoquantar
394 1557 483 1624 super
504 1550 663 1624 intellecta,
678 1555 878 1610 commorante
900 1552 931 1608 in
950 1569 984 1610 eo
1041 1560 1108 1612 tuos
1118 1555 1149 1610 ⁴⁸.
1160 1576 1174 1606 »
1185 1554 1342 1627 Nunquam
1353 1553 1432 1610 enim
1444 1553 1548 1626 accipit
1560 1553 1716 1627 quisquam
1727 1548 1865 1629 spiritua·

155 1641 268 1714 Spiritu
283 1643 400 1709 aan'cto,
414 1639 493 1698 siout
506 1640 638 1713 loquitur
659 1641 833 1714 Scriptura:
852 1663 862 1692 ι
879 1642 916 1698 ιιι
929 1640 984 1698 ele·
1040 1643 1083 1700 lea
1097 1642 1314 1699 benedictiones
1334 1642 1395 1709 Dei,
1417 1644 1486 1698 m
1505 1641 1562 1700 nisi
1578 1644 1758 1717 precesserit
1771 1646 1865 1720 Spiri-

153 1735 264 1804 garunt
277 1730 464 1803 Stephanum
487 1729 608 1802 plenum
623 1730 680 1786 tide
703 1733 735 1786 'et
757 1729 867 1804 Spiritu
882 1733 983 1788 annoto
1000 1736 1088 1839 Btus
1103 1735 1235 1788 sanctus.
1248 1731 1302 1798 Qui
1317 1729 1550 1804 enimacoep'erit
1562 1731 1705 1805 Spiritum
1718 1737 1864 1806 sanctum,

152 1817 281 1892 apostoli
290 1819 334 1887 ’ὓς
347 1823 394 1878 et:
406 1840 422 1868 o
432 1817 598 1891 Stephanus
613 1822 723 1887 autam,
734 1818 839 1892 plenus
853 1819 948 1893 gratia
957 1824 987 1877 et
1040 1823 1253 1893 consequenter
1267 1819 1388 1878 habebit
1401 1817 1627 1888 benedictiones,
1639 1821 1670 1878 id
1685 1825 1738 1891 cst,
1751 1824 1865 1896 sapien·

153 1905 406 1973 virtutal'aclebat
416 1905 646 1980 prodigialtllet
655 1905 889 1980 signemagnalin
896 1923 987 1982 popu·
1040 1910 1122 1978 tiern,
1134 1913 1163 1966 et
1179 1908 1368 1978 intellectum,
1381 1911 1409 1965 et
1423 1913 1535 1980 catera,
1547 1910 1583 1966 de
1595 1910 1703 1982 quibus
1715 1911 1756 1968 ita
1766 1911 1867 1970 scribit

154 1995 444 2054 to³⁹.»lltadbu‘cde
454 1995 594 2052 eadelm«
605 1994 986 2054 Stronvalebautreaistero
1039 1997 1196 2072 Apostolus
1214 2013 1221 2053 ι
1237 1998 1389 2074 ‹gPropter
1403 1996 1458 2054 boo
1473 2001 1502 2054 et
1515 2014 1579 2070 nos,
1596 2015 1629 2056 ex
1646 2015 1703 2073 quo
1718 2000 1766 2058 die
1780 1997 1864 2060 audi·

157 2085 322 2158 sapientias,
337 2087 368 2141 at
378 2137 381 2142 ,
393 2083 525 2157 Spiritui,
539 2083 591 2156 qui
614 2082 790 2158 loquebatur
803 2085 834 2140 in
855 2082 905 2140 illo
920 2085 952 2140 ⁴⁰.
969 2091 985 2136 r·
1041 2087 1146 2155 rimus,
1163 2103 1220 2144 non
1237 2103 1388 2142 cessamus
1411 2090 1529 2143 orantes
1542 2103 1596 2160 pro
1610 2088 1703 2158 vobis,
1719 2092 1749 2146 et
1762 2089 1865 2164 deprc-

155 2173 264 2230 Plenna
280 2173 361 2230 enim
369 2172 482 2246 Spiritu
497 2176 599 2230 saneto
610 2173 785 2241 virbeatus,
800 2176 830 2229 et
844 2172 987 2230 ildeialle·
1041 2179 1152 2244 cautos,
1168 2179 1201 2232 ut
1224 2173 1406 2248 impleamini
1431 2173 1595 2248 cognitione
1617 2175 1784 2234 voluntatis.
1800 2180 1864 2251 ejus

154 2269 221 2324 utils
245 2267 294 2320 est
318 2262 474 2334 particeps,
491 2278 556 2334 qua
579 2277 614 2319 ex
638 2261 748 2334 Spiritu
772 2266 873 2319 saneto
895 2263 985 2330 venit,
1041 2265 1167 2321 inomni
1190 2263 1341 2336 sapientia,
1358 2267 1386 2319 et
1400 2262 1592 2337 intelligentia
1615 2265 1760 2339 spirituali
1777 2285 1784 2323 :
1801 2282 1864 2326 am·

156 2352 334 2422 minata
348 2349 535 2419 illud,·ntti
548 2353 646 2406 autem
661 2350 745 2416 fides,
759 2350 789 2406 in
800 2351 901 2408 eodem
917 2351 985 2425 Spi·
1042 2353 1177 2410 balantes
1206 2352 1292 2426 digne
1319 2352 1377 2408 Deo
1403 2352 1436 2406 *ι
1468 2373 1483 2402 u
1509 2353 1566 2408 lios
1589 2353 1668 2410 enim
1697 2355 1749 2427 qui
1777 2355 1864 2430 digne

152 2439 212 2496 ritu
229 2441 264 2495 ⁴¹.
282 2459 299 2489 o
314 2439 349 2496 nt
362 2439 488 2512 gratiam
503 2442 591 2511 atque
602 2438 739 2496 virtutem
749 2439 835 2510 juxta
849 2441 985 2497 eumdem
1041 2442 1096 2500 sibi
1113 2443 1161 2511 [ol.
1176 2440 1273 2513 bonis]
1290 2457 1342 2514 per
1356 2456 1453 2513 opera,
1467 2444 1497 2496 et
1511 2455 1672 2510 sermones,
1689 2447 1718 2498 et
1731 2445 1864 2516 pruden-

152 2529 303 2603 Spiritum
314 2527 440 2598 babens,
451 2527 538 2600 signa
552 2531 580 2584 et
590 2527 723 2600 prodigia
733 2544 840 2600 magna
852 2528 985 2600 iaciebat.
1042 2529 1113 2588 tiam
1130 2530 1279 2597 incedunt,
1296 2527 1411 2603 impleri
1427 2528 1468 2584 alt
1489 2528 1638 2589 voluntate
1651 2530 1713 2600 Dei,
1729 2531 1863 2605 ponentis

152 2618 181 2676 iu
197 2616 324 2691 populo.
341 2615 460 2674 Necnon
476 2615 575 2674 atillis
591 2616 799 2674 donationibus
823 2618 986 2674 seeundum
1041 2635 1130 2693 super
1139 2635 1189 2676 eos
1199 2617 1341 2691 Spiritum
1352 2621 1498 2688 sanctum,
1506 2621 1540 2673 ut
1561 2617 1740 2692 impleantur
1752 2613 1865 2695 sepieri-

152 2708 295 2766 eamdem
309 2705 453 2779 Spiritum
468 2705 616 2774 affluebat,
629 2722 693 2778 qus
708 2711 851 2762 vocentur
864 2706 987 2764 curatio·
1040 2709 1082 2766 tia
1105 2712 1134 2764 et
1158 2706 1367 2775 intellectuat
1392 2704 1512 2778 reliquis
1533 2705 1735 2779 spiritualibus
1758 2710 1863 2782 bonis;

153 2813 226 2854 num
242 2794 348 2870 gratie
363 2795 643 2867 superirruente
658 2795 850 2852 beoanimin
867 2811 987 2852 enumo·
1042 2797 1186 2870 sapientia
1215 2799 1322 2864 auteur,
1348 2798 1377 2851 et
1404 2792 1580 2863 intellectus,
1607 2812 1672 2868 qun
1698 2797 1728 2854 in
1753 2799 1864 2872 Spiritu

153 2885 271 2944 atione
296 2883 444 2958 donorum
467 2881 530 2950 Dei,
552 2882 603 2955 qni
626 2882 748 2956 Spiritu,
772 2886 801 2941 et
823 2883 987 2941 seeundum
1042 2890 1142 2943 sancto
1155 2888 1234 2954 sunt,
1247 2884 1329 2940 olleo
1340 2883 1523 2955 dautur(25).
1538 2907 1552 2934 α
1564 2883 1717 2954 Dominus,
1729 2876 1863 2960 »inquit

150 2974 315 3048 Spiritum,
332 2973 365 3030 in
379 2971 477 3046 prime
499 2971 622 3044 apostoli
636 2970 719 3028 Pauli
734 2972 866 3046 llpistole
880 2973 914 3029 ad
932 2972 987 3030 Go—
1042 2998 1056 3027 ι
1067 2972 1150 3031 dabit
1161 2971 1350 3045 sapientiam
1362 2971 1570 3042 etalacieeJ'us
1582 2971 1865 3046 sapientia,etintel-

153 3063 284 3120 rintbios
300 3061 485 3120 collocantur
498 3061 530 3117 ι’.
544 3061 694 3118 leuatum
708 3065 806 3119 autem
820 3061 987 3135 Stephanus
1041 3063 1134 3121 lectus
1154 3061 1286 3136 procedit
1297 3062 1337 3128 *ἢ
1353 3082 1368 3111 r
1385 3074 1450 3116 curn
1466 3075 1501 3117 ea
1523 3059 1666 3134 snpientia
1681 3079 1744 3136 que
1759 3066 1796 3122 ab
1811 3064 1864 3123 ho·

152 3152 255 3208 divina
264 3149 364 3225 gratia
377 3149 558 3217 abundabat,
569 3153 603 3205 ut
613 3164 698 3206 nemo
709 3150 982 3219 contradicentium,
999 3137 1021 3204 C
1040 3150 1172 3208 minibus
1193 3150 1281 3216 vonit,
1307 3165 1365 3205 non
1388 3148 1428 3204 sit
1451 3147 1623 3220 spiritualia,
1640 3149 1691 3207 sed
1716 3167 1821 3210 nornen
1835 3141 1865 3211 et

153 3247 303 3298 eteorum
319 3239 373 3312 qui
394 3239 534 3296 adversus
557 3253 625 3294 eum
640 3237 841 3311 disputabant,
857 3238 987 3296 valerent
1040 3241 1181 3297 bumana.
1198 3239 1238 3296 De
1257 3236 1425 3311 habitaque
1448 3236 1605 3312 Apostolus
1628 3239 1730 3297 scribit
1747 3259 1754 3298 :
1771 3265 1786 3293 ιι
1800 3233 1863 3300 Nou
1937 3251 1939 3254 '

153 3330 296 3388 resistere
319 3327 484 3401 sapientiae,
500 3331 528 3382 et
552 3325 673 3400 Spiritui
698 3326 749 3400 qui
763 3326 937 3400 loquebatur
955 3329 985 3385 in
1041 3331 1071 3385 in
1095 3328 1240 3402 sapientia
1263 3323 1383 3395 carnali,
1399 3325 1449 3382 sed
1473 3325 1504 3380 in
1519 3327 1615 3399 gratia
1629 3327 1680 3384 Dal
1703 3319 1864 3388 conversali

153 3416 217 3474 illo.
244 3417 314 3474 urat
336 3415 447 3489 qnippe
474 3431 491 3472 a
517 3415 626 3486 Spiritu
650 3419 750 3472 sancto
776 3417 894 3488 sapiens
917 3417 984 3489 (25).
1041 3434 1146 3476 sumus
1161 3418 1191 3473 in
1204 3415 1253 3488 [ol.
1269 3413 1374 3486 iubeo]
1386 3415 1496 3471 mundo
1511 3415 1552 3484 ⁴⁸;
1569 3438 1583 3465 r
1596 3415 1742 3474 carnalem
1754 3420 1867 3494 sapien-

155 3504 243 3562 Unde
257 3509 288 3562 ot
308 3505 344 3562 ad
370 3503 532 3576 discipulos
555 3503 726 3560 auosiasus
751 3503 905 3576 perspicue
920 3521 985 3578 pro·
1040 3506 1112 3562 tiam
1136 3503 1328 3576 dicensque
1354 3501 1384 3557 in
1400 3503 1488 3558 rebus
1512 3504 1657 3575 corporeis
1680 3521 1714 3562 ex
1736 3505 1866 3567 humanb

160 3591 275 3649 clamat
289 3610 298 3648 ι
313 3595 382 3650 cum
397 3591 557 3650 introducti
572 3591 687 3649 fueritis
702 3593 739 3649 ad
755 3593 947 3667 principatus,
959 3597 987 3651 et
1041 3592 1179 3650 subsistit
1189 3592 1315 3665 cogitatu
1328 3589 1396 3664 (27).
1411 3590 1499 3647 Ροιιο
1510 3590 1673 3664 spiritualis
1683 3595 1866 3667 sapientiaet

163 3685 333 3754 ροιειιιιιι,
358 3685 385 3739 ct
408 3679 544 3748 concilia,
560 3684 589 3736 et
611 3695 786 3755 synagogas,
810 3680 899 3739 nolite
924 3699 987 3740 esse
1040 3681 1258 3750 intellectualis,
1275 3680 1353 3736 circa
1375 3678 1577 3738 invisibiliaet
1600 3680 1810 3741 intellectualia
1833 3701 1865 3743 se

159 3768 278 3828 solliciti
293 3769 364 3842 qnid
378 3785 430 3826 vos
454 3773 587 3842 oportent
605 3769 710 3833 dicero,
726 3774 776 3827 ant
799 3771 869 3844 qnid
884 3769 987 3844 loqua-
1041 3776 1155 3837 tenens,
1167 3785 1219 3844 per
1232 3769 1430 3842 operationem
1442 3767 1567 3840 Spiritus
1575 3769 1669 3826 sancti
1681 3771 1865 3844 capientibus

157 3859 235 3916 mini
249 3859 279 3915 in
292 3857 343 3916 illo
364 3861 506 3932 tempora.
521 3857 676 3915 Dabuntur
690 3859 769 3915 enim
792 3858 876 3915 vobis
890 3875 908 3914 a
921 3858 987 3933 Spi·
1041 3876 1073 3916 se
1088 3859 1134 3916 sui
1161 3856 1344 3931 presentiam
1360 3855 1474 3912 tribuit.
1490 3855 1521 3912 ln
1538 3855 1639 3913 multis
1660 3875 1777 3933 quoque
1798 3860 1864 3920 allia

156 3947 219 4006 ritu
233 3951 338 4004 annoto
351 3953 502 4004 sermones
512 3946 670 4020 sapientire,
683 3946 791 4019 quibus
805 3963 864 4003 non
880 3951 989 4020 queant
1042 3947 1114 4004 locis
1124 3944 1436 4019 Apostolusmomorat
1450 3945 1480 4001 iu
1490 3945 1617 4018 Spiritus
1628 3949 1720 4005 saneti
1731 3950 1867 4008 substan-

155 4037 373 4104 eontradieera,
383 4035 585 4110 nobiquidem
596 4035 647 4108 qui
656 4035 842 4092 vehementer
851 4036 880 4092 in
890 4036 989 4110 dispu-
1044 4036 1141 4093 tiaDei
1153 4033 1515 4106 muneraoommorari[ol.
1525 4039 1760 4111 commemorari]
1772 4057 1779 4108 ;
1792 4039 1869 4097 siout

155 4126 322 4186 ardoribus
336 4123 455 4182 callent.
1043 4126 1074 4181 in
1087 4123 1138 4180 illo
1153 4141 1159 4181 :
1176 4143 1191 4173 ι(
1201 4123 1279 4179 Deus
1290 4126 1387 4178 autem
1398 4122 1460 4195 spei
1471 4122 1582 4194 repleat
1592 4139 1644 4180 ros
1654 4126 1736 4181 omni
1746 4128 1863 4197 gaudio,

194 4217 237 4272 aa.
254 4215 315 4273 Sed
340 4229 488 4287 ponamus
499 4212 601 4287 ipsum
625 4212 839 4282 testimonium,
854 4213 934 4286 quod
948 4213 990 4272 ita
1043 4219 1072 4272 et
1086 4229 1156 4288 pace
1167 4213 1196 4268 iu
1212 4210 1366 4278 credendo,
1380 4214 1413 4267 ut
1427 4210 1584 4268 abundetis
1598 4213 1628 4267 in
1644 4227 1706 4285 spa,
1720 4218 1749 4270 et
1759 4214 1864 4272 virtute

157 4305 356 4362 mnrium:
381 4325 397 4355 o
413 4307 485 4360 cnm
508 4306 607 4360 autem
637 4301 852 4360 introduxerint
878 4319 930 4360 vos
958 4303 989 4360 in
1042 4303 1167 4377 Spiritus
1182 4300 1275 4358 saneti
1290 4300 1322 4356 ⁸⁹.
1337 4321 1352 4352 o

156 4403 326 4468 synagogas
337 4392 374 4449 ad
387 4391 611 4465 principatuset
624 4395 794 4464 potestates,
805 4391 896 4450 nolite
914 4390 991 4450 solli·
1080 4394 1124 4449 ll.
1140 4392 1218 4449 Deus
1242 4393 1342 4448 autem
1367 4389 1488 4462 largitor
1511 4389 1666 4458 bonorum,
1683 4407 1766 4464 spem
1781 4407 1871 4465 quam

152 4481 526 4555 stumquooronoaot
548 4479 846 4554 quidraepondeatis,
863 4479 1193 4569 SpirituaDpromisit,
1218 4480 1319 4537 reddet
1342 4477 1394 4552 [ol.
1424 4477 1531 4550 reddit]
1560 4478 1591 4534 iu
1614 4479 1722 4538 virtute
1744 4481 1870 4556 Spiritus

151 4569 490 4630 animaenotuadooebit
507 4568 991 4642 rosineademboraqueoporteat
1045 4571 1149 4639 sancti,
1165 4570 1213 4626 his
1227 4569 1279 4642 qui
1298 4569 1407 4625 hahent
1421 4567 1505 4625 illum
1519 4586 1525 4637 ;
1541 4570 1646 4641 gaudio
1662 4575 1691 4626 et
1706 4587 1776 4644 pace
1791 4588 1870 4629 com·

149 4661 255 4718 dicere
272 4660 305 4718 ι’.
330 4680 347 4710 o
371 4659 408 4715 ιιι
432 4659 463 4715 in
487 4657 543 4715 alio
569 4656 725 4730 Evangelio
741 4673 749 4713 r
766 4679 781 4710 u
797 4657 898 4714 Ponite
922 4673 990 4732 ergo
1045 4657 1105 4731 plet
1128 4674 1178 4714 eos
1193 4657 1245 4730 qui
1254 4657 1496 4730 imperturbatam
1512 4661 1541 4712 et
1562 4658 1693 4714 sedatam
1714 4656 1870 4732 cogitatio·

149 4751 186 4806 in
206 4748 351 4806 cordibus
376 4747 481 4806 rastris
497 4763 555 4805 non
580 4746 786 4820 premeditari,
801 4747 991 4819 quemadmo-
1045 4763 1112 4804 nem
1128 4746 1322 4820 possidentes,
1338 4745 1420 4802 lotas
1435 4745 1545 4802 babent
1558 4752 1683 4816 mentes,
1698 4752 1728 4804 et
1741 4748 1777 4804 ab
1789 4749 1870 4805 omni

150 4839 232 4896 dnm
255 4837 464 4911 respondeatis
480 4852 487 4892 :
504 4835 563 4909 ldgo
589 4835 698 4908 quippe
712 4834 787 4891 dabo
806 4835 889 4891 vobis
903 4851 947 4900 os,
963 4839 992 4891 et
1045 4828 1300 4909 perturbationum
1311 4837 1487 4907 tempestate
1502 4834 1686 4906 tranquillas.
1702 4835 1757 4899 Oui
1772 4841 1871 4894 autem

148 4927 336 5000 sapientiam
361 4925 411 4982 cui
434 4941 494 4982 non
517 4923 632 4982 valeant
655 4923 865 4992 contradicere,
881 4927 932 4980 aut
946 4939 990 4980 ra·
1045 4924 1075 4981 in
1090 4925 1197 4980 virtute
1207 4923 1334 4997 Spiritus
1346 4923 1439 4978 sancti
1450 4921 1587 4994 predicta
1599 4922 1677 4978 hona
1689 4921 1875 4982 luerintcon.

190 5047 465 5117 ”baunonia
503 5049 697 5114 ³⁸botunto.
735 5047 879 5105 ”ibina
918 5047 1088 5105 miniati.
1126 5046 1348 5116 ιιΙ(ιοι.ιιιι,9.
1386 5045 1551 5101 ”intutu
1590 5045 1870 5121 ωΙιιιι.ιιιι,ιι,12.

145 5119 470 5192 “Luc.xxr,ll,l5.
508 5119 734 5188 “laa.xn1r,3.
772 5117 986 5176 “Coloser
1024 5119 1226 5192 ‘'licelinl.
1264 5119 1286 5154 ⁴⁸
1302 5118 1326 5173 ll
1342 5118 1406 5174 Gor.
1424 5133 1442 5186 1,
1460 5116 1503 5172 l2.
1542 5118 1786 5185 ‘'Rom.xv,i3.

189 5258 258 5330 528),
267 5253 880 5328 ltoturp08tephanuu1,»Grecenrtpovoo
890 5253 991 5331 Latine
1080 5255 1136 5328 (26)
1161 5254 1292 5321 Τιοιοι.,
1308 5275 1322 5304 «
1348 5257 1380 5310 ut
1403 5252 1546 5326 impleant
1571 5253 1716 5328 sapientia
1738 5260 1766 5313 et
1787 5257 1871 5314 iutel-

144 5346 291 5390 oorouam
303 5325 501 5400 interpretari.
1044 5324 1131 5394 lectu,
1168 5343 1211 5382 ue
1226 5326 1255 5380 in
1271 5324 1381 5398 Spiritu
1396 5329 1496 5382 sancto
1511 5343 1528 5382 a
1542 5326 1599 5384 Deo
1613 5326 1769 5383 donantur.
1786 5349 1801 5378 o

191 5403 243 5472 (Sl
269 5399 446 5466 Condantur
460 5397 570 5454 habent
584 5411 669 5465 mss,
686 5419 700 5448 o
716 5399 860 5478 portenta.
875 5417 891 5446 υ
923 5468 929 5478 Ι
1079 5397 1135 5526 ξι)
1148 5343 1241 5466 idern,
1258 5414 1351 5482 «Uqua
1367 5397 1472 5455 borum
1495 5397 1677 5474 corporibus,
1693 5401 1723 5458 et
1736 5397 1868 5460 humano

192 5473 245 5543 (25
277 5467 372 5528 Vatia.
394 5467 513 5528 unolos.
529 5473 559 5526 et
581 5472 664 5526 vetus
678 5467 760 5536 odit„
773 5491 787 5519 o
803 5472 866 5525 erat
880 5484 989 5544 quippe
1043 5484 1078 5526 au
1101 5471 1212 5529 sistunt
1225 5473 1363 5546 cogitatu,
1379 5491 1394 5526 u
1410 5473 1464 5534 eto.

140 5548 256 5628 juxta,
266 5546 360 5605 Deum
374 5545 404 5602 ot
417 5539 560 5620 Spiritum
572 5543 709 5602 canotum
723 5539 851 5616 sapiens,
863 5561 878 5594 r
895 5543 951 5604 etc.
