4068 6170
247 340 324 400 tata

990 326 1199 392 amanum.

1837 335 1891 410 titt

244 471 284 541 ei,
315 474 467 531 venerunt
494 467 609 546 singuli
645 468 685 528 de
719 465 788 527 loco
826 485 893 538 suo,
934 461 1872 542 aliphanamatutinam.carrdaucmentumunmnunsam

242 549 774 686 prqpeqppnplrpsquppaqulqpppegppqpes
803 606 865 685 [Al.
898 604 1063 682 Socbitesl,

242 701 273 753 et
298 691 663 772 Sopharllaamenithcs
690 689 791 769 [anq.
823 684 1062 765 Naamathitesl.

243 773 332 831 Quiex
340 771 463 822 condicto
473 771 506 820 ad
520 771 610 820 atilicti
619 768 825 818 consolationem
834 765 1065 822 veniuntcharitn·

240 837 454 896 condixerant
482 835 576 904 enim,
609 840 642 892 ut
671 832 789 910 pariter
827 830 987 889 venientes
1015 829 1063 890 vi·

241 907 1063 978 tisquantitntemdemonstrabautcttamenincuntalocutionc

240 977 441 1041 delinquebant,
452 977 498 1026 sed
517 975 593 1025 tacita
610 973 715 1023 reniam
736 975 908 1030 mererentur,
925 969 971 1033 qui
990 970 1062 1020 bono

240 1039 330 1090 animo
340 1043 491 1103 quaererent
505 1051 575 1088 eum.

239 1103 371 1164 sitarent
398 1121 481 1174 eum,
513 1107 545 1162 et
573 1098 821 1162 consolarentur.
852 1096 993 1174 Cumque
1017 1094 1062 1155 lc-

696 1177 836 1227 boereticos
850 1175 945 1239 figurat
955 1173 1064 1224 creden·

238 1251 363 1306 cassant
392 1242 502 1324 procul
531 1241 639 1302 oculos
678 1259 762 1313 suos,
806 1257 868 1300 uon
908 1253 1061 1316 cognove-

237 1326 277 1373 tes
289 1325 425 1379 Derimat
438 1321 574 1372 hominem
590 1319 757 1384 repellentes,
775 1321 801 1368 et
828 1331 875 1382 per
904 1316 954 1367 hoc
983 1316 1061 1366 tidem

238 1397 409 1458 runteum,
439 1391 470 1446 et
498 1385 710 1445 exclamantes
738 1383 952 1461 ploraverunt,
984 1379 1059 1440 scis-

237 1466 361 1516 Ecclesia
376 1466 511 1522 scindunt,
530 1468 637 1514 terreno
656 1467 682 1512 et
696 1461 802 1512 mortali
821 1473 901 1510 sensu
916 1458 996 1509 corda
1011 1472 1061 1510 sna

236 1531 340 1607 sisque
369 1530 518 1601 vestibus,
548 1531 731 1607 sparserunt
762 1523 923 1605 pulverem
966 1541 1061 1601 super

236 1609 371 1672 operiunt.
684 1605 714 1654 ln
727 1603 768 1653 bis
782 1617 861 1653 omna
878 1605 982 1664 tempus
997 1601 1058 1652 vitre

235 1679 435 1750 capulanum
461 1669 493 1729 in
523 1668 648 1729 coelum.
678 1669 717 1728 Et
744 1667 891 1728 sederunt
920 1683 990 1726 cani
1021 1683 1057 1726 eo

236 1748 636 1804 hereticorumdemonstratur,
651 1747 696 1857 qui
704 1759 809 1809 semper
818 1745 884 1796 muti
892 1744 1055 1806 septemdie-

235 1809 654 1862 busecnocttbnscumstttietoto
679 1809 810 1868 sederint;
819 1821 853 1857 an
866 1821 881 1857 a
892 1805 1057 1856 confessione

235 1876 266 1935 in
297 1881 380 1935 terra
407 1881 526 1952 septem
556 1872 665 1932 dicbus
694 1878 725 1932 et
752 1877 871 1952 septem
901 1869 1055 1944 noctibus,

236 1953 296 2003 tldei
311 1953 467 2017 perdurant.

577 2013 668 2063 Utrum
685 2012 818 2063 contionis
833 2015 902 2062 certe
917 2009 1013 2060 diebus
1027 2024 1059 2060 ac

234 2084 266 2138 et
292 2095 383 2138 nemo
416 2076 603 2156 loquebatur
644 2077 673 2136 ei
712 2075 863 2145 uerbum;
907 2075 1057 2134 videbant

234 2157 471 2207 noctihustotidam
484 2157 609 2206 instantia
620 2155 644 2204 ei
655 2155 754 2205 crebrae
769 2154 924 2204 visitationis
938 2153 1057 2203 udinese·

234 2221 288 2268 rint
302 2220 465 2283 ignoramus.
952 2216 1006 2265 lloc
1020 2215 1058 2265 ait

235 2283 317 2343 enim
347 2283 488 2343 dolorem
521 2297 587 2341 esse
631 2279 857 2340 vehementem.
887 2279 961 2340 Post
989 2279 1057 2340 haeo

234 2362 348 2424 scriptor
361 2361 488 2420 tristor-im,
503 2373 582 2424 quem
597 2360 706 2423 Moysen
722 2359 802 2409 larissa
818 2359 897 2408 tradit
912 2358 1013 2421 opinio.

234 2425 481 2505 aperuit-lobes
507 2441 612 2498 suum,
642 2429 673 2484 et
702 2423 865 2484 maledixit
894 2421 955 2482 diei
984 2439 1054 2495 sno,

233 2513 264 2567 et
280 2507 402 2567 locutus
417 2510 475 2566 est.

531 2711 659 2772 CAPUT
691 2709 743 2770 Ill.

263 2880 308 2929 Vir
322 2877 425 2942 patiens
439 2889 494 2927 uon
510 2876 542 2926 da
556 2877 724 2926 animositate
740 2876 811 2936 dicit,
822 2875 867 2926 sed
885 2879 959 2940 optat
969 2877 1051 2926 utim-

272 2941 462 3005 Pereatdies
490 2941 522 3000 in
550 2959 613 3020 qua
638 2947 730 3000 natus
759 2959 840 3012 sum.
871 2947 901 3002 et
929 2959 991 3001 nox
1020 2941 1051 3000 in

232 3022 379 3074 mortalitas
388 3035 435 3085 per
444 3019 576 3070 Christum
589 3021 680 3070 redcat
704 3033 765 3084 quse
780 3032 827 3084 per
853 3019 1052 3131 tdaaqndlqtsta

1002 3095 1051 3131 rem

232 3167 295 3226 qua
323 3147 441 3207 dietum
474 3149 539 3204 est:
570 3144 744 3222 Conceptus
770 3149 816 3204 est
846 3144 951 3205 horna.
981 3145 1053 3207 Dies

233 3239 292 3275 curn
307 3228 384 3275 nocte
399 3225 497 3272 dictam
513 3221 784 3286 intelligitlliabotum
795 3226 821 3271 et
832 3227 941 3272 mortem
951 3223 1050 3286 signill-
1068 3205 1090 3272 C

232 3293 282 3336 cat.
733 3285 791 3332 Nou
806 3285 840 3333 sit
854 3287 911 3348 ejus
926 3287 1054 3336 memoria

231 3350 286 3410 illa
320 3353 461 3410 vertatur
484 3348 516 3408 in
552 3346 705 3419 tenebras,
738 3353 769 3406 et
806 3365 868 3408 non
914 3350 1053 3427 requirat

232 3425 1052 3540 aqtepominuminbenumtuminecognitionisDei,velpoe·

232 3505 259 3540 nr
276 3503 308 3540 en
322 3503 364 3540 rra.

232 3557 314 3615 Deus
343 3553 489 3630 desuper.
531 3557 562 3612 et
604 3569 666 3612 non
705 3551 880 3612 illustretur
921 3553 1049 3616 lumine.

232 3635 402 3684 Peccatorunr
419 3631 588 3681 multitudine
602 3634 724 3680 caecetur.
737 3631 817 3680 Poena
827 3631 973 3682 infernalis.

231 3697 407 3758 tlbscurent
439 3713 511 3756 eum
548 3696 683 3756 tenebrae
718 3698 750 3754 ct
771 3695 882 3754 umbra
927 3697 1047 3772 mortis,

231 3777 340 3826 Caecitas
355 3774 451 3826 cordis.
519 3813 524 3825 .
734 3774 958 3826 Furoreirmtlei.

231 3844 364 3918 occupet
397 3856 469 3900 eum
502 3836 616 3909 calido,
654 3843 684 3897 et
718 3835 898 3898 involvatur
932 3839 1050 3899 amari-

309 3919 341 3968 de
355 3931 409 3982 qua
423 3931 503 3980 snpra
515 3915 613 3965 dietum
628 3919 676 3964 sst.
693 3915 820 3965 Diabolus
838 3917 883 3979 qui
912 3919 1049 3980 perturba-

233 3981 352 4042 tudine.
402 3983 531 4041 Noctem
594 3979 679 4038 illam
730 3979 914 4040 tenebrosus
958 3982 1050 4042 turbo

230 4057 1052 4122 tionammundoadvexitlnnumoroCttristianorum,qnican·

232 4124 407 4204 possideat;
445 4141 507 4183 non
537 4127 737 4199 computetur
764 4121 795 4180 in
825 4123 935 4182 dicbus
964 4142 1037 4184 anni

234 4202 427 4253 auschristum
451 4201 582 4264 stgntdcat
592 4199 768 4263 lutpostotis.
781 4201 838 4250 Non
854 4201 952 4251 babeat
967 4204 1050 4252 Deum

230 4283 288 4326 nec
314 4272 497 4327 numeretur
524 4265 556 4323 in
605 4263 773 4324 mensibus.
805 4263 852 4325 sit
891 4283 953 4326 nox
996 4267 1051 4326 illa

229 4345 417 4396 habitatorem.
775 4343 863 4394 Sancti
878 4343 969 4408 utique
983 4359 1052 4410 prce·

228 4408 379 4482 solitaria,
421 4425 477 4467 nec
512 4404 606 4466 laude
645 4405 751 4484 digna.
797 4405 985 4468 Maledicnnt
1019 4409 1048 4470 ei

227 4488 416 4538 caricationem
429 4485 522 4536 mortis
532 4497 587 4534 strar
600 4488 627 4534 et
636 4484 772 4534 diabolum
788 4485 951 4535 maledicunt
967 4489 1044 4537 resis-

229 4551 283 4630 qui
311 4550 502 4610 maledicunt
535 4549 607 4619 diei,
637 4549 690 4627 qui
718 4549 821 4628 parati
849 4556 921 4610 sunt
950 4552 1046 4613 susci·
1061 4569 1085 4634 D

228 4632 308 4680 tendo
333 4627 509 4678 dominationi
520 4626 616 4690 sius,id
628 4630 667 4676 est
677 4627 887 4676 additamentum
900 4627 1046 4689 bominum,

228 4695 274 4756 qul
284 4691 437 4742 hominibus
450 4689 553 4752 culpata
568 4703 665 4752 augere
680 4702 735 4739 non
751 4689 862 4739 desistit.

551 4753 711 4813 Peccatores,
727 4752 771 4816 qui
783 4753 810 4801 in
826 4755 904 4802 nocte
918 4755 1006 4804 saeculi
1021 4755 1049 4804 in

229 4826 295 4881 tare
328 4815 512 4878 chiatban.
542 4814 792 4876 Obtenebrentur
833 4817 930 4877 stellae
971 4817 1048 4879 cali-

228 4899 330 4948 bonore
345 4900 372 4947 et
385 4895 484 4945 divitiis
497 4894 586 4944 lucere
603 4907 631 4944 se
646 4894 786 4957 putabant.

402 4957 523 5008 Diabolus
538 4956 622 5006 lucem
634 4956 864 5021 redemptionibus
878 4957 972 5008 Christi
994 4971 1048 5008 aon

229 5023 301 5101 gine
350 5021 429 5100 ejus,
469 5027 627 5100 exspectet
668 5028 700 5080 et
740 5038 801 5081 non
844 5021 949 5082 videat
991 5039 1048 5082 nec

229 5099 1049 5168 cognoscatltesurrectionemChristi.Matrissisecribnsretut

229 5176 332 5227 ortum
362 5185 415 5225 sur
438 5165 518 5225 entis
553 5182 685 5224 aurorae.
717 5163 795 5234 Quin
837 5182 899 5223 non
937 5164 1049 5225 clausit

229 5245 350 5294 clatrstris
361 5185 472 5294 turillae
483 5243 604 5294 debuerit
613 5241 735 5300 detineri,
746 5255 780 5292 ne
791 5241 824 5292 ad
839 5242 943 5292 dolores
954 5255 1045 5292 nasca-

229 5307 310 5368 ostia
358 5307 485 5380 ventris,
513 5307 567 5386 qui
593 5305 731 5386 portavit
758 5323 817 5378 me,
848 5325 904 5367 nec
919 5306 1048 5367 abstulit

229 5383 997 5444 retur,dotoreseteruoiatuscontinuosQuaremortalitnsi
1018 5400 1048 5436 sa

230 5448 314 5509 mata
340 5447 379 5507 ab
408 5448 508 5508 oculis
537 5449 623 5509 meis.
654 5451 756 5520 Quare
785 5466 846 5509 non
884 5449 915 5509 in
955 5399 1048 5510 vulva

228 5525 367 5578 mortalem
378 5539 432 5575 non
443 5527 589 5577 exstinxit?
599 5528 667 5586 Quid
677 5528 793 5578 viverem
804 5528 1045 5592 moritnrnsetpas-

229 5595 371 5654 mortuus
400 5607 480 5658 sum,
513 5590 561 5648 vel
589 5609 731 5666 egressus
756 5609 795 5652 ex
823 5598 913 5653 utero
941 5593 1046 5652 statim

228 5683 307 5722 surus
322 5668 392 5720 matu
408 5666 574 5716 mortalitatis
587 5668 733 5719 humanae?

316 5780 321 5790 ,
338 5733 397 5782 Post
408 5733 526 5795 apertum
541 5728 656 5794 culpam,
670 5743 717 5780 cur
731 5745 774 5782 me
789 5732 877 5783 adhuc
899 5733 926 5783 io
953 5732 998 5782 illa
1022 5735 1049 5782 st

228 5793 394 5848 consuetudo
409 5792 544 5855 succepit?
811 5795 870 5846 Post
883 5795 968 5868 culpa
983 5807 1048 5848 con·

229 5857 332 5945 periit
360 5858 462 5934 Quare
498 5857 646 5936 exceptus
674 5851 832 5932 genibus?
859 5859 920 5922 Gur
946 5857 1047 5924 laets·

1029 4124 1035 4138 .
1105 4089 1284 4140 citurnitatem
1298 4089 1331 4140 ab
1346 4091 1438 4142 otiosis
1452 4093 1540 4144 verbis
1553 4094 1661 4146 iudicat.

1042 4172 1048 4198 r
1105 4169 1209 4212 nonne
1234 4151 1329 4214 siluit

1352 587 1359 600 ·
1478 527 1583 579 ttullum
1596 529 1687 582 fletum
1702 536 1728 582 et
1740 533 1843 587 ulutatum
1853 543 1890 590 edi-

1121 591 1170 646 tus
1186 603 1256 648 sum
1272 586 1445 649 uberibus?
1461 591 1550 652 Nunc
1577 593 1661 654 enim
1694 595 1750 656 tob
1775 597 1893 665 dormiens

1120 667 1203 740 taras.
1216 665 1274 716 Nou
1287 680 1359 716 eram
1371 667 1495 720 incitatus
1507 671 1620 722 stimulis
1634 673 1796 726 cruciatuum.
1809 679 1863 730 Licet
1877 683 1895 732 tn

1120 728 1255 816 silerem,
1285 736 1316 791 et
1344 749 1455 794 somno
1491 751 1559 796 meo
1590 737 1820 816 requiescerem
1844 763 1893 808 cua

1119 807 1224 883 interno
1234 811 1294 866 sint,
1303 813 1511 876 tamencorpora
1519 827 1574 864 non
1587 815 1708 866 sentiunt
1721 821 1896 876 tormentatum

1120 872 1245 948 regibus
1273 879 1303 932 st
1332 875 1513 937 consulibus
1547 885 1649 953 torrae,
1687 880 1740 958 qui
1777 883 1895 948 adiiciat

1117 950 1260 1059 operaest
1295 951 1346 1002 uod
1358 951 1463 1005 deserta
1477 959 1541 1006 sunt
1550 958 1649 1015 omnia,
1661 971 1722 1021 quas
1735 960 1847 1034 ebriatum
1855 965 1896 1038 tos·

1117 1016 1199 1074 ptem
1214 1025 1269 1062 non
1304 1014 1393 1065 abent.
1622 1019 1672 1072 Pro
1687 1021 1895 1078 multitudrnadm·

1117 1075 1175 1164 sibi
1204 1077 1401 1166 solitudines,
1434 1085 1489 1168 aut
1517 1099 1587 1170 cuum
1619 1083 1837 1163 principatibus,
1860 1092 1897 1169 qui

1117 1156 1214 1230 tuarum
1224 1155 1275 1204 hoc
1285 1156 1358 1205 drcrt.
1372 1157 1456 1208 Varlrs
1466 1160 1552 1210 modis
1563 1161 1635 1222 dicit,
1670 1164 1720 1212 uod
1739 1167 1896 1232 poenasinqui·

1115 1219 1277 1344 possident
1291 1237 1417 1294 aurum,
1434 1227 1465 1283 et
1493 1225 1615 1352 replent
1645 1177 1666 1285 l

1667 1243 1754 1288 omos
1780 1249 1839 1291 suas
1860 1251 1896 1292 ar·

1135 1301 1363 1361 userat,optasset
1373 1300 1529 1377 eraderet
1550 1303 1897 1362 ortividicunturtromiuesra-

1115 1365 1209 1438 ganto
1240 1377 1247 1419 :
1283 1367 1338 1422 aut
1379 1370 1459 1425 sicut
1496 1368 1673 1428 abortivum
1716 1369 1897 1434 absconditum

1114 1438 1375 1517 telegcmlitterasdli
1386 1444 1499 1507 qnipost
1507 1450 1642 1509 acceptam
1652 1448 1819 1510 legcmiubac
1825 1453 1899 1501 munda

1115 1519 1177 1592 non
1206 1503 1419 1579 subsisterem,
1449 1505 1496 1568 vel
1539 1510 1594 1587 qui
1629 1513 1770 1590 concepti
1795 1533 1846 1576 non
1870 1517 1899 1575 ri·

1114 1585 1168 1630 uati
1183 1587 1254 1644 sunt,
1270 1587 1297 1634 et
1312 1583 1457 1635 adrentum
1473 1585 1567 1637 Christi
1581 1601 1635 1639 aon
1652 1589 1782 1642 viderunt.

1321 1645 1387 1704 Quin
1402 1647 1486 1712 gloria
1502 1652 1679 1712 superborum
1689 1652 1819 1704 humiliata
1831 1655 1871 1705 erit
1881 1655 1900 1704 ia

1113 1705 1227 1796 derunt
1267 1705 1380 1769 lucem.
1412 1711 1458 1772 lbi
1488 1712 1578 1792 impii
1612 1723 1806 1778 cessaverunt
1827 1736 1843 1778 a
1864 1723 1899 1778 tu-

1112 1784 1228 1846 snleruo,
1238 1786 1272 1836 ab
1281 1789 1457 1862 oppressione
1467 1794 1494 1840 et
1508 1793 1629 1844 molestia
1653 1796 1747 1844 mundi
1770 1795 1900 1846 liberalite

1114 1850 1226 1936 multu,
1243 1857 1283 1938 'et
1313 1851 1356 1912 rbi
1385 1853 1607 1932 requieverunt
1632 1857 1704 1919 lessi
1745 1859 1852 1921 robore.
1875 1861 1900 1920 tt

1114 1925 1218 1978 interno
1228 1929 1306 1978 simul
1315 1929 1436 1982 habitare
1447 1932 1511 1982 dicit
1520 1938 1608 1985 mmet]
1621 1937 1677 1987 siue
1687 1950 1774 2000 pians.
1845 1939 1900 1988 tussa

1113 1992 1273 2080 quondam
1302 1993 1398 2055 vincti
1434 1996 1553 2075 pariter
1589 1999 1655 2061 sine
1684 1999 1828 2062 molestia.
1852 2005 1899 2060 Non

1112 2081 1266 2194 rarqqorum
1277 2070 1447 2124 dominorum
1459 2089 1513 2125 non
1529 2083 1663 2130 verentur.
1676 2079 1780 2130 Parvuli
1793 2085 1817 2130 et
1832 2081 1897 2142 magn

1112 2150 1151 2193 au
1176 2139 1281 2223 rerpnt
1309 2154 1417 2198 vocem
1454 2141 1620 2202 exactoris.
1650 2143 1768 2205 Parrus
1801 2149 1830 2205 et
1852 2161 1900 2204 ua·

1112 2211 1278 2262 credentium
1290 2214 1325 2264 ibi
1336 2215 1487 2268 liberantur
1502 2233 1518 2268 a
1531 2219 1699 2271 contusione.

1110 2294 1191 2352 gnus
1205 2277 1250 2366 ibi
1265 2285 1349 2354 sunt,
1366 2289 1397 2340 ct
1416 2297 1524 2343 servus
1553 2285 1633 2344 liber
1659 2303 1678 2346 a
1707 2283 1826 2344 domino
1850 2302 1900 2344 sua.

1110 2353 1174 2403 (tum
1190 2359 1231 2418 nt,
1244 2357 1370 2418 utvideo,
1384 2359 1410 2408 in
1421 2359 1525 2410 interno
1535 2363 1674 2425 equalitas
1688 2375 1903 2426 personarumcnr

1110 2419 1211 2489 Quare
1240 2419 1315 2480 data
1343 2423 1455 2484 misero
1482 2430 1530 2485 est
1559 2426 1624 2499 lux,
1654 2433 1686 2487 et
1714 2429 1778 2488 vite
1800 2426 1902 2504 his,qni

1111 2495 1175 2546 mihi
1185 2497 1283 2549 misero
1298 2498 1361 2551 data
1376 2505 1415 2552 est
1427 2503 1482 2553 vita
1496 2505 1656 2556 cruciatibus
1672 2504 1771 2569 plena?

1654 2567 1706 2617 Pro
1722 2565 1840 2632 angusllis
1852 2579 1904 2615 mar·

1109 2621 1141 2682 in
1157 2623 1366 2686 amaritudine
1394 2619 1508 2688 animae
1537 2629 1634 2690 sunt‘l
1663 2633 1724 2703 Qui
1749 2635 1903 2710 exspectant

1109 2704 1162 2750 tem
1177 2701 1299 2752 homines
1308 2707 1637 2776 qpmrentes,qainiminm
1649 2709 1741 2774 utiquc
1753 2709 1902 2774 gratulantur.

1108 2775 1168 2812 cum
1182 2769 1298 2838 optatam
1310 2767 1522 2818 sibiiuvcuerint
1536 2771 1711 2832 sepulturam.
1728 2772 1903 2822 Paciletbaaan·

1108 2837 1167 2898 rum
1181 2833 1292 2886 invenit,
1308 2829 1353 2892 qui
1367 2842 1383 2878 a
1397 2844 1424 2880 aa
1439 2830 1535 2881 molem
1551 2835 1665 2884 terrente
1692 2835 1851 2895 cogitationis
1873 2845 1903 2880 re

1107 2887 1189 2950 pettit.
1608 2895 1658 2954 Qui
1672 2897 1826 2947 mortificare
1834 2909 1857 2944 se
1868 2908 1901 2957 ap-

1107 2956 1252 3025 mortem,
1289 2959 1320 3014 et
1362 2973 1424 3016 non
1466 2955 1560 3017 venit.
1604 2959 1698 3031 Quasi
1747 2957 1903 3020 effodientes

1107 3032 1181 3092 petit,
1192 3031 1270 3080 valde
1279 3032 1313 3082 ad
1327 3033 1462 3086 inventam
1485 3036 1603 3099 requiem
1619 3038 1844 3103 contemplationis
1852 3036 1901 3084 hita-

1107 3093 1303 3169 thesaurum,
1333 3098 1471 3175 gaudent
1512 3098 1716 3162 uehementer
1741 3120 1809 3163 cum
1835 3101 1902 3160 inre·

1108 3173 1195 3222 rescit.
1483 3178 1518 3228 Dc
1535 3191 1563 3228 ss
1577 3179 1650 3239 dicit,
1662 3181 1727 3245 quis
1743 3178 1902 3231 absconditum

1108 3237 1213 3296 nerint
1240 3237 1432 3315 sepulcrum.
1475 3241 1548 3302 Viro
1590 3244 1640 3304 oui
1679 3244 1781 3322 [ναῖς.
1821 3239 1900 3318 cujusl

1107 3316 1384 3367 cssetmeritumritas
1399 3331 1462 3368 sura.
1489 3321 1629 3372 Poenarum
1657 3323 1824 3374 eruciatibus.
1849 3322 1905 3370 tuter

1107 3379 1349 3440 absconditaest
1364 3381 1437 3455 vita,
1454 3388 1486 3443 et
1512 3383 1720 3447 circumdedit
1747 3403 1815 3448 eum
1841 3386 1905 3444 lleus

1107 3461 1217 3508 caeteros
1228 3459 1367 3520 cruciatus,
1375 3461 1455 3511 etiam
1466 3464 1534 3512 banc
1542 3463 1725 3516 infirmitatem
1733 3462 1903 3515 diaboluseiin·

1108 3521 1272 3581 tenebris?
1302 3527 1477 3602 Antequam
1516 3527 1694 3600 comedam,
1725 3527 1860 3608 suspiro:
1882 3531 1905 3584 et

1108 3599 1217 3656 tlixerat.
1231 3604 1260 3650 ut
1273 3605 1334 3651 ante
1345 3601 1434 3653 cibum
1445 3607 1609 3666 torqueatur,
1621 3617 1647 3656 et
1662 3607 1718 3656 sint
1727 3608 1751 3658 ei
1787 3605 1904 3657 cstcibnn

1107 3661 1287 3713 indesinentes
1298 3663 1419 3726 dolores;
1435 3666 1469 3716 dc
1490 3666 1540 3716 troc
1556 3669 1696 3744 sequentia
1715 3623 1831 3734 subiicit
1846 3663 1904 3716 tcai

1106 3725 1196 3802 qnasi
1224 3725 1413 3789 inundantes
1440 3748 1543 3808 aquae,
1578 3749 1623 3792 stc
1659 3735 1783 3811 rugitus
1823 3747 1901 3792 meus.

1106 3802 1905 3875 dicat2‘l'imebammcpcccaadollsumoffenderem3quidurlhi

1106 3868 1186 3938 Onia
1208 3869 1315 3940 timor,
1345 3889 1438 3949 quem
1476 3871 1636 3946 timebam,
1669 3877 1757 3936 venit
1782 3872 1861 3942 mibi,
1881 3875 1904 3930 et

1105 3947 1214 4008 proluit,
1226 3947 1289 4011 quia
1299 3946 1433 4000 doloribus
1443 3951 1903 4015 mstorqncrrrtonreddensmaau-

1105 4011 1191 4088 qnod
1218 4010 1348 4072 verebar
1386 4013 1509 4075 accidit.
1555 4019 1664 4078 Nonne
1707 4010 1904 4078 dissimularit

1828 4092 1905 4144 llolaut

1359 4173 1462 4216 nonne
1492 4155 1621 4237 quievi?
1646 4165 1678 4220 et
1706 4159 1790 4220 venit
1828 4171 1905 4234 snper

1105 4231 1242 4294 plagarum
1257 4231 1330 4282 dicit.

1107 4312 1156 4355 me
1169 4295 1357 4375 indignatio.

1413 4403 1541 4468 CAPUT
1563 4407 1614 4468 lv.

1147 4518 1350 4596 ltespondens
1392 4525 1496 4581 autem
1531 4521 1662 4600 Eliphoz
1711 4519 1904 4584 rhammus.

1209 4598 1333 4647 (tetendit
1342 4610 1370 4647 se
1385 4611 1440 4648 nou
1450 4600 1635 4660 consolatoria,
1646 4601 1693 4652 aad
1706 4602 1833 4667 injuriosa
1842 4597 1905 4647 reri·

1104 4657 1202 4721 dixit:
1221 4661 1253 4720 Si
1268 4661 1455 4740 coeperimus
1474 4662 1559 4742 loqui
1588 4665 1656 4738 tibi,
1687 4667 1817 4727 forsitan
1849 4677 1903 4722 no-

1103 4737 1263 4789 loeuturum.
1461 4755 1508 4804 per
1517 4747 1646 4807 concepta
1656 4757 1721 4810 ergo
1737 4745 1817 4795 verba
1826 4739 1906 4806 proten

1103 4801 1182 4892 leste
1214 4801 1377 4930 accipies:
1422 4805 1476 4865 sed
1517 4813 1704 4886 conceptum
1749 4817 1905 4870 sermonem

1102 4893 1229 4943 iujuriam
1243 4895 1276 4931 au
1298 4885 1371 4932 renti.
1455 4883 1550 4935 Multos
1561 4885 1594 4936 ab
1610 4899 1698 4937 errore
1714 4886 1843 4938 revocasti
1855 4895 1906 4947 pau·

1105 4945 1296 5023 tenerequis
1323 4945 1443 5024 possit?
1471 4949 1550 5010 Eece
1579 4949 1712 5011 docuisti
1743 4952 1861 5016 multos,
1882 4947 1905 5002 at

1102 5035 1179 5085 peres
1190 5027 1236 5073 tua
1245 5022 1363 5074 bonitate
1375 5026 1529 5076 consolatus
1539 5039 1576 5077 cs.
1589 5029 1688 5078 Duablos
1697 5029 1732 5078 da
1742 5029 1905 5094 caliginosam

1105 5103 1215 5146 manus
1242 5087 1339 5149 lassas
1368 5089 1533 5151 roborasti.
1575 5091 1767 5153 Vacitlantes
1807 5089 1903 5152 conir-

1103 5165 1164 5215 llaec
1174 5167 1263 5216 omnia
1273 5166 1300 5216 in
1312 5172 1436 5218 sanctum
1446 5169 1495 5219 lob
1505 5181 1566 5219 cum
1577 5170 1697 5222 irrisione
1705 5171 1838 5228 dicantar,
1845 5163 1905 5216 dccli·

1103 5235 1267 5290 araverunt
1282 5247 1440 5293 sermones
1455 5232 1513 5306 tui,
1530 5238 1561 5294 et
1592 5251 1695 5312 genua
1725 5231 1904 5296 trementium

1102 5312 1198 5358 nantes
1212 5321 1228 5357 a
1241 5308 1409 5360 rectitudine.
1682 5314 1743 5363 lton
1758 5311 1905 5364 delectaret

1102 5369 1205 5451 [Vale.
1239 5373 1415 5453 trementia]
1467 5375 1645 5436 confortati.
1689 5378 1779 5437 Nunc
1818 5377 1906 5436 auten

1102 5450 1275 5500 conturbatas
1290 5455 1340 5510 est,
1356 5453 1444 5504 sedin
1460 5454 1584 5504 omnibus
1615 5455 1757 5506 Dominum
1782 5449 1900 5504 benediait

1102 5513 1186 5573 venit
1202 5531 1296 5593 super
1321 5521 1349 5575 te
1367 5520 1469 5596 plaga,
1501 5523 1531 5578 et
1560 5517 1720 5579 delecisti:
1753 5518 1849 5596 tetigit
1873 5519 1904 5574 tt·

1444 5597 1480 5646 dn
1491 5596 1513 5644 si
1529 5596 1631 5647 diceret
1642 5611 1647 5646 :
1657 5597 1678 5646 si
1688 5597 1812 5648 timorem
1824 5591 1906 5646 uetus·

1102 5659 1133 5716 et
1156 5653 1362 5718 conturbatus
1388 5675 1432 5720 es.
1465 5658 1524 5721 Ubi
1552 5665 1599 5720 est
1629 5661 1723 5721 timor
1752 5669 1831 5732 tuus,
1855 5657 1906 5716 lor·

1103 5733 1213 5794 buissss,
1225 5737 1252 5784 st
1262 5734 1451 5800 perlectionem
1461 5737 1523 5788 vita
1533 5742 1596 5799 tuas,
1608 5751 1748 5808 nonquam
1759 5739 1907 5801 tatiapassut

1102 5797 1204 5862 titudo
1219 5803 1285 5874 tua,
1303 5799 1454 5882 patientta
1470 5806 1537 5878 tua,
1565 5807 1598 5866 st
1625 5803 1775 5886 perlectis
1802 5801 1906 5864 daron

1102 5877 1208 5932 intima.
1508 5905 1511 5912 ι
1770 5892 1830 5949 arao
1842 5880 1904 5944 im·
