4066 6162
219 273 277 353 stt
512 323 517 332 .
838 271 873 338 S.
895 267 1050 338 sussen
1070 263 1307 337 dissensui.
1851 262 1921 330 sis

252 409 298 466 29.
322 405 655 480 sescenisnummis
688 403 761 466 telier
792 424 821 465 se
847 408 1041 479 thermantia.
1057 407 1147 474 Atia
1173 405 1278 474 Deum,
1293 404 1318 460 si
1351 395 1488 476 pretiosis
1503 401 1591 475 etque
1623 396 1785 460 nitentibus
1800 401 1921 455 utantur

218 527 253 540 -
267 498 374 572 lungis
389 499 531 569 preterea
553 495 611 552 duo
636 496 767 569 capitula
788 495 865 554 inter
887 513 918 552 so
933 496 1044 552 disere·
1099 494 1223 550 exuviis.

219 586 330 660 parilia,
347 601 410 658 quie
425 585 450 642 si
464 601 532 640 vera
546 583 616 652 sint,
642 601 675 640 os
699 585 812 657 aperire
833 601 891 641 non
911 583 1042 656 poteris:
1133 583 1178 638 30.
1193 582 1323 654 capitulo
1336 581 1442 650 Pelopis
1457 579 1512 636 cibi
1526 579 1679 635 corbario.
1710 575 1921 634 -Audiamus

219 673 429 747 «Sapientiam
453 675 481 728 at
507 673 579 729 m
604 672 784 730 intellectum
807 673 1040 745 scripturorum,
1097 675 1127 727 ct
1141 675 1262 726 caetera:
1280 693 1294 720 «
1318 669 1456 726 Inimicus
1477 671 1510 724 ut
1541 667 1618 725 m
1641 665 1790 740 proximos
1804 664 1924 740 diligen·

224 763 280 820 nisi
295 763 347 835 qui
362 761 506 833 didicerit,
533 762 608 818 scira
632 778 838 834 scuposas.»
868 761 1041 818 Etiterum:
1098 759 1222 832 dos(tit.
1255 775 1336 815 cmiv
1363 760 1400 814 ot.
1435 757 1538 829 cmvi).
1572 755 1732 828 statimque
1764 770 1922 828 oppressus

220 851 408 909 «Solantiam
424 848 498 923 legis
522 867 580 907 non
603 867 747 924 usurpare
768 851 871 907 dehere
890 849 1042 906 indoctum
1097 846 1272 921 gravissimo
1302 847 1446 920 lethargo,
1478 845 1564 918 ponis
1596 849 1626 902 et
1657 843 1751 901 dicis:
1769 865 1784 894 ι(
1799 843 1918 901 inimico

221 941 352 1013 (titur).
372 937 552 994 »auianim
569 939 754 1011 magistrum,
781 955 798 995 s
822 955 880 1011 quo
896 937 1042 1005 didiceris,
1097 951 1329 1008 nunquamesse
1357 934 1536 991 credendum
1571 933 1919 1005 (tit.cisi1,cl.onxvi),n
1984 1001 1988 1010 ,

218 1028 349 1101 prolerre
364 1027 488 1102 cogeris,
504 1029 537 1082 ut
551 1026 603 1082 tihi
615 1026 769 1083 scientiam
780 1025 1043 1100 legielioeatusnr·
1096 1025 1174 1098 quod
1192 1025 1248 1081 sibi
1264 1039 1329 1081 esse
1345 1022 1536 1091 contrarium,
1555 1021 1643 1079 etiam
1660 1037 1707 1078 me
1723 1021 1837 1090 silente,
1854 1035 1920 1094 per·

218 1131 307 1189 perc:
326 1119 377 1171 aut
392 1115 416 1171 si
432 1115 575 1188 magister
588 1113 657 1172 talis
671 1119 717 1172 est
731 1114 781 1188 qni
797 1116 834 1171 ab
851 1114 908 1171 alio
924 1131 982 1171 non
998 1114 1041 1170 di·
1096 1114 1233 1188 spicuam
1248 1117 1303 1170 est.
1319 1112 1375 1170 Sed
1389 1101 1468 1168 dioe's
1483 1111 1536 1184 (et.
1553 1110 1637 1184 dicis)
1666 1114 1824 1182 utrumque
1836 1110 1920 1166 voci·

217 1203 329 1271 dicerit,
346 1206 374 1259 ot
387 1201 520 1259 docuerit
534 1207 563 1259 te
577 1203 655 1276 quod
671 1202 734 1276 ipsa
742 1203 905 1277 ignorabat,
912 1207 1042 1260 restitut
1095 1200 1151 1258 hus
1177 1201 1334 1275 scripturae
1346 1199 1498 1268 contineri,
1521 1217 1579 1257 uon
1605 1199 1837 1256 animadvertens
1856 1213 1919 1271 quo

217 1307 274 1347 non
290 1296 367 1347 recte
383 1290 485 1358 iacies,
502 1289 553 1363 qui
568 1290 705 1348 indoctus
734 1307 860 1364 usurpas
887 1291 1041 1348 scientiam
1095 1304 1185 1346 senen
1199 1290 1230 1344 iii
1245 1290 1308 1347 siiis
1323 1288 1395 1346 locis
1408 1289 1485 1345 dicta
1500 1287 1569 1345 sint.
1585 1288 1763 1360 Praeceptum
1775 1290 1820 1343 est
1830 1285 1917 1356 mihi,

216 1378 434 1452 scripturarum
449 1383 479 1435 et
491 1377 634 1452 magister
662 1380 745 1451 prius
769 1397 858 1452 quein
879 1379 1041 1453 discipulus
1095 1381 1127 1432 ut
1141 1377 1263 1451 diligam
1278 1377 1426 1449 inimicos,
1441 1381 1471 1433 et
1493 1392 1576 1434 orem
1600 1393 1652 1449 pro
1667 1374 1917 1448 persecutoribus.

215 1467 419 1540 esseooepisti.
436 1466 497 1524 Nisi
530 1467 784 1526 fortehnmilitate
818 1468 1040 1542 solita,msgis·
1094 1466 1232 1538 Nunquid
1244 1467 1364 1538 jussum
1379 1469 1433 1534 est,
1450 1469 1484 1522 ut
1509 1465 1550 1522 ita
1575 1463 1706 1539 diligam,
1723 1463 1807 1537 quasi
1823 1464 1919 1538 proxi-

215 1560 294 1613 trum
309 1561 393 1613 tuum
405 1556 526 1627 jactitas
553 1557 718 1625 Dominum,
744 1557 795 1628 qui
819 1557 903 1613 docet
922 1571 1040 1614 omnem
1095 1571 1169 1623 mos,
1185 1558 1214 1612 et
1229 1554 1463 1628 consanguineos
1478 1559 1507 1610 et
1517 1554 1638 1623 amicos,
1652 1557 1684 1609 ut
1694 1551 1919 1610 interamniam

215 1644 378 1714 scientiam,
404 1648 515 1701 etcum
540 1645 639 1720 Moyse
662 1645 758 1717 (deod.
783 1663 878 1715 xxxiv,
917 1646 1040 1720 basqq.)
1094 1648 1123 1700 et
1139 1643 1337 1704 necessarium
1352 1643 1435 1699 nulle
1450 1643 1591 1700 distentia
1604 1641 1710 1699 sittili
1724 1641 1863 1699 inimicos
1877 1642 1920 1698 di·

214 1732 517 1806 innubeetoaligine
541 1733 615 1790 lucie
638 1734 675 1790 ad
700 1735 804 1791 laciem
835 1735 920 1791 sudis
952 1737 1078 1843 veihaB
1095 1731 1154 1806 ligo
1178 1733 1263 1805 qnasi
1293 1733 1456 1805 proximos,
1481 1731 1671 1805 amicisquid
1696 1729 1921 1804 amplinsexhi·

216 1821 277 1892 Dei,
293 1825 322 1877 et
336 1821 404 1878 inde
420 1820 505 1878 nohis
519 1826 642 1878 cornuta
652 1823 746 1879 ironte
760 1824 902 1896 procedis.
916 1823 974 1880 Neo
984 1823 1039 1880 hoc
1093 1819 1264 1877 hebetent
1278 1821 1302 1878 si
1317 1821 1373 1878 hoc
1388 1821 1501 1878 dixeras
1511 1821 1534 1888 ⁸,
1550 1819 1622 1876 illud
1648 1821 1742 1876 iacere
1762 1820 1916 1886 debueras,

214 1911 336 1975 sufficit,
352 1910 403 1966 sed
419 1913 539 1982 repente
554 1910 680 1967 mutaris
697 1910 726 1966 in
742 1911 885 1978 Stoicum,
902 1915 930 1968 et
944 1912 980 1968 de
994 1913 1041 1970 Ze
1094 1923 1131 1964 ns
1145 1909 1291 1966 contraria
1306 1910 1361 1966 sihi
1384 1911 1414 1966 in
1438 1908 1539 1964 eodem
1565 1908 1628 1964 loco
1652 1907 1747 1964 dicare
1761 1907 1916 1978 videreris,

104 2011 109 2020 ·
215 2000 300 2056 nonis
316 1998 400 2056 nohis
414 2001 500 2055 tonas
515 1998 684 2071 supercilio,
702 1999 933 2056 «Christianum
958 1999 1039 2058 illiue
1095 2017 1111 2048 a
1127 1996 1249 2054 lnimico
1264 2014 1414 2070 nunquam
1429 2013 1494 2054 esse
1518 1995 1708 2054 credendum.
1726 2018 1737 2045 ι
1761 1996 1816 2052 Sed
1837 2011 1921 2068 qno·

214 2087 320 2144 dehere
333 2103 398 2144 esse
413 2085 571 2158 patientiae,
596 2091 628 2144 nt
652 2088 677 2145 si
701 2087 767 2161 quis
786 2105 840 2146 sue
864 2089 978 2145 auterre
991 2105 1039 2146 vo·
1093 2087 1181 2144 modo
1196 2085 1337 2159 diligatur
1350 2085 1501 2154 inimicus,
1517 2095 1547 2142 et
1561 2083 1609 2142 lex
1623 2085 1708 2142 docet
1722 2083 1816 2156 (seon
1832 2099 1918 2152 xxiii,

215 2175 314 2242 luerit,
331 2178 482 2250 gratanter
496 2175 832 2248 amittat(ti't.i.xxiii,nl.
844 2179 929 2247 cxiv).
942 2176 1041 2234 »Non
1095 2175 1209 2248 lecal:
1232 2175 1403 2246 jumentum
1425 2173 1582 2230 adversarii
1605 2173 1630 2229 si
1649 2172 1794 2241 ceciderit,
1819 2171 1921 2229 suble*

217 2280 256 2320 no
269 2263 355 2320 nohis
371 2261 444 2320 estis
452 2265 497 2319 cst
506 2261 650 2336 patienter
670 2265 790 2338 perdere
800 2265 877 2337 qnod
885 2265 1039 2335 habemus,
1093 2265 1221 2322 vandum
1245 2264 1334 2336 (oeae
1358 2279 1431 2330 xxii,
1455 2263 1504 2335 tl:
1527 2266 1557 2319 et
1579 2261 1757 2335 Apostolus:
1774 2283 1788 2312 a
1803 2260 1836 2317 st
1849 2276 1919 2318 osn-

215 2353 275 2410 nisi
285 2351 413 2410 violento
426 2355 514 2424 atquo
529 2353 638 2425 raptori
659 2369 783 2426 agamus
796 2354 904 2427 getius,
928 2359 1039 2410 etcum
1093 2352 1175 2409 riarit
1189 2351 1328 2410 inimicus
1344 2357 1425 2418 tuns,
1442 2351 1507 2409 ciba
1520 2350 1624 2420 illum;
1641 2351 1666 2406 si
1682 2349 1801 2422 sitierit,
1822 2350 1860 2406 ds
1872 2349 1919 2406 illi

215 2441 329 2498 cunctis
343 2437 596 2498 benedictionibus
607 2442 843 2514 prosequamur?
853 2443 942 2500 Docet
950 2443 1040 2500 Even-
1093 2445 1207 2516 potum.
1220 2442 1280 2499 lloc
1294 2441 1371 2498 enim
1388 2440 1509 2508 faciens,
1524 2439 1666 2497 carbones
1692 2439 1771 2514 ignis
1793 2453 1918 2512 congre·

215 2529 324 2604 gelium
341 2529 436 2601 (idottli
450 2545 478 2596 v,
495 2530 540 2603 ⁴0)
556 2532 594 2600 ei,
610 2531 661 2604 qni
677 2533 831 2590 nobiscum
846 2531 917 2589 velit
928 2532 1039 2604 judicio
1093 2531 1176 2605 gabis
1192 2548 1282 2604 snper
1295 2536 1384 2604 ceput
1397 2531 1556 2603 ejusfflom.
1568 2543 1619 2598 xii,
1629 2529 1676 2602 20)
1689 2547 1696 2599 ;
1711 2550 1726 2578 n
1742 2545 1800 2585 non
1810 2528 1840 2584 in
1856 2544 1922 2584 ma·
1951 2541 1955 2548 ·

215 2619 402 2689 contendere,
418 2624 447 2676 et
461 2635 513 2694 per
527 2617 594 2676 lites
608 2636 642 2676 ao
653 2621 754 2694 jurgia
767 2623 881 2678 auferre
897 2621 1037 2690 tunicam,
1092 2619 1232 2676 lediotnm
1262 2625 1292 2676 et
1319 2618 1604 2685 condamnationem,
1629 2620 1662 2674 ut
1674 2615 1805 2689 plerique
1815 2615 1919 2673 existi·

215 2707 303 2764 etiam
318 2707 441 2780 pellium
457 2724 524 2766 osse
539 2709 777 2766 concedendum:
795 2727 855 2766 non
878 2710 1037 2784 precipit¹‚
1093 2713 1186 2778 mant,
1220 2709 1322 2766 sedin
1358 2708 1565 2765 correctionem
1581 2711 1610 2764 et
1642 2705 1867 2778 penitudinem,
1884 2709 1921 2762 ut

215 2800 387 2870 etagamus
400 2796 520 2870 matins,
535 2801 564 2852 et
586 2795 644 2852 laeti
667 2802 768 2854 nostra
789 2799 958 2870 perdamus.
977 2804 1040 2857 Hoc
1094 2802 1249 2872 superatus
1275 2797 1436 2866 benetlciis,
1460 2799 1595 2854 excoctus
1617 2795 1728 2853 fervore
1751 2794 1919 2867 charitatis,

216 2885 293 2955 dioo,
309 2902 368 2943 non
382 2887 461 2959 quod
486 2885 595 2958 aliquid
621 2883 741 2943 sceleris
762 2886 791 2942 in
817 2886 872 2943 hoc
896 2889 1038 2946 sententia
1093 2886 1232 2944 inimicus
1245 2901 1309 2944 esse
1325 2885 1473 2943 desistetl.

216 2973 264 3044 sit,
280 2975 332 3032 sed
348 2975 425 3048 quod
443 2974 552 3048 ubique
569 2967 756 3050 ὑπερὸολικὼς
772 2975 930 3032 mediocris
943 2981 1039 3034 trane·
1130 2977 1175 3032 31.
1191 2977 1233 3032 Aa
1260 2991 1377 3048 rapam
1402 2976 1533 3032 colorem
1559 2976 1590 3029 iii
1615 2975 1699 3030 reteri
1728 2974 1796 3031 leit.
1820 2989 1919 3045 repro·

216 3079 276 3133 aas,
293 3068 322 3120 et
348 3080 457 3138 magna
483 3064 614 3120 secteris.
640 3063 721 3120 Unde
747 3063 894 3138 adjungn’s,
920 3065 1041 3123 Gloriam
1092 3067 1217 3122 mimum.
1233 3094 1266 3104 ·-
1291 3063 1382 3120 addis
1406 3069 1556 3138 praeterea,
1572 3084 1586 3113 κ
1614 3061 1747 3136 Regnum
1773 3062 1918 3119 ooetoruin

214 3154 332 3208 vertiam
343 3155 369 3208 et
384 3155 608 3208 ornamentorum
623 3152 678 3208 Dec
693 3168 748 3208 esse
769 3155 948 3211 contrariom.
970 3155 1037 3220 Qus
1053 3146 1075 3213 G
1092 3156 1180 3214 etiam
1196 3156 1225 3210 in
1240 3154 1428 3210 'testamento
1439 3153 1527 3211 veteri
1537 3151 1700 3226 repromitti
1713 3151 1919 3224 (tit.cixi11);»

215 3243 294 3308 sunt,
311 3256 393 3314 rogo,
410 3240 570 3296 inimicitis
585 3245 686 3296 contra
701 3241 836 3310 heum,si
848 3243 977 3299 tunicam
989 3244 1039 3300 ha·
1092 3245 1235 3317 ponisque
1250 3243 1419 3300 testimonia
1443 3243 1481 3299 da
1503 3239 1685 3316 apocryphis,
1710 3255 1779 3297 oum
1799 3240 1919 3313 perspi-

215 3327 306 3384 buero
320 3326 518 3396 mundiorem,
533 3328 559 3384 si
575 3329 742 3402 opiscopus,
758 3332 919 3404 presbyter,
934 3336 963 3388 et
975 3334 1037 3389 dio·
1092 3349 1182 3390 ouum
1198 3333 1247 3402 sit,
1265 3347 1388 3406 regnum
1404 3330 1543 3388 caelorum
1559 3332 1688 3403 primum
1712 3328 1741 3386 in
1761 3328 1919 3403 Evangelio

214 3432 318 3484 conus,
335 3420 364 3472 ct
376 3415 510 3488 reliquus
524 3417 595 3473 ordo
624 3418 840 3476 ecclesiasticus
864 3420 893 3476 in
909 3421 1038 3477 admini-
1092 3421 1242 3495 predicari
1264 3437 1316 3493 per
1336 3421 1480 3478 loannem
1506 3419 1680 3493 baptistam,
1707 3423 1737 3474 st
1757 3417 1919 3476 Dominum

215 3504 812 3564 strationasncriiioiorumcandidavesta¹
822 3508 1038 3580 processerint?
1092 3510 1282 3578 Salvatoram,
1299 3515 1328 3566 et
1345 3509 1502 3582 apostolos.
1516 3509 1586 3582 lege
1602 3507 1765 3580 nonagena.
1786 3506 1920 3566 Joannu

215 3595 328 3662 Cavete,
345 3592 453 3664 clerici,
470 3599 578 3660 cavete,
604 3595 758 3664 monachi;
782 3596 876 3652 vidue
900 3602 928 3654 et
950 3597 1038 3672 virgi·
1092 3599 1224 3673 baptista
1238 3599 1345 3655 clamat
1360 3599 1389 3654 in
1416 3598 1551 3654 deserto:
1569 3617 1583 3648 a
1607 3597 1810 3653 Paenitentiam
1827 3595 1919 3669 agite,

215 3699 279 3750 nas,
295 3682 513 3757 periclitemini,
531 3683 587 3739 nisi
603 3684 737 3741 sordidae
751 3702 803 3742 vos
823 3690 909 3760 atque
924 3703 1038 3760 panno·
1091 3687 1337 3762 appropinquavit
1351 3687 1430 3743 cuim
1446 3701 1569 3760 regom
1585 3685 1724 3742 coelorum
1748 3685 1853 3759 (nait.
1872 3703 1921 3754 rii,

215 3788 264 3829 sas
278 3771 384 3846 vulgus
400 3773 554 3845 aspexerit.
571 3772 663 3828 Taceo
680 3773 715 3830 de
739 3773 911 3833 hominibus
927 3777 1036 3846 soeculi,
1091 3777 1130 3850 2).
1149 3799 1162 3828 n
1179 3778 1213 3833 idt
1226 3777 1262 3833 de
1286 3774 1435 3833 Salvatore
1459 3775 1600 3848 scriptum
1616 3778 1679 3842 cst3
1695 3797 1710 3824 a
1736 3774 1778 3830 Ex
1790 3789 1824 3830 eo
1838 3777 1920 3831 tem·

215 3861 324 3934 quibus
338 3864 438 3934 aperte
451 3860 560 3918 bellum
576 3861 725 3930 indicitur,
742 3866 770 3918 et
794 3863 955 3922 inimicitiae
969 3882 1038 3923 oon·
1093 3881 1162 3939 pore
1176 3865 1262 3939 ooepit
1277 3864 1433 3938 predicare
1449 3864 1599 3921 etdioere:
1610 3863 1810 3920 Paenitentiam
1821 3863 1920 3936 agite,

217 4054 243 4112 si
253 4053 328 4112 iorte
343 4071 379 4112 ex
390 4055 494 4138 iisdem
506 4056 615 4114 divitiis
627 4058 727 4115 lecerit
737 4061 886 4118 mandata.
902 4082 915 4112 e
928 4061 1040 4135 lniquis
1094 4061 1166 4120 culis
1181 4077 1239 4118 non
1264 4060 1330 4118 aliie
1346 4077 1379 4116 ac
1389 4059 1578 4118 secularibus
1587 4058 1770 4118 indumentis
1792 4056 1922 4116 clericos

217 4131 247 4183 et
262 4127 466 4212 peccatoribus
481 4129 643 4200 deputandi
671 4136 754 4188 crant
768 4147 802 4188 ox
829 4147 929 4189 eorum
949 4149 1039 4190 sensu
1094 4151 1164 4191 usos
1187 4149 1264 4200 esse,
1285 4149 1348 4204 que
1372 4133 1402 4188 in
1427 4131 1638 4189 sacrificiorum
1661 4129 1924 4188 administratione

217 4203 393 4271 eternaeque
427 4200 544 4272 ignibus
578 4202 728 4268 exorandi,
761 4204 878 4259 tametsi
911 4206 947 4260 de
977 4205 1039 4261 suis
1094 4201 1842 4270 mundioretontumessentaonitidiora;sicenim
1853 4217 1925 4258 aaa·

216 4269 327 4327 iiivitiis
343 4269 544 4354 eleempsynss
558 4278 721 4345 erogarent,
737 4278 766 4328 et
780 4282 921 4356 precepta
940 4276 1041 4332 omnia
1093 4277 1188 4332 didam
1200 4282 1301 4331 vesum
1316 4275 1553 4347 interpretantur.
1570 4275 1674 4332 Conlar
1687 4272 1838 4345 quaidem
1851 4271 1925 4331 ilie·

217 4347 317 4398 sancte
331 4342 523 4427 custodirent.
536 4343 710 4413 Hujnsmodi
727 4343 836 4414 pecias
847 4345 1040 4418 Hieronymus
1094 4365 1159 4414 ron,
1175 4345 1263 4403 habet
1271 4345 1302 4402 in
1313 4345 1538 4402 Commentariis
1551 4347 1580 4402 in
1592 4344 1732 4402 Ezechiel.
1745 4361 1770 4400 c.
1780 4360 1856 4400 nnis.
1875 4345 1925 4412 17,

216 4416 277 4468 toto
292 4412 347 4468 hoc
363 4414 489 4486 capitulo
505 4415 669 4487 impugnet,
691 4415 876 4488 ostenditque
895 4433 929 4472 ex
948 4418 1041 4475 haera·
1094 4424 1124 4476 et
1138 4434 1201 4490 que
1217 4417 1257 4474 ihi
1274 4417 1459 4474 adnotemus.
1475 4417 1548 4474 ilinc
1563 4423 1640 4474 corto
1664 4417 1775 4472 tactum
1790 4415 1923 4484 videtur,

216 4483 342 4539 tinorum
359 4484 442 4555 sequi
459 4483 615 4551 secantis,
645 4488 678 4566 ut
703 4500 789 4567 nemo
813 4502 943 4559 unquam
958 4494 1040 4546 ater-
1059 4494 1131 4581 Dat
1144 4493 1240 4546 vestes
1255 4487 1310 4544 ille
1326 4486 1478 4546 nitidiores
1492 4495 1580 4561 atque
1594 4488 1721 4561 optime,
1736 4487 1807 4543 dum
1821 4489 1928 4544 rarius

217 4569 286 4636 nam
304 4552 428 4634 salutem
446 4559 497 4611 aut
510 4560 597 4611 antea
611 4554 780 4624 obtinuerit,
803 4561 854 4613 aut
875 4561 969 4686 possit
991 4561 1042 4618 ob·
1097 4565 1290 4634 usurpantur,
1311 4565 1341 4616 et
1363 4561 1569 4617 custodiuntur
1592 4559 1766 4627 studiosius,
1776 4557 1929 4630 paulatim

217 4627 310 4707 tinere
327 4640 355 4679 iii
373 4629 533 4695 posterum.
547 4625 664 4682 Clarum
681 4627 752 4684 adeo
767 4632 811 4684 est
825 4629 860 4684 de
893 4633 1040 4690 evioribue
1093 4631 1238 4689 evaserint
1252 4630 1427 4704 singulares,
1451 4648 1519 4688 cnm
1542 4631 1668 4688 subinde
1678 4628 1929 4687 communiones·

216 4694 317 4778 culpis,
328 4710 395 4778 eum
411 4695 502 4768 loqui,
516 4697 546 4751 in
560 4697 668 4770 quibus
676 4703 843 4824 prevenias
858 4700 1040 4761 Christianos
1094 4704 1168 4761 tium
1179 4702 1276 4760 fornia
1286 4707 1455 4772 mutantnr;
1470 4703 1569 4785 sicque
1580 4702 1635 4759 illae
1646 4701 1858 4760 sacriiloiornm
1871 4703 1931 4758 ad-

218 4767 346 4824 heretici
381 4773 521 4840 perpetuo
547 4767 672 4851 dempan
697 4785 729 4826 os
750 4769 945 4843 blaterabant,
978 4776 1041 4849 ipse
1095 4775 1302 4832 ministrationi
1327 4773 1481 4848 assignate
1505 4779 1574 4830 sint.
1599 4774 1741 4829 Caeterum
1761 4772 1931 4830 notissimo

218 4838 377 4896 salvandos
387 4847 450 4912 post
457 4839 645 4924 purgationis
658 4856 771 4912 poenam
784 4843 926 4903 catholice
937 4847 1040 4903 sensit.
1095 4852 1142 4904 ast
1155 4845 1301 4903 Caelestini
1316 4862 1398 4919 papa
1414 4847 1578 4902 sententie:
1596 4867 1611 4897 a
1625 4843 1813 4901 Discernendi
1828 4859 1847 4899 a
1862 4843 1931 4917 pla-

95 4961 101 4970 .
218 4911 250 4966 ln
266 4911 324 4967 sine
339 4911 418 4968 hand
434 4909 669 4968 dissimuloaS.
685 4913 849 4987 Augustino
866 4917 1042 4973 tiburniae
1097 4917 1929 4988 he,veloaetsrissnmuadootriue,nonveste;couver·

217 4988 245 5064 et
257 4983 403 5066 operibusj
420 4987 448 5040 et
463 4984 492 5038 in
508 4981 677 5040 Enobiridio
705 4983 827 5053 dedidc,
857 4986 908 5113 Sps
931 4987 1041 5044 aicta·
1096 4989 1219 5056 satione,
1236 5005 1293 5046 non
1309 4988 1431 5058 hahitu;
1449 4989 1556 5045 mentis
1570 4986 1707 5061 puritate,
1723 5003 1779 5044 uon
1796 4984 1927 5045 cultu.s

218 5055 312 5118 ritate,
328 5053 426 5110 dedita
448 5070 536 5128 opera
560 5058 735 5124 scatentem,
758 5073 846 5128 quam
893 5058 1041 5132 ieronymo
1097 5061 1188 5135 lipist.
1206 5059 1242 5117 ad
1259 5059 1348 5133 episc.
1363 5059 1445 5115 Vieu.

219 5121 378 5203 adversarii
395 5124 540 5208 tribuunt,
565 5126 731 5209 impugnari
745 5144 752 5194 ;
778 5129 827 5184 ssd
853 5130 971 5202 quando
987 5147 1041 5187 en·
1133 5133 1249 5188 ⁸itntea
1262 5135 1324 5198 erat
1338 5130 1455 5200 dixeris,
1471 5135 1499 5188 et
1513 5146 1580 5187 mox
1592 5129 1709 5187 iidemu
1737 5144 1788 5201 pro
1808 5127 1934 5187 ataen-

219 5193 308 5274 ctorie
322 5211 442 5262 nomen,
457 5214 487 5253 in
504 5215 590 5271 quem
607 5199 750 5268 velitetur,
762 5199 859 5282 episoo
882 5217 917 5257 as
932 5201 1042 5284 Hippo·
1097 5205 1138 5260 ric
1152 5201 1344 5260 renuentibus
1360 5217 1432 5258 mas.

219 5275 323 5344 nensis
336 5269 423 5332 tacet,
436 5283 495 5323 uon
510 5269 568 5326 nisi
584 5270 725 5342 injuriose
740 5286 843 5342 opinor
892 5289 945 5328 ano
965 5272 1044 5330 invi·
1133 5275 1252 5330 ‘Unus
1278 5271 1370 5328 Vatic.
1400 5275 1515 5330 dcccmo
1547 5274 1651 5345 [ripere
1678 5271 1745 5337 odii,
1773 5271 1938 5330 rameniis

219 5332 300 5415 disin
317 5349 346 5389 iii
376 5335 406 5392 S.
434 5337 584 5419 Ductorem
607 5347 753 5410 nostrum,
778 5358 866 5415 quem
885 5343 1044 5401 orthodoxo
1098 5346 1229 5402 inimices
1244 5343 1437 5401 ascematus.
1464 5343 1638 5401 Aliusheud
1667 5342 1837 5400 satishens.
1859 5341 1939 5402 Odit

219 5418 351 5463 sensisse
366 5406 561 5475 ostendimus,
577 5428 664 5485 possa
678 5413 816 5470 converti.
1098 5419 1162 5490 ipae
1175 5420 1292 5480 excocto,
1325 5415 1430 5490 [ripere
1457 5413 1613 5483 cannulis,
1643 5415 1783 5484 inimicus,
1809 5416 1866 5472 eto.
1887 5415 1939 5477 Da

256 5473 265 5510 ¹
284 5475 344 5531 lluo
359 5475 489 5534 Vaticam
507 5496 578 5536 nias.
596 5483 651 5537 sub
679 5483 879 5556 interrogandi
904 5492 974 5546 nota
993 5485 1044 5563 lp·
1099 5485 1291 5561 subsequenti
1308 5485 1416 5562 Pelagii
1431 5487 1629 5564 propositione
1644 5486 1737 5556 recole
1752 5487 1781 5546 S.
1792 5489 1941 5566 August.

222 5546 727 5664 papiaprtpocaompraeqipii,aa.
1099 5557 1383 5618 iiiuaoaiecc.

283 5619 356 5686 Hinc
372 5625 500 5700 amount
514 5621 633 5698 eruditi,
649 5623 718 5686 olim
728 5624 939 5702 primianistas
995 5648 1010 5694 i
1034 5663 1045 5684 .
