4068 6170
275 307 354 378 liei
1018 309 1232 382 drabunii.
1869 315 1924 384 lid

272 462 325 521 pro
339 445 426 504 beno.
446 467 460 497 r
475 445 556 504 'iano
580 445 688 522 qnippe
709 447 737 506 ei
763 447 888 506 reddidit
912 446 1024 508 maiam
1043 463 1095 522 pro
1111 453 1136 520 Α
1153 453 1286 508 mortam
1300 447 1423 523 legetur,
1442 465 1493 508 ear
1506 449 1554 509 hio
1570 453 1718 526 repetatur
1735 455 1861 510 mannas.
1872 453 1926 512 tier·

273 536 360 602 bono,
385 537 503 610 quando
528 537 742 611 blasphemavit
765 555 832 596 eum
857 537 1101 607 conviciando,et
1154 537 1296 608 tunsbie,
1328 545 1360 598 ut
1386 541 1499 598 Hebroei
1527 539 1638 610 velunt,
1667 541 1926 602 resureitatianiseae

271 624 361 682 dixit:
379 649 393 677 a
411 625 481 690 Ouia
493 631 538 683 est
552 626 640 682 David
653 631 681 684 et
691 627 758 700 quis
768 627 903 690 estillius
915 628 969 683 lsai
984 631 995 683 i
1009 626 1099 684 ilodie
1153 642 1242 684 eausa
1251 629 1445 702 repetitura).

271 715 457 772 increverunt
480 716 565 788 servi,
594 716 643 788 qui
673 717 811 789 ingerunt
835 716 974 773 dominos
998 732 1097 772 suos»
1189 717 1281 789 (Vere.
1298 719 1337 791 d.)
1353 741 1367 768 a
1384 718 1596 792 Consuluitqua
1618 719 1781 786 Dominum,
1804 725 1829 775 et
1844 737 1927 778 nean·

269 803 355 876 (Vera.
381 806 438 879 lii).
1152 805 1272 877 spondit
1286 807 1325 875 ei,
1340 823 1434 880 neque
1449 825 1500 881 per
1523 809 1648 876 somnia,
1669 824 1759 881 neque
1773 824 1819 881 per
1831 811 1928 864 saeerda

304 893 472 966 (vorabo.)
490 917 503 945 «
521 894 555 950 ht
580 911 658 950 nuno
682 895 753 950 liant
778 894 855 950 siout
877 894 968 950 Nabal
985 893 1096 950 inimiei
1152 901 1204 950 tes.
1222 917 1236 946 a
1254 895 1401 964 Hebraeus,
1432 920 1447 947 ιι
1478 897 1577 970 Neque
1607 915 1658 970 per
1684 897 1844 964 doctrinam,
1864 913 1928 968 nequ

270 983 722 1056 tni;etquiquaeruntd0mino
751 999 815 1038 meo
832 982 953 1039 malum.
971 1007 984 1033 r
1002 984 1095 1052 Fiant,
1152 999 1202 1055 per
1223 985 1419 1056 propbetas.»
1448 985 1653 1058 despondebat
1672 986 1862 1058 [dominusper
1877 1002 1929 1041 son·

269 1072 376 1146 inquit,
391 1073 468 1130 siout
483 1072 584 1141 Nabal,
603 1077 634 1128 ut
648 1075 768 1146 pereant
782 1073 858 1128 sieut
871 1071 961 1130 Nabal
978 1071 1006 1128 in
1024 1072 1096 1128 stal-
1151 1071 1208 1139 aia,
1225 1071 1301 1129 siout
1316 1073 1404 1130 iidem
1425 1074 1535 1130 liobrai
1560 1078 1705 1146 esserunt,
1722 1091 1754 1130 eo
1769 1076 1837 1147 quod
1852 1076 1929 1130 orande

269 1161 334 1218 titia
349 1179 413 1218 sna.
1150 1166 1178 1216 ot
1194 1161 1352 1232 iejunando
1367 1164 1526 1236 poscebant
1539 1163 1691 1220 oraoulnm
1706 1162 1930 1220 sibilieridiriann

303 1251 398 1322 (Vere.
413 1252 471 1324 30.)
489 1252 561 1308 Cum
586 1269 654 1326 ergo
678 1253 776 1311 tenerit
799 1252 940 1308 Dominus
965 1251 1015 1306 tibi
1042 1249 1095 1306 do·
1150 1255 1178 1306 et
1192 1250 1269 1307 Deus
1284 1250 1341 1307 illis
1366 1268 1418 1323 per
1441 1253 1558 1309 somnia
1580 1251 1726 1309 revelabat
1747 1269 1849 1323 eaque
1863 1251 1931 1307 lature

269 1339 350 1396 mino
365 1356 430 1396 meo
451 1342 549 1396 omniu
566 1359 629 1414 qua
653 1341 768 1398 loeutus
791 1347 836 1397 est
849 1342 934 1405 ,bona
958 1341 994 1396 de
1014 1343 1052 1405 te,
1068 1347 1096 1394 et
1148 1343 1230 1394 erant
1247 1341 1324 1412 quod
1341 1341 1370 1396 in
1387 1340 1442 1397 hoo
1457 1340 1520 1398 loon
1545 1342 1667 1398 minime
1692 1341 1759 1398 Saul
1783 1340 1931 1413 leoisselegi·

268 1429 494 1487 constitueritis
517 1431 620 1488 ducem
645 1430 745 1498 israel,
769 1447 825 1487 nou
850 1431 905 1486 erit
928 1428 979 1485 libi
996 1429 1051 1484 boo
1066 1428 1094 1484 iu
1150 1431 1207 1484 tur.
1227 1434 1281 1484 Per
1293 1431 1459 1498 doctrinam,
1475 1447 1527 1502 per
1540 1431 1634 1503 ephod
1651 1429 1768 1498 soilioet,
1784 1430 1852 1501 quod
1866 1445 1931 1484 sacar·

267 1517 443 1592 singultum.
463 1541 476 1568 o
493 1519 555 1576 Non
570 1521 634 1588 erit,
649 1519 757 1592 inquit,
781 1519 833 1575 tihi
857 1518 912 1574 hoo
936 1518 964 1572 in
981 1516 1095 1589 siugul-
1149 1516 1202 1572 dos
1216 1515 1247 1572 in
1263 1523 1378 1590 pootore
1394 1521 1537 1591 portabat.
1554 1521 1647 1591 Neque
1665 1535 1714 1591 per
1725 1519 1866 1591 prophetoe,
1878 1517 1932 1589 quia,

267 1611 332 1664 turn
347 1625 354 1677 ;
370 1613 402 1663 nt
418 1611 651 1666 modoeiiundas
666 1607 840 1682 sanguinem
865 1607 967 1677 Nabal,
983 1611 1012 1663 et
1029 1623 1094 1679 pro·
1149 1605 1207 1662 illis
1223 1606 1454 1677 consulentibus,
1469 1608 1805 1680 Dominusneqnaquem
1818 1608 1933 1679 responde

267 1701 333 1771 pter
346 1697 401 1754 hoo
416 1698 547 1754 tiendum
562 1698 614 1753 tibi
631 1697 671 1754 sii
684 1703 713 1755 et
728 1697 939 1772 paenitendum.
1148 1695 1207 1750 bet.
1225 1696 1257 1750 ui
1275 1696 1421 1770 prophetea
1437 1698 1577 1753 dieuntur
1592 1697 1683 1753 luisse
1703 1695 1833 1768 discipuli
1846 1695 1933 1750 Sanno

301 1785 395 1856 (Vere.
423 1786 480 1859 li.)
501 1786 570 1844 Saul
594 1792 693 1843 autem
718 1787 799 1842 dedit
820 1785 910 1841 illlam
936 1801 1020 1841 suem
1037 1781 1093 1839 illl-
1147 1781 1194 1850 lis,
1212 1785 1321 1855 quibus
1336 1785 1578 1860 prophetantibus
1589 1786 1689 1858 junxit
1712 1802 1744 1841 se
1768 1782 1842 1849 Saul,
1856 1788 1934 1855 etpro

267 1874 333 1932 ahoi
349 1891 468 1932 uxorem
483 1875 585 1947 David,
610 1875 703 1933 Phalii
729 1875 788 1932 iilio
814 1875 891 1944 heis,
916 1874 965 1947 qui
981 1873 1094 1930 eratde
1148 1872 1283 1946 phetavit.

267 1961 386 2019 Gallim.
409 1961 1092 2034 »Uttiebraeitraduntmoneognoviteam(a);
1159 1959 1361 2035 ι()1ιιι·ε.7.)ι
1382 1965 1506 2030 eraeriie
1535 1964 1608 2021 mihi
1637 1963 1790 2020 mulierem
1816 1961 1933 2018 habenten

266 2050 363 2108 idest
384 2051 495 2109 Pheltl:
517 2053 656 2126 quoniam
679 2051 704 2108 sl
729 2051 913 2126 cognovisset
926 2065 1001 2120 eam,
1017 2065 1093 2104 nun·
1147 2049 1317 2124 Pythonem,
1334 2059 1362 2109 et
1387 2055 1491 2110 vadam
1518 2054 1553 2109 ad
1582 2069 1658 2122 eam,
1683 2057 1712 2109 st
1738 2050 1892 2109 eoisoitabor
1902 2065 1934 2120 per

267 2156 355 2214 quam
369 2141 459 2198 David
475 2140 530 2198 sibi
545 2157 608 2198 eam
626 2147 726 2214 postea
740 2141 891 2208 aoeieaset,
907 2137 1016 2212 quiain
1030 2137 1093 2210 lege
1147 2139 1238 2196 illam.
1258 2164 1272 2191 a
1291 2142 1376 2198 Nullo
1405 2149 1522 2215 aooepto
1549 2142 1692 2199 divinitus
1721 2138 1791 2198 Saul
1819 2155 1932 2212 responso,

267 2230 385 2303 penitus
395 2229 567 2303 hujusmodi
579 2231 751 2302 prohibetur
761 2229 863 2286 ooitus.
874 2229 953 2285 idom
967 2243 1094 2300 namque
1148 2229 1325 2287 eonvertitnr
1339 2231 1373 2287 ad
1391 2231 1546 2303 Pythonas.
1564 2230 1704 2295 Quamvis
1728 2245 1797 2302 ergo
1810 2227 1871 2284 Saul
1883 2226 1934 2298 lega·

266 2315 361 2374 Phalti
393 2319 428 2377 de
458 2319 576 2386 Gallim,
602 2319 631 2376 id
659 2324 703 2376 est
730 2320 767 2376 de
793 2318 994 2387 inundatione,
1014 2321 1088 2373 erat.
1147 2322 1196 2374 tar
1223 2320 1348 2376 erasisse
1376 2335 1478 2392 mages
1504 2325 1533 2376 et
1561 2318 1692 2376 hariolos
1719 2319 1756 2375 de
1784 2315 1935 2375 terre:hanr

267 2408 432 2478 inundatio,
456 2408 510 2466 hoo
536 2413 581 2466 eet
601 2409 717 2476 Gallim,
742 2407 787 2464 lex
808 2406 991 2479 intelligitur.
1008 2404 1094 2478 Legis
1148 2413 1246 2463 tamen
1263 2407 1416 2465 mulierem
1435 2407 1546 2464 Hebraei
1563 2413 1689 2465 matrem
1705 2408 1797 2464 luisse
1810 2403 1935 2463 libuerilii

265 2497 460 2554 eaimdoetor
487 2502 550 2554 eret
577 2499 613 2554 de
642 2497 792 2566 bahurim,
820 2496 850 2553 id
875 2495 1092 2553 estdeeleolis.
1148 2498 1205 2554 Nee
1219 2501 1383 2568 antumant,
1400 2502 1428 2553 et
1444 2501 1562 2570 propter
1577 2497 1716 2554 eumdem
1740 2497 1844 2562 Abner,
1861 2509 1936 2566 nepe·

265 2585 387 2653 Quando
403 2591 500 2643 autem
516 2587 632 2644 aSaule
656 2586 762 2643 illiobol
784 2587 809 2642 ei
833 2586 929 2654 datur,
946 2586 1047 2652 Phoiti,
1063 2584 1092 2641 id
1147 2585 1302 2644 rimaretur
1316 2603 1382 2643 oum
1399 2585 1510 2642 oaeteris
1538 2585 1733 2660 Pythonissie‚
1762 2585 1937 2642 aheooaaanet

264 2679 310 2733 est
336 2675 464 2742 evadens,
493 2675 713 2748 interpretetur.
748 2676 869 2741 Quando
897 2691 964 2731 vero
994 2676 1031 2731 ab
1059 2691 1093 2731 eo
1148 2679 1325 2731 reservatam
1339 2674 1440 2731 iuisee.

265 2763 367 2820 eadem
391 2763 494 2820 liiohol
511 2765 650 2829 audeatur,
676 2763 806 2836 Phoitiai,
835 2763 927 2819 idest
946 2763 1094 2820 eumaeo
1183 2764 1263 2836 (Gap.
1279 2763 1360 2819 XXX.
1376 2764 1505 2821 -Vere
1521 2765 1578 2835 ai.)
1597 2785 1612 2814 a
1628 2764 1686 2822 Neo
1711 2765 1809 2821 audiet
1827 2759 1937 2833 resquie-

262 2851 326 2920 beo,
357 2853 577 2928 interpretatur.
607 2853 738 2909 iivadena
762 2869 779 2909 a
803 2857 859 2908 Deo
884 2851 1001 2921 dieitur,
1024 2851 1093 2923 quia
1147 2853 1287 2924 quamde
1303 2869 1437 2910 sermone
1460 2853 1525 2910 hoo.
1549 2854 1641 2922 AEuua
1664 2852 1746 2910 enim
1772 2850 1937 2926 parueritdr·

263 2941 420 2998 eustodivit
435 2957 513 3010 eum,
532 2959 566 2998 ue
586 2947 718 3016 tangeret
738 2957 813 3013 sam,
839 2956 875 2997 ne
901 2941 982 2997 fieret
997 2943 1092 2996 trane·
1146 2942 1314 2998 soendentis
1324 2943 1359 2998 ad
1372 2941 1516 3015 praelium,
1528 2947 1556 2998 el
1566 2945 1750 3000 remanentia
1760 2943 1796 3000 ad
1806 2941 1938 2998 saraiam.»

262 3043 380 3104 grassor
395 3029 468 3106 legis
495 3054 509 3082 a
526 3033 708 3104 Seorrtusque
729 3033 775 3086 est
795 3046 860 3088 sam
886 3030 930 3085 vir
944 3047 1016 3087 suus
1032 3029 1092 3102 plo·
1146 3033 1218 3089 Cum
1235 3031 1264 3086 in
1283 3031 1390 3088 inlinis
1417 3031 1569 3089 oodieibus
1593 3031 1720 3104 legatur,
1744 3055 1758 3084 a
1779 3031 1937 3101 lassosque·

264 3133 333 3174 rans
349 3135 443 3192 usque
458 3119 493 3175 ad
510 3119 649 3176 Baburim
667 3141 680 3171 a
697 3119 731 3191 (ll
746 3120 811 3188 ltap.
827 3135 871 3184 ιιι,
887 3117 942 3190 16.)
962 3118 1093 3175 Plorasss
1147 3120 1213 3177 dam
1230 3121 1417 3177 substitisse¹
1434 3122 1470 3178 ad
1485 3120 1635 3189 sarolnee3
1653 3143 1667 3170 o
1680 3125 1712 3178 et
1731 3122 1762 3178 in
1787 3121 1892 3176 ldebraa
1903 3117 1938 3171 he

265 3205 375 3264 dieitur
391 3225 448 3280 pra
463 3207 581 3280 gaudio,
597 3207 723 3280 eoquod
748 3207 890 3264 [lominus
910 3223 978 3263 eum
994 3212 1092 3264 eueto·
1108 3195 1129 3263 G
1148 3209 1261 3278 beatur,
1279 3233 1289 3260 ι
1304 3211 1407 3282 jussos
1421 3209 1512 3266 luisse
1526 3215 1558 3266 ut
1570 3209 1737 3267 residerent
1748 3210 1785 3266 ad
1799 3208 1938 3272 aareinaue

263 3293 368 3363 disset,
386 3312 501 3352 neeam
517 3299 657 3367 tangeret.
1145 3297 1227 3355 loeus
1243 3298 1289 3355 hio
1318 3303 1473 3370 monstrat,
1503 3300 1680 3356 Hebraicam
1711 3299 1857 3357 veritatem
1869 3298 1892 3352 ia
1904 3295 1939 3349 boe

271 3407 273 3412 ·
298 3381 377 3456 lGap.
394 3381 491 3441 XXVi.
509 3384 639 3440 -Vers
663 3384 704 3456 6.)
726 3407 740 3434 a
757 3384 805 3440 ait
833 3387 931 3440 autem
951 3383 1089 3441 Davidad
1144 3387 1305 3460 lnoosaqui
1322 3389 1437 3456 debere,
1463 3405 1528 3460 que
1557 3405 1614 3445 non
1644 3389 1807 3458 iueaoa,sed
1824 3389 1939 3456 inuenere

261 3469 579 3529 Xhimeleohiithoeum
607 3477 637 3529 et
666 3472 763 3528 abisai
794 3473 886 3528 filium
911 3473 1090 3528 Sarviaeira·
1146 3478 1290 3536 mansisse
1307 3478 1342 3534 ad
1364 3477 1507 3542 eareinas,
1532 3477 1603 3534 dieit
1626 3477 1732 3534 luisse.
1762 3474 1888 3533 ditenim
1899 3472 1938 3526 ita:

261 3563 337 3618 trena
366 3561 448 3630 Joah,
479 3562 599 3619 disens:
630 3561 700 3629 Quis
727 3561 884 3619 descendet
912 3562 1056 3618 meenmi
1075 3582 1089 3610 r
1144 3567 1420 3640 ‹vAEqnaparserlt
1440 3566 1646 3623 deseendentis
1665 3566 1703 3622 ad
1730 3565 1940 3639 praeliamur!-

260 3649 430 3707 Xhimeleeh
447 3651 509 3723 ipsa
524 3656 568 3708 eet
582 3651 675 3707 Urias.
693 3651 776 3708 Urias
791 3667 859 3724 ergo
872 3651 1090 3723 interpretatur,
1144 3655 1291 3713 manentia
1306 3657 1341 3712 ad
1358 3655 1499 3713 sarcinas.
1515 3677 1529 3704 a
1544 3655 1607 3712 Non
1623 3655 1673 3726 ait,
1699 3655 1753 3729 qui
1774 3653 1841 3711 lassi
1855 3663 1938 3708 remea

262 3739 313 3799 ive
336 3755 400 3800 mee
433 3741 513 3800 bear.
552 3740 722 3800 ahimelech
752 3741 970 3814 interpretatur,
1002 3742 1091 3812 freter
1143 3746 1296 3804 seruatae
1311 3745 1441 3802 seminas
1456 3763 1462 3814 ;
1479 3745 1529 3801 sed
1551 3741 1697 3812 absolute,
1714 3767 1730 3795 «
1747 3733 1939 3800 remanentiam

261 3845 338 3889 mour
351 3849 409 3890 rear.
1144 3835 1291 3902 euroinae;
1311 3856 1325 3884 r
1341 3835 1411 3906 quie
1437 3850 1462 3890 ει
1487 3832 1558 3890 lassi
1585 3833 1810 3904 remansissent,
1823 3827 1893 3887 nulla
1911 3823 1941 3879 eii

297 3920 375 3994 (Cap.
393 3920 502 3978 XXVll.
527 3953 562 3963 -—
584 3921 666 3979 Vera.
694 3921 735 3992 8.)
764 3943 778 3971 a
793 3921 828 3976 iit
843 3919 974 3976 aseendit
989 3917 1090 3988 David,
1146 3923 1304 3979 deberetur
1319 3924 1355 3978 de
1373 3922 1478 3995 predia
1494 3921 1598 3995 portio.

262 4009 359 4068 etvini
375 4011 451 4082 ejus,
467 4011 637 4084 otagebant
665 4010 778 4083 predas
800 4009 841 4084 ¹de
869 4009 996 4079 Gessart,
1012 4008 1091 4065 etde
1180 4016 1258 4083 (Cap.
1284 4012 1377 4068 XXXI.
1394 4043 1429 4052 —
1445 4012 1526 4069 Vera.
1548 4011 1588 4082 5.)
1613 4033 1627 4061 a
1644 4010 1729 4076 Ound
1757 4025 1823 4067 eum
1848 4001 1940 4062 vidisset

263 4097 354 4166 Getri,
368 4102 398 4154 et
410 4100 446 4156 ds
461 4099 639 4156 Amaleeitis.
657 4099 691 4155 ili
707 4098 786 4156 enim
802 4097 867 4170 pagi
883 4096 1092 4154 habitabantur
1144 4101 1271 4174 armiger
1293 4103 1368 4172 eJ'ue,
1385 4099 1518 4156 videlieet
1544 4100 1622 4172 quod
1638 4105 1778 4156 mortuus
1792 4099 1863 4154 esset
1883 4087 1941 4154 Saul,

262 4187 291 4243 ia
309 4191 387 4244 terra
401 4187 579 4261 antiquitus.
600 4209 614 4237 a
629 4187 662 4244 iii
679 4187 745 4260 pegi
761 4203 819 4243 non
834 4189 917 4242 erant
940 4186 994 4242 snb
1011 4191 1089 4258 pote·
1145 4187 1233 4244 irruit
1246 4187 1334 4243 etiam
1351 4187 1414 4260 ipse
1426 4202 1515 4259 super
1529 4185 1659 4261 gladium
1680 4183 1941 4255 unumunurm

260 4279 336 4333 state
351 4277 449 4334 debis.
467 4275 593 4334 liabitati
613 4277 737 4334 interra
754 4274 919 4348 antiquitus
941 4274 1090 4340 dieantur,
1144 4281 1190 4335 est
1214 4292 1281 4332 enm
1302 4293 1345 4332 eo.
1363 4299 1376 4327 v
1405 4276 1591 4348 Armigerum
1620 4275 1713 4332 istum
1743 4272 1850 4331 Habrai
1873 4264 1941 4324 neeri

260 4365 332 4437 quia
362 4364 452 4440 quieti
475 4371 504 4421 et
527 4365 622 4422 seouri
651 4349 773 4422 habitati
790 4364 915 4432 inerant,
935 4367 964 4420 et
979 4362 1091 4420 nullius
1147 4361 1942 4436 idumeumdicareruiase,quioerneneSaalnertnan

262 4453 356 4511 hostis
373 4454 604 4528 depraedationes
619 4455 760 4527 perpessi.
1146 4453 1276 4526 seipsam
1292 4453 1329 4510 ob
1346 4457 1457 4510 metum
1473 4450 1563 4509 David
1579 4451 1742 4510 interemit.

296 4543 378 4616 (Gap.
409 4543 527 4600 XXVili.
558 4575 592 4584 -
619 4543 701 4599 Vers.
731 4543 770 4614 3.)
804 4565 818 4593 u
847 4540 964 4598 Samuel
993 4545 1090 4598 autem
1105 4567 1130 4632 Β
1181 4543 1331 4616 (Versd.)
1349 4565 1359 4591 ι
1376 4541 1510 4598 Mortuus
1538 4544 1583 4596 ost
1610 4555 1679 4613 ergo
1706 4538 1789 4608 Saul,
1807 4529 1941 4594 ailredi

262 4637 398 4688 mortuns
413 4635 466 4696 est,
483 4632 618 4705 flevitque
641 4647 708 4687 eum
733 4630 829 4688 omnis
845 4629 944 4686 lsrael.
961 4631 996 4687 iio
1007 4646 1090 4703 sepe·
1144 4633 1220 4704 ejas,
1236 4636 1264 4687 et
1279 4630 1408 4704 armiger
1421 4629 1512 4697 illius,
1528 4633 1556 4686 et
1571 4628 1698 4686 universi
1723 4629 1777 4685 viri
1791 4627 1861 4700 ejus.
1877 4615 1941 4674 ιῗίιὶ

259 4721 372 4778 lierunt
386 4736 454 4777 eum
471 4721 499 4776 in
515 4721 609 4778 Rama
636 4721 708 4777 urbe
732 4735 796 4777 sue.
815 4741 828 4769 a
854 4719 949 4791 Supra
964 4735 1091 4791 namquo
1144 4721 1204 4787 isti,
1222 4721 1303 4792 pueri
1320 4719 1475 4776 domestici
1489 4719 1555 4790 ejus
1568 4716 1755 4791 intelligendi
1770 4719 1845 4774 sunt
1860 4711 1889 4768 lli
1901 4713 1941 4764 lib

261 4811 332 4886 (cup.
350 4827 416 4878 xxv,
432 4809 471 4883 l.)
487 4809 739 4882 dieitursepuitns
750 4808 841 4866 luisse
854 4808 883 4864 iu
896 4809 983 4864 domo
995 4825 1050 4864 sua
1060 4809 1090 4863 ia
1145 4810 1197 4866 iiiii
1214 4809 1284 4865 Saul
1299 4825 1366 4864 oum
1383 4825 1417 4864 eo
1432 4807 1577 4863 interleoti
1596 4810 1676 4874 aunt,
1691 4805 1848 4871 Jonatban,
1861 4799 1939 4858 Abina·

262 4899 364 4959 iiama.
382 4900 413 4955 ln
430 4900 516 4956 domn
532 4915 597 4968 sua,
613 4898 643 4954 in
663 4897 775 4955 remilia
789 4897 923 4955 videlieet
939 4902 968 4953 et
981 4913 1090 4970 eogue-
1144 4896 1428 4971 dab,quietJeeni,
1457 4900 1486 4952 et
1513 4894 1684 4953 Melohisua.
1717 4893 1846 4951 isboseth
1867 4891 1938 4945 antem

261 4987 339 5050 lions
363 5005 427 5046 sua.
452 4987 598 5057 Quaeritur
625 5001 764 5062 namque,
789 5001 855 5042 oum
877 4985 1013 5059 superius
1025 4986 1089 5057 jam
1144 4985 1225 5044 domi
1239 4991 1310 5054 erat,
1328 4985 1390 5058 qui,
1406 5000 1484 5040 anno
1499 5000 1557 5057 quo
1572 4981 1643 5041 Saul
1658 4998 1708 5040 rex
1722 4981 1891 5040 eonstitutus
1902 4975 1938 5033 eal

299 5211 813 5270 ¹lianolooumabundeeonlntavi
838 5210 867 5265 in
892 5210 1089 5267 adnotationi·
1144 5209 1412 5284 optimameeseet
1439 5206 1509 5264 ionii
1541 5205 1658 5262 liebrteo
1674 5196 1938 5287 pauperorum

262 5281 319 5338 bus
333 5284 407 5340 meis
421 5283 529 5342 Divinae
546 5285 729 5342 Bibliotheose
746 5284 775 5340 S.
797 5282 976 5355 Hieronymi,
992 5287 1089 5340 osten·
1143 5281 1385 5339 eonsentientem.
1401 5277 1542 5335 Consului
1568 5276 1619 5350 qui
1647 5275 1772 5334 voluerat
1792 5273 1938 5331 observate

263 5351 336 5410 dens
363 5353 494 5412 Latinam
520 5358 698 5423 versionem,
726 5357 775 5428 pai
807 5355 875 5410 ltuei
898 5355 1089 5419 substiterunt.
1144 5371 1196 5412 nes
1211 5355 1339 5411 nostrae.

299 5503 339 5648 ᾖ)
352 5503 490 5561 Ambrae.
508 5523 577 5574 ms,
593 5508 666 5565 idem
681 5524 732 5634 ssm
747 5505 776 5564 id
792 5508 841 5562 eat.
1182 5508 1237 5561 iio
1249 5506 1366 5578 peccetis
1393 5510 1518 5560 uwriuru
1545 5503 1614 5570 erm,
1638 5507 1665 5557 et
1686 5499 1784 5556 relicto
1798 5469 1857 5564 beo,
1868 5489 1936 5547 aim

353 5575 391 5632 he
412 5581 475 5632 erat
490 5582 627 5649 praterea
638 5579 679 5636 lta
701 5595 787 5648 auus,
804 5575 964 5633 dummodo
980 5576 1016 5633 de
1035 5593 1089 5634 suo
1154 5592 1231 5647 apem
1252 5577 1404 5650 Pythoum
1430 5573 1599 5644 cumulabat,
1623 5571 1707 5645 juxto
1735 5563 1936 5636 madallei*

264 5665 323 5712 non
342 5665 378 5708 su
401 5648 507 5706 eoerit:
535 5646 568 5706 di
594 5653 735 5722 repetitur,
763 5653 794 5705 ot
818 5648 960 5706 damnatio
985 5650 1089 5724 Saule,
1143 5657 1229 5708 retur.
