4066 6162
247 303 310 382 usu
864 299 1337 380 snusrnsnueourur.
1865 313 1922 392 ue

246 439 436 520 &emerunt
450 439 536 508 multi
550 443 854 519 contrellercionem‚
868 445 1068 512 Valentinum,
1084 442 1112 512 Α
1126 445 1302 506 iaciendum.
1322 445 1376 514 Oui
1391 445 1496 508 nititur
1508 447 1674 522 mendesio,
1688 453 1919 527 pescitiisdtce,;st

247 534 353 596 Arium
368 534 597 596 etllunomium.
613 535 636 592 b
650 535 764 610 quceis
779 536 893 608 objectu
914 539 959 593 est
977 536 1071 608 turpi·
1125 537 1262 611 sequitur
1283 555 1354 598 eves
1380 539 1524 596 volantes.
1551 537 1710 615 dereliquit
1733 543 1783 616 [lla
1806 545 1916 608 derelin-

247 626 345 690 tudo?
358 626 460 684 Nonne
474 624 527 680 toti
540 624 571 680 iu
585 624 785 682 convincenda
812 623 915 682 heresi
928 624 1071 683 incubus·
1126 632 1201 705 quit]
1230 629 1309 687 euim
1320 627 1382 685 vius
1409 627 1499 685 vinos
1513 643 1585 695 suo,
1613 633 1640 686 et
1664 645 1731 688 enee
1744 631 1854 692 culture
1865 653 1917 696 sue

247 715 343 774 nunti
359 715 424 776 letes
439 713 581 772 muchium
596 713 810 781 hoereticorum,
826 714 855 770 id
865 717 909 772 oet
919 714 1072 787 mttsslclro
1125 721 1195 778 tecit
1221 733 1328 777 errore.
1359 715 1547 774 Psmmbulat
1561 715 1674 776 eddom
1688 721 1916 791 uedusertumct

249 821 315 864 rum
329 809 449 862 tuorum
461 810 544 872 suut,
556 807 590 860 ut
599 801 723 861 conmoti
736 803 772 859 de
785 802 916 876 pertidia,
932 802 969 859 nd
983 802 1073 860 mele
1125 809 1238 883 colligit
1252 806 1391 864 manibus
1405 805 1469 862 suis
1484 806 1677 863 sterilitatem.
1692 806 1729 865 tls
1742 809 1862 882 procede
1873 826 1917 885 up·

248 896 329 954 (licto
354 909 386 952 ee
414 893 573 952 coniurant.
599 892 646 948 Sic
671 891 843 950 Eustatbius
869 891 1071 949 Antioubeuus
1123 898 1240 973 propiet
1271 894 1458 952 contritioni:
1495 898 1524 951 et
1556 894 1606 968 qui
1633 896 1741 969 prolert
1774 897 1918 972 medice,

249 984 416 1058 episcopus,
433 980 507 1038 filios
522 982 593 1037 dum
609 981 712 1048 nescit,
728 979 863 1037 invonit¹.
882 980 930 1037 Sic
945 980 1071 1038 Albune-
1124 985 1321 1044 stultissimus
1334 987 1389 1040 est.
1405 982 1511 1040 Animo
1538 982 1690 1040 benedicte
1704 985 1798 1040 omnis
1810 987 1917 1059 simplex

245 1073 323 1138 sins,
345 1069 547 1128 A‘lcxttlndrintn
561 1069 644 1126 urbis
659 1069 797 1142 pontifex,
813 1069 929 1127 tertium
951 1069 1068 1126 Antonii
1123 1075 1186 1132 vir:
1200 1073 1369 1133 animosus¹
1396 1071 1571 1129 inhonestus
1587 1071 1918 1132 echordolioiulubic·

246 1160 414 1234 amputavit
428 1175 559 1215 manum.
575 1159 655 1216 Duas
669 1158 747 1214 euim
762 1159 813 1232 qui
829 1163 963 1215 mortuus
987 1157 1070 1231 prius
1124 1181 1191 1220 rum
1206 1161 1309 1219 incidit
1323 1161 1354 1218 in
1364 1161 1503 1233 loqueum
1513 1163 1655 1233 peccatura
1666 1160 1772 1218 Itinere
1780 1161 1917 1222 stultorum

244 1250 422 1321 lingebatur,
437 1247 536 1304 vivens
565 1250 667 1318 posteo
680 1246 787 1306 hebere
815 1251 997 1306 monstratus
1013 1251 1068 1304 est.
1122 1252 1245 1310 reatuin
1259 1253 1417 1323 conspectu
1433 1265 1500 1308 suo.
1513 1248 1628 1308 Stultus
1643 1249 1743 1306 eedem
1756 1248 1921 1308 demidii

245 1338 327 1396 nutu
337 1340 369 1394 et
382 1335 574 1410 condiscipuli
585 1335 628 1392 tui
641 1341 670 1394 ot
685 1336 816 1410 magistri
832 1353 912 1393 nunc
940 1337 976 1392 dc
991 1338 1068 1408 eius·
1122 1342 1199 1398 irum
1214 1355 1310 1398 soum.
1328 1337 1512 1397 Abominatio
1527 1340 1573 1394 est
1586 1336 1710 1394 Domine
1732 1335 1921 1396 lebismenda·

244 1427 314 1484 dem
338 1424 471 1482 Ecclesioe
500 1425 650 1482 secerdote
664 1425 855 1498 contingunt:
884 1427 914 1480 ct
938 1440 1020 1492 uuro,
1037 1423 1067 1480 ic
1123 1433 1179 1488 uia.
1194 1430 1250 1496 Qui
1260 1428 1438 1486 custoditos
1459 1443 1558 1495 suum,
1585 1429 1682 1484 senui
1703 1426 1918 1484 euimemsuem.

244 1518 302 1582 ost,
312 1513 372 1572 tuis
386 1516 564 1585 tuorumque
575 1512 687 1570 viribus
702 1516 873 1586 oppugnent
887 1512 954 1569 lidei
963 1512 1068 1570 veritu-
1124 1519 1158 1576 tlt
1167 1519 1219 1592 qm·
1227 1515 1404 1575 temerarius
1413 1519 1458 1574 eet
1467 1515 1566 1584 labiis,
1576 1514 1697 1573 terrebit
1703 1513 1921 1588 seipsumfflulus

243 1604 317 1660 tenu
332 1599 407 1667 Quid
419 1599 526 1674 loquer
537 1601 575 1656 de
589 1598 744 1666 hereticis,
756 1600 809 1673 qui
824 1599 893 1658 licet
906 1599 978 1656 toris
997 1600 1067 1668 sint,
1124 1625 1191 1666 eum
1207 1604 1384 1666 contumelio
1411 1605 1473 1680 egit
1487 1604 1574 1674 mula,
1592 1607 1624 1662 et
1651 1603 1791 1678 insipiens
1802 1605 1922 1676 expandit

243 1693 344 1748 tamen
360 1707 391 1748 es
406 1689 945 1748 nominentohristienostddversum
957 1689 1068 1762 impiis·
1120 1697 1269 1755 malitium
1283 1709 1380 1752 mum.
1397 1693 1514 1758 Oueree
1540 1693 1620 1765 apud
1643 1691 1742 1749 melos
1757 1691 1922 1764 sapientiem,

241 1779 348 1846 simos,
363 1777 479 1836 mltum
494 1784 584 1852 utque
593 1777 798 1852 Porphyrium,
810 1778 913 1852 quenti
923 1778 1069 1851 scripsere
1082 1813 1108 1882 Β
1122 1791 1152 1844 et
1166 1801 1226 1844 non
1241 1783 1381 1842 iuvenies.
1394 1782 1463 1840 Suis
1472 1781 1629 1839 itineribus
1641 1781 1924 1839 suturebituutenern

243 1868 438 1928 nostrorum?
452 1867 533 1934 Quis,
548 1867 659 1924 omissa
674 1883 773 1933 seusu,
788 1867 819 1924 in
843 1867 994 1941 supcrtluu
1012 1867 1068 1924 uri·
1123 1876 1196 1933 pius,
1224 1873 1349 1948 sepiens
1377 1871 1509 1929 bmsndo
1525 1869 1658 1942 dedirunt
1687 1869 1802 1928 mulum.
1824 1868 1924 1929 Stultus

243 1956 362 2018 minum
376 1955 540 2026 ⁰bl0021⁰¹¹⁰
554 1959 688 2012 V⁰¹⁸⁸⁸21¹⁸
710 1956 778 2012 ⁰⁸²?
793 1970 858 2028 qus
886 1972 946 2013 ³⁰¹¹
961 1954 1068 2011 ‘eham
1120 1963 1274 2022 conlidens
1287 1961 1429 2018 miscetur
1441 1959 1479 2016 ei.
1496 1959 1701 2032 Longunimus
1714 1959 1754 2014 uir
1766 1957 1832 2015 cti
1856 1956 1925 2014 mul-

242 2043 459 2111 eoclcclssiicte,
473 2043 525 2100 sod
542 2041 631 2100 libelli
645 2041 1067 2116 dcbsntjudiolumoontincm.
1121 2058 1172 2110 tus
1187 2053 1217 2109 in
1228 2049 1385 2124 prudentie
1394 2053 1440 2106 est
1450 2065 1457 2104 :
1469 2045 1925 2122 pueilleuimueuuldulmprudens

241 2141 302 2199 eut
313 2139 383 2214 qnid
400 2141 497 2210 retest,
513 2142 538 2198 si
553 2155 642 2200 course
656 2141 754 2213 cedes,
776 2145 806 2199 et
828 2139 953 2198 crimine
978 2138 1067 2214 supe·
1120 2146 1176 2200 est.
1194 2140 1249 2207 Qui
1265 2137 1464 2196 calumnietur
1476 2151 1648 2210 pauperem,
1675 2135 1790 2194 laceseit
1803 2133 1923 2193 lectoren

242 2230 317 2288 rusi
329 2230 392 2288 lion
408 2242 525 2292 nemete
540 2233 594 2298 est,
619 2235 653 2286 ut
667 2245 734 2290 curn
760 2229 890 2305 periculo
905 2228 948 2286 tui
963 2226 1067 2303 cepitis
1121 2233 1197 2304 ejusi
1212 2227 1326 2302 Lingua
1340 2226 1507 2299 sapientum
1535 2226 1613 2282 bona
1632 2225 1726 2292 novit,
1752 2226 1823 2282 etos
1835 2221 1924 2279 stultu·

243 2333 376 2376 coemes.
406 2318 469 2378 Uno
497 2331 669 2392 percussore
696 2319 850 2388 conducto,
881 2319 954 2376 sutis
986 2323 1068 2392 potes
1122 2335 1187 2376 rum
1204 2311 1924 2391 pronuntiucmutum.virunimususpemtdm

242 2406 576 2466 isceredesiderlotuc.
591 2405 626 2463 Ei
640 2406 814 2464 scandulum
824 2406 928 2464 timere
939 2411 969 2463 to
978 2407 1069 2463 simu·
1117 2413 1151 2465 et
1164 2406 1340 2466 immundus
1349 2403 1395 2462 ost
1408 2404 1487 2476 apud
1501 2403 1593 2460 licum
1606 2403 1708 2460 omnis
1718 2400 1925 2475 quiernlteteor

243 2497 299 2566 les,
315 2497 365 2570 qui
380 2495 493 2554 dudum
509 2497 640 2564 tratrem,
651 2511 730 2553 nune
744 2501 928 2562 accusatum,
951 2511 1068 2569 semper
1118 2511 1221 2554 suum.
1238 2493 1344 2550 Manus
1358 2490 1460 2548 manui
1474 2489 1603 2548 intercus
1617 2491 1731 2563 injusta
1745 2506 1802 2548 non
1816 2488 1867 2546 crit
1880 2487 1925 2543 im·

242 2584 410 2654 inimicum,
437 2599 469 2642 oe
498 2591 619 2658 paratus
646 2585 787 2642 occidere.
805 2585 839 2640 lit
865 2589 965 2640 tumen
989 2585 1067 2641 otc
1117 2583 1254 2658 punitus.
1286 2580 1341 2646 Oui
1372 2578 1470 2652 diligit
1499 2578 1590 2634 utam
1605 2579 1705 2650 peruit
1731 2579 1773 2636 ori
1795 2577 1925 2635 emeno

241 2672 346 2742 miror,
363 2674 509 2746 quomodo
519 2671 607 2730 homo
621 2673 762 2746 purdens,
778 2671 875 2729 lurore
890 2675 1065 2744 preventus,
1117 2671 1325 2730 ¹contritionem
1340 2668 1477 2741 presedit
1493 2667 1686 2734 contumelia,
1701 2671 1731 2724 et
1747 2670 1814 2724 unte
1826 2664 1924 2722 rmum

242 2759 316 2818 velis
331 2761 404 2818 mibi
418 2759 592 2820 beneficium
607 2761 893 2819 tribuerouteduoee
904 2761 1064 2816 decernere
1121 2760 1200 2818 mulo
1214 2757 1361 2832 cogitatio.
1390 2755 1445 2823 Qui
1459 2756 1597 2814 obfirmat
1622 2756 1727 2814 oculos
1742 2770 1811 2813 snos
1833 2753 1925 2826 usgibi

241 2850 375 2907 animem
390 2863 497 2917 msam,
513 2853 542 2908 ct
555 2863 613 2907 non
629 2850 749 2924 petieris
764 2855 869 2906 ’mcum
891 2848 922 2904 in
938 2847 1065 2905 tenebris
1118 2865 1267 2925 peruerse,
1282 2851 1311 2904 st
1325 2845 1559 2920 prouocatlebiis
1570 2844 1634 2903 suis
1645 2840 1927 2904 omnisurculo-labie

244 2936 337 3011 liujus
351 2935 450 2996 seculi
465 2937 649 2996 commorari.
665 2951 669 2960 ’
1115 2935 1205 2996 stulti
1220 2938 1335 2994 ducunt
1348 2949 1416 2992 cum
1439 2935 1469 2990 iu
1484 2934 1579 3001 :muta
1595 2939 1635 2992 et
1657 2951 1695 2993 os
1714 2935 1810 2992 ruder
1821 2934 1927 2990 morbo

242 3048 246 3056 ·
282 3027 326 3084 lb.
340 3028 553 3086 lloereticisucu
565 3029 672 3100 poterut
686 3039 805 3100 peteme.
820 3055 855 3068 -
870 3023 922 3082 Vis
935 3037 1004 3096 ergo
1019 3038 1066 3081 me
1120 3029 1246 3084 invocet.
1263 3025 1409 3098 Molignus
1424 3023 1574 3080 virmulta
1605 3023 1790 3081 detrimenta
1809 3021 1929 3095 peb'utuu

244 3113 419 3174 teceretlie
432 3117 562 3174 accuses.
590 3116 707 3188 Depone
720 3113 861 3188 gladium,
890 3115 919 3170 et
932 3127 985 3185 ego
998 3127 1064 3168 sou·
1119 3115 1222 3173 llslior
1234 3118 1279 3172 eet
1307 3127 1419 3187 puupcr
1442 3113 1544 3184 justus
1575 3127 1688 3185 quum·
1704 3112 1840 3169 mendax.
1854 3109 1929 3166 dlies.

242 3207 310 3259 tum
325 3202 474 3274 objiciam.
491 3203 522 3258 ln
546 3201 671 3259 unctibi
701 3202 864 3259 consentire
879 3217 937 3257 non
953 3181 1219 3273 poterussotorip
1232 3207 1279 3258 est
1290 3201 1363 3270 uiro,
1378 3201 1429 3274 qui
1457 3199 1561 3258 evenit
1580 3216 1620 3257 ,ιο
1645 3217 1668 3257 ι
1698 3196 1930 3269 maledicituqui

243 3293 277 3346 ut
291 3305 410 3363 percum
425 3289 577 3359 hereticis,
594 3289 1062 3361 utmooutholioumuonprobem.
1117 3297 1218 3349 eutem
1234 3287 1342 3348 stultus
1367 3287 1548 3358 usumtibue
1563 3287 1738 3364 euobligut.
1766 3289 1829 3348 rtuti
1846 3301 1930 3345 umere

236 3376 275 3434 oi
292 3377 348 3435 ista
361 3382 406 3435 est
419 3394 509 3434 ceusu
535 3377 699 3446 discordie,
715 3378 789 3434 mori
818 3394 950 3451 possum,
970 3376 1065 3433 iacere
1116 3379 1281 3445 detrahere,
1297 3393 1334 3436 ne
1347 3376 1515 3434 omdiceris.
1528 3377 1633 3436 susus
1647 3384 1714 3438 eet
1725 3377 1843 3437 bmniui.
1857 3373 1930 3449 punis

236 3471 303 3524 nun
313 3480 449 3540 possum.
466 3467 630 3526 Debueram
644 3465 763 3540 quidem
777 3467 813 3524 de
825 3465 1066 3538 omniscripture
1116 3467 1284 3536 mendeuii3
1301 3469 1402 3540 postes
1415 3463 1588 3538 impldultur
1598 3479 1635 3522 us
1654 3468 1725 3540 ojus
1753 3465 1871 3526 ostento
1881 3463 1931 3529 dd

239 3553 301 3614 tue
315 3554 629 3630 ineunie'respondere
645 3599 652 3626 ,
669 3554 819 3613 etdiviuis
833 3552 995 3612 vocibusin
1006 3568 1065 3609 mu·
1118 3561 1257 3633 operetur
1284 3555 1438 3612 thessnros
1452 3553 1554 3627 lingue
1581 3554 1805 3630 mendeeiilult.
1824 3553 1930 3612 monde·

239 3644 317 3702 duni
347 3644 443 3704 lievid‘·
463 3644 662 3703 citberincutis
690 3645 714 3717 (l
741 3646 875 3714 licuntur.
903 3643 950 3716 2³)
971 3641 1065 3698 lenire
1116 3645 1182 3719 ciel,
1198 3659 1274 3702 vane
1288 3645 1429 3711 sectatur,
1444 3641 1626 3698 etueniatin
1640 3642 1768 3718 loqueos
1787 3639 1932 3702 mortiulr

239 3733 373 3792 &iorem
389 3735 516 3806 pecunie
528 3733 592 3802 tui;
608 3734 659 3792 sad
674 3735 828 3792 contentus
840 3746 890 3789 oro
901 3729 1065 3788 uniuslibri
1114 3749 1190 3794 aufe
1204 3729 1286 3792 suuni
1302 3731 1362 3789 noti
1377 3731 1543 3804 quidquam
1553 3731 1661 3802 dicere,
1672 3749 1714 3791 ue
1724 3731 1933 3791 teuteirdidumt

239 3819 914 3896 ,paucistestimoniiseioppuuumsapientiem
924 3817 1064 3888 stulttiep
1116 3823 1268 3898 sepientes
1281 3835 1433 3878 sermones
1446 3821 1524 3876 tuos.
1551 3818 1678 3878 Gleuuet
1704 3822 1826 3896 gladius
1850 3823 1879 3878 et
1898 3832 1936 3874 ss·

244 3911 280 3964 ut
292 3908 320 3964 si
334 3907 465 3966 humone
478 3907 652 3979 contemnis,
667 3911 772 3968 saltem
786 3909 885 3968 diviua
899 3923 958 3965 nou
974 3906 1064 3980 negli-
1118 3911 1194 3987 gitta
1208 3907 1373 3982 pernicioso
1384 3911 1474 3964 eunt:
1488 3907 1531 3964 sic
1544 3911 1574 3964 et
1598 3907 1654 3977 vir,
1680 3911 1734 3984 qui
1758 3903 1936 3968 contresmi-

239 3994 307 4071 με.
323 3997 398 4054 dudi
413 3998 503 4072 igitur
517 3999 587 4072 q'uid
602 3995 687 4066 dete,
704 3999 782 4056 etde
798 3998 938 4055 omnibus
958 3995 1064 4053 invidie
1116 4015 1187 4057 enm
1202 4013 1292 4055 suum
1306 3996 1416 4052 luteum
1433 3995 1504 4052 dicit
1531 3995 1751 4056 testimonium.
1782 3999 1936 4058 sicciores

237 4096 286 4141 eo‘
304 4084 457 4144 moledicte
484 4091 514 4145 ct
540 4087 762 4145 contumeliosis
789 4086 929 4160 loquatur
946 4085 1065 4158 sapione
1118 4089 1236 4146 evolant
1252 4091 1282 4144 ct
1297 4101 1442 4158 pusseme,
1459 4084 1500 4141 its
1531 4084 1727 4145 meledictum
1761 4103 1871 4146 nuum
1889 4097 1937 4142 noc

238 4171 383 4231 Salomon
395 4191 402 4230 :
413 4198 434 4226 «ι
450 4175 709 4250 lucipieotce'dutn
725 4175 842 4249 injuriis
865 4173 963 4246 cupidi
982 4176 1063 4242 sunt,
1117 4173 1306 4249 superveniet
1319 4172 1374 4230 illi.
1391 4171 1454 4228 Noli
1469 4173 1646 4246 respondero
1653 4172 1938 4250 imprudentium·

238 4261 329 4336 impii
342 4263 409 4320 fecti
425 4263 550 4322 oderunt
564 4279 696 4322 sensim.
712 4263 753 4321 Ne
776 4262 926 4320 lubricosis
940 4262 972 4318 in
990 4260 1064 4318 emi·
1119 4263 1308 4339 prudentiam
1324 4262 1400 4334 ejus,
1414 4277 1455 4318 ne
1465 4260 1574 4320 similis
1586 4262 1613 4318 ei
1627 4263 1704 4322 iles:
1735 4266 1792 4324 ssd
1807 4260 1939 4336 responde

238 4351 411 4410 cuminum
426 4354 514 4412 mula.
530 4349 1065 4411 lltneinimicerisuduersoinbcmi·
1118 4352 1209 4411 stulto
1224 4352 1261 4409 ed
1276 4349 1456 4408 stultititiem
1488 4351 1564 4424 ejus,
1582 4363 1619 4408 no
1648 4351 1707 4409 sibi
1741 4353 1865 4428 sepiens
1884 4362 1938 4408 esso

243 4441 504 4500 nemsiue'oausa.
522 4438 982 4517 lmplisxuliantcontumelium.
1004 4438 1064 4495 Gir·
1118 4441 1260 4498 videntur.
1294 4438 1348 4504 Qui
1370 4438 1528 4495 insidietur
1558 4438 1757 4510 emisissuis,
1783 4459 1855 4500 com
1867 4439 1940 4496 meos

243 4529 409 4586 cumoidee
442 4535 471 4588 to
486 4547 518 4588 os
546 4547 679 4605 pravum,
695 4535 724 4587 et
750 4528 855 4602 inique
876 4528 953 4586 lubia
977 4527 1064 4601 louge
1078 4551 1102 4617 Ι)
1118 4530 1214 4587 tuerit.
1230 4528 1322 4585 dicit:
1345 4527 1462 4584 Ludens
1495 4526 1559 4584 ieci.
1591 4527 1940 4590 tiretioulsosrbooihce·

244 4615 351 4690 repelle
363 4615 417 4674 ebs
426 4625 470 4676 ts:
483 4618 583 4677 oculos
594 4617 947 4691 contumelioi,llngusm
957 4617 1063 4690 iniqui,
1118 4617 1241 4689 siligne
1255 4616 1316 4691 igni
1331 4619 1361 4673 et
1373 4615 1418 4671 vir
1432 4613 1597 4675 maledicus
1610 4617 1648 4674 sd
1676 4617 1850 4678 tumultum
1869 4615 1944 4674 utre.

242 4719 351 4764 monus
364 4707 734 4782 effundentesseogutnem
746 4706 832 4780 justi,
848 4721 900 4764 cor
917 4706 1064 4764 fabricans
1118 4707 1149 4766 Si
1163 4711 1192 4764 te
1208 4703 1351 4780 rogaverit
1365 4703 1505 4760 inimicus
1519 4707 1600 4774 tuus,
1615 4721 1725 4778 pmcne
1739 4723 1816 4766 voce
1833 4719 1943 4778 mogus

244 4795 552 4870 cogitationeemalae,
567 4797 699 4871 otpedoe
715 4796 886 4854 testinantes
910 4795 946 4852 ad
975 4793 1064 4853 malc-
1118 4811 1154 4852 ne
1169 4792 1395 4852 consentiaeei:
1412 4798 1527 4867 septem
1561 4793 1804 4868 enimnequitie
1834 4797 1904 4854 sunt
1919 4790 1946 4846 iu

252 5041 261 5064 ,
281 4995 414 5053 ¹Auctor
440 4999 485 5053 est
511 4994 721 5051 theodoretus.
753 4991 912 5049 Eusebium
932 4989 1065 5046 Niconis·
1119 4996 1185 5050 est:
1202 4993 1302 5049 Auium
1318 4989 1715 5064 bmedictccmuiecimpleu:
1731 4994 1783 5048 uir
1799 4991 1948 5050 uetuere,

237 5065 378 5136 ¹diensem
394 5082 460 5124 oum
482 5066 548 5124 eliis
573 5066 688 5122 Arione
714 5061 875 5137 impietatis
889 5061 1065 5144 satellitibus
1120 5067 1175 5120 ete.
1193 5063 1284 5122 locus
1296 5065 1342 5119 est
1354 5061 1498 5144 ,Provmb
1512 5078 1554 5127 xi,
1581 5063 1627 5119 ὅ.
1643 5063 1728 5140 Ψυχή
1759 5055 1948 5135 edlu-seem

234 5136 427 5194 'Antiochiam
444 5139 658 5209 ventosumque
672 5136 712 5193 ibi
728 5131 1063 5200 conductuuuulrercula,
1119 5140 1191 5189 πᾶσα
1206 5131 1292 5204 ἁπλῆ.
1308 5134 1362 5190 Ubi
1390 5132 1420 5186 ld
1436 5145 1553 5205 quoque
1577 5135 1743 5191 comodum
1763 5135 1893 5190 uerbum
1906 5125 1948 5182 st÷

244 5221 310 5276 quo
339 5223 400 5288 rem
428 5221 496 5265 cum
522 5209 675 5266 llustathio
698 5207 835 5282 episcopo
862 5203 1011 5288 babuisse,
1031 5219 1066 5260 ex
1119 5203 1257 5289 λογοζιμιι
1273 5205 1321 5287 bie
1336 5203 1712 5289 abltisrunymomteffi.
1724 5204 1954 5288 chrysostom&

241 5278 824 5409 “lllllslllillufflliilillidii
840 5275 1064 5404 ,liuttici
1119 5276 1273 5404 ltili?
1286 5274 1954 5416 'ttttttst‘ltttitlttttt’tt

245 5361 362 5500 imitat
383 5389 599 5477 'sabellianismi
617 5435 713 5479 ceusu
754 5365 939 5477 &scithium
982 5387 1065 5500 auct:
1120 5417 1218 5476 sinon
1234 5386 1417 5474 uc'men'tsm
1429 5419 1484 5471 cisi
1500 5363 1582 5484 biiii,
1608 5363 1955 5478 sutumpeduertteuuu

239 5483 344 5548 otium
364 5493 471 5558 narmt,
506 5507 564 5547 nou
580 5493 703 5550 obscuro
734 5491 915 5548 oeluiuuiem
928 5487 1065 5546 adulterii
1120 5489 1303 5546 liebreicem.
1320 5487 1494 5547 benedicere
1508 5489 1656 5549 idiotismo
1669 5488 1822 5549 Hebraico
1848 5487 1955 5547 estbs·

30 5555 40 5562 ⁵
145 5613 153 5628 .
246 5561 353 5626 innuit·
1120 5559 1281 5618 neiucere„

280 5632 476 5706 lttorteeeis,
507 5637 620 5690 mutulo
646 5631 883 5706 interpunctione
908 5631 1065 5710 legendum
1162 5692 1168 5700 ,
1226 5675 1249 5700 .,
1325 5674 1328 5682 .
