4100 6156
121 347 185 414 ‘ttt
664 338 875 412 ADVERSUS
897 334 1138 413 tottmsnalt
1160 340 1235 412 tte.
1258 340 1284 412 l.
1756 340 1826 413 aaa

130 483 193 541 nis?
205 482 315 554 Nempe
329 479 411 538 illius
426 476 477 554 qui
492 479 528 537 de
538 479 610 536 eoelc
639 480 804 547 descendit:
834 481 948 537 statim·
962 488 987 551 Α
1003 479 1070 538 bola
1084 481 1229 556 legimns:
1246 485 1300 539 Per
1312 485 1369 539 tria
1382 491 1505 540 mouetur
1519 487 1602 552 terra,
1619 492 1750 556 quartam
1773 501 1825 544 aa·

129 590 182 647 qus
196 569 369 643 subjungit:
385 570 537 639 Terrigenae
548 569 621 641 apsari
633 575 831 642 compereant,
862 573 888 625 et
916 572 946 627 ia
1001 576 1057 626 tem
1070 587 1126 628 aaa
1139 574 1311 644 potestterre
1325 573 1400 645 [mss.
1417 571 1494 640 terri]
1507 591 1517 627 .·
1530 575 1557 628 ai
1568 588 1661 629 seruas
1675 577 1779 647 repert,
1799 585 1826 633 et

127 660 293 736 potandam
308 660 416 730 inserui
438 660 588 715 iracarruat
612 657 691 727 (teia.
720 658 775 730 ts).
806 657 859 722 uui
878 662 949 714 sunt
1001 659 1435 732 stultussirataretarpanibas,
1452 660 1585 718 etodioaa
1607 663 1715 719 uxorei
1729 664 1827 721 lrabeat

129 749 338 824 terrigenequi
354 747 433 821 apud
449 763 513 804 eam
526 746 673 821 pereunti
687 747 793 819 Utique
817 747 870 815 illi,
896 746 948 820 qui
1003 747 1104 803 taram
1117 750 1218 816 airam,
1248 758 1275 805 et
1298 750 1402 805 ancilla
1424 751 1450 805 ri
1470 751 1564 822 ejiciat
1587 749 1726 805 dominam
1746 769 1826 809 raam

129 843 291 912 sequuntur
303 837 433 910 primum
443 837 548 904 Adam,
563 835 615 908 qui
629 837 665 892 de
679 840 756 892 terra
771 838 826 902 est,
846 841 875 892 et
888 853 947 892 non
1003 835 1082 906 (ltid.
1099 836 1130 892 tl
1147 839 1242 909 seqq).
1258 838 1331 895 llcce
1346 843 1374 895 et
1390 839 1435 894 bie
1451 838 1527 894 inter
1541 837 1686 894 malorum
1708 841 1823 914 magni·

131 927 300 992 seeundum,
311 925 362 998 qui
376 926 414 982 de
429 924 562 982 eoeloest.
579 926 741 981 iltrursum
754 924 784 981 in
796 923 852 981 alic
863 924 946 982 loce:
1002 925 1135 980 tudinem
1152 942 1225 981 uxor
1240 926 1368 999 ponitur.
1393 928 1475 993 Quod
1501 927 1525 982 si
1548 925 1746 1000 responderis,
1776 929 1826 986 sed

130 1015 461 1084 Setatialipnooermis,
488 1015 529 1069 ita
551 1013 642 1084 perdit
662 1015 753 1069 viram
772 1029 855 1069 suam
877 1029 949 1069 acor
1004 1029 1075 1069 uxor
1089 1013 1203 1087 odiosa,
1217 1014 1312 1070 dicam
1329 1015 1382 1072 tibi
1399 1016 1476 1088 quod
1492 1021 1521 1072 et
1536 1032 1636 1088 supra.
1656 1015 1743 1088 Atqui
1772 1016 1827 1073 hoe

127 1103 249 1175 praefica
263 1103 356 1174 (Pron.
369 1119 436 1171 xxv,
462 1101 518 1174 20).
534 1101 565 1157 Si
593 1105 691 1158 autem
721 1103 948 1159 asserveraveris
1003 1100 1166 1174 perieulum
1190 1103 1220 1157 in
1242 1107 1351 1160 memet
1377 1104 1438 1160 fieri
1454 1105 1465 1138 ⁸
1479 1121 1565 1178 grave
1584 1109 1639 1160 est.
1664 1104 1719 1170 Qui
1747 1104 1825 1162 enim

124 1192 176 1248 hoc
187 1191 225 1248 de
236 1189 324 1247 malis
339 1189 515 1263 conjugibus
529 1188 641 1246 dietum
661 1173 737 1258 esse,
764 1193 793 1246 et
817 1206 870 1264 ego
895 1189 948 1246 tibi
1003 1178 1084 1245 duci't
1099 1205 1230 1256 uxerem,
1245 1190 1275 1246 in
1291 1191 1429 1264 ambiguo
1444 1195 1499 1260 est,
1516 1199 1616 1248 utrum
1626 1193 1771 1262 odiosam,
1788 1210 1825 1251 an

125 1280 252 1336 breviter
273 1278 475 1352 respondebo:
503 1279 570 1344 Qum
594 1277 672 1334 enim
701 1277 775 1335 mihi
804 1278 950 1336 incumbit
1004 1276 1160 1334 amabilem
1176 1278 1274 1334 ducat.
1290 1279 1321 1335 Si
1335 1281 1467 1336 odiosam
1482 1280 1606 1348 duxerit,
1623 1280 1691 1337 terri
1703 1299 1760 1338 non
1776 1299 1828 1354 pe·

127 1369 286 1426 necessitas
299 1368 399 1424 venire
414 1367 446 1423 in
461 1367 595 1436 dubium,
612 1369 711 1423 utrum
726 1367 804 1424 bona
818 1384 855 1424 an
871 1367 949 1425 mala
1007 1368 1076 1421 test.
1094 1365 1123 1422 Si
1154 1364 1321 1436 amabilem,
1341 1385 1425 1424 amor
1447 1367 1528 1426 illius
1551 1368 1665 1426 interno
1684 1375 1713 1425 et
1736 1371 1829 1426 arenti

125 1459 223 1514 lutura
232 1456 274 1514 sit
284 1472 376 1530 quam
388 1456 522 1512 duxere?
548 1456 644 1514 Melias
667 1459 718 1527 est,
739 1455 847 1528 inquit,
873 1457 950 1514 babi-
1003 1457 1098 1520 terrae,
1114 1458 1144 1511 et
1158 1455 1292 1512 incendio
1307 1461 1504 1528 comparatur.

126 1552 181 1603 tare
196 1549 227 1602 in
242 1555 319 1602 terra
337 1545 456 1615 deserta,
482 1561 564 1617 qaam
586 1561 648 1600 cam
670 1560 757 1602 rasere
782 1546 905 1617 litigiosa
923 1555 950 1603 et
1038 1545 1083 1598 29.
1099 1543 1240 1616 Sapientia
1254 1547 1347 1600 earnis
1361 1556 1387 1602 et
1401 1547 1524 1618 spiritus.
1538 1549 1610 1603 Boni
1623 1549 1709 1603 meoli
1733 1564 1830 1604 samus

124 1635 437 1705 emendaremur,
454 1635 491 1705 9).
521 1634 615 1699 Quam
642 1649 742 1690 rarum
764 1635 804 1690 sit
829 1651 948 1692 uxorem
1003 1632 1107 1694 alteo:
1134 1635 1199 1690 vitio
1223 1639 1314 1691 nostro
1336 1636 1420 1708 tapsi.
1437 1636 1643 1692 -Veniamus
1669 1637 1705 1692 ad
1730 1636 1829 1694 Eccle-

125 1725 186 1782 sine
200 1725 250 1781 his
263 1723 345 1780 vitiis
359 1723 585 1791 inveniri,ncvit
597 1721 649 1778 ille
663 1723 713 1795 qui
724 1723 947 1792 duxituxorem,
1004 1721 1126 1790 siusten,
1153 1722 1189 1778 de
1213 1723 1278 1795 ipso
1301 1740 1419 1797 quoqne
1447 1741 1539 1796 pauca
1575 1724 1746 1782 testimonia
1777 1741 1828 1798 pe·

125 1814 205 1870 Unde
230 1811 354 1886 pulchre
367 1811 646 1869 VariusGeminus¹
671 1811 805 1870 sublimis
833 1818 947 1873 orator:
1005 1814 1126 1866 nentes:
1153 1811 1285 1868 Omeritas
1310 1817 1416 1886 tempas
1434 1817 1485 1883 est,
1509 1819 1534 1870 et
1554 1823 1661 1888 tempas
1680 1817 1756 1870 omni
1788 1815 1832 1870 rei

124 1927 137 1953 a
151 1902 286 1968 Quinan
301 1901 408 1974 litigat,
429 1900 535 1974 inquit,
560 1899 666 1957 caelebs
688 1905 742 1958 est.
760 1923 775 1951 a
793 1901 889 1959 ileliae
910 1905 949 1959 est
1003 1899 1052 1955 rol
1076 1901 1150 1962 aceto.
1178 1901 1289 1972 Tempus
1321 1901 1459 1974 pariendi,
1487 1910 1515 1957 et
1541 1910 1646 1975 tempas
1677 1900 1827 1971 moriordi,

122 1991 411 2063 Mbitarer'aoaputo
424 1991 496 2058 teeti,
511 2007 593 2063 qaam
621 2006 685 2046 eam
707 2006 793 2046 uxore
815 1992 951 2048 maledica
1004 1996 1110 2060 tempas
1134 1989 1290 2060 plantandi,
1310 1993 1336 2045 et
1366 1997 1470 2062 tempas
1492 1989 1626 2047 evellendi
1648 1990 1719 2062 qaod
1741 1990 1827 2062 ptari·

123 2084 156 2136 ia
172 2081 254 2136 domo
267 2081 403 2137 commum
416 2079 506 2152 (Prae.
523 2096 586 2147 xxv,
601 2080 659 2148 et).
685 2079 715 2134 Si
739 2078 846 2136 domus
869 2097 949 2137 com·
1005 2081 1093 2133 totam
1108 2077 1250 2150 estlllocte.
1268 2095 1310 2134 111.
1326 2085 1336 2134 t
1352 2080 1447 2152 seqq).
1458 2079 1628 2152 Peperimns
1639 2079 1668 2135 in
1684 2079 1825 2154 legeoum

126 2169 234 2226 munis
248 2169 340 2224 mariti
358 2169 498 2226 cinxeris
513 2169 600 2242 erigit
614 2185 734 2224 uxorem
744 2169 949 2242 insuperbiam
1004 2169 1111 2238 Moyse,
1126 2166 1289 2222 moriamur
1302 2167 1332 2222 in
1347 2167 1502 2240 Evangelio
1513 2185 1580 2226 eum
1595 2168 1720 2226 Christo.
1736 2167 1825 2224 Plan·

125 2257 371 2316 etcontameliam
385 2257 448 2314 viro
462 2256 549 2314 facit:
567 2261 677 2330 quanto
692 2258 788 2330 magis
818 2259 842 2315 si
863 2259 951 2317 ditior
1004 2256 1132 2312 tevirnus
1147 2255 1178 2310 in
1193 2255 1316 2328 nuptiis,
1330 2247 1491 2312 evellamus
1506 2272 1558 2330 per
1568 2257 1739 2330 pudicitiam
1751 2257 1829 2328 quod

122 2364 201 2406 uxor
219 2347 318 2414 suerit,
334 2345 409 2403 etin
425 2346 588 2418 domoejus
603 2345 647 2402 vir
669 2347 829 2403 manserit!
846 2347 951 2421 Incipit
1004 2342 1169 2416 plantatum
1186 2348 1240 2399 est.
1257 2345 1368 2416 tempus
1382 2346 1568 2417 amplexandi,
1585 2355 1611 2402 et
1624 2351 1728 2418 tempus
1749 2348 1830 2413 lotape

123 2439 203 2494 enim
219 2453 279 2493 non
295 2452 368 2492 uxor
381 2450 456 2506 esse,
468 2435 518 2492 sed
535 2434 674 2504 demina;
692 2439 721 2492 et
734 2437 795 2492 vire
811 2437 836 2492 si
859 2437 950 2494 ellen-
1008 2434 1067 2490 ieri
1082 2434 1117 2488 ot
1131 2433 1271 2506 amplexa.
1286 2434 1397 2505 Tempus
1412 2435 1539 2500 amandi,
1554 2437 1580 2490 et
1593 2443 1698 2507 tempus
1706 2435 1827 2493 odiendi.

122 2527 208 2596 derit,
224 2525 414 2598 migrandum
429 2527 484 2581 est.
500 2522 654 2580 Stillicidia
667 2523 787 2596 ejiciunt
801 2524 950 2584 hominem
1009 2525 1124 2594 Tempus
1139 2522 1204 2578 tetii
1219 2529 1246 2577 et
1260 2525 1364 2594 temptas
1375 2523 1454 2593 pacis
1467 2522 1547 2594 (ibid.
1561 2525 1588 2592 5,
1605 2525 1644 2596 8).
1672 2524 1826 2600 Simulque

122 2617 152 2671 in
168 2615 217 2672 die
232 2612 354 2670 hiemali
380 2613 415 2669 de
441 2613 527 2669 domo
549 2629 614 2682 sun,
637 2612 774 2669 similiter
793 2617 823 2670 et
846 2614 952 2672 mulier
1005 2610 1408 2684 noscemmonet,nelegcm
1431 2611 1587 2685 Evangelio
1616 2615 1827 2688 preferamus3

123 2701 272 2762 maledica
286 2703 323 2758 de
338 2701 456 2775 propria
467 2702 554 2758 domo
569 2702 662 2774 (Pron
679 2718 769 2770 xxvrr,
785 2703 841 2774 15).
870 2705 950 2762 Asai·
1006 2716 1060 2756 nec
1075 2700 1231 2772 puritatem
1238 2699 1426 2774 virginitatis,
1437 2700 1550 2773 nuptiis
1560 2705 1698 2773 putemus
1711 2721 1832 2777 equan-

123 2795 192 2850 duis
207 2793 321 2866 quippe
332 2790 441 2864 Jnrgiis
457 2794 485 2847 ct
499 2790 672 2863 quetidiana
684 2790 855 2866 garrulitate
883 2793 952 2850 lacit
1007 2790 1092 2846 dam:
1116 2789 1227 2844 Meliora
1259 2797 1323 2845 sant
1352 2790 1464 2861 dicens,
1496 2791 1645 2848 norissima
1681 2797 1828 2866 sermome,

123 2882 271 2956 perfluere
284 2881 296 2916 ¹
310 2881 432 2936 domum
447 2880 521 2951 ejus,
534 2883 563 2936 et
576 2879 666 2950 ejiciit
681 2895 750 2936 eum
779 2881 815 2937 de
838 2881 951 2939 edibus
1006 2895 1087 2951 qaam
1101 2877 1214 2934 initiam
1231 2879 1290 2950 ejas
1317 2879 1415 2949 (docte.
1440 2895 1491 2946 vn,
1515 2879 1554 2949 9).
1571 2879 1736 2953 Statimque
1759 2884 1830 2939 sub-

125 2973 199 3037 snis,
215 2971 247 3026 id
262 2970 355 3026 estde
371 2967 507 3025 Ecclesia.
525 2965 605 3024 Unde
620 2973 649 3024 et
674 2984 764 3040 supra
789 2970 825 3025 ah
849 2971 951 3027 eedem
1002 2967 1118 3040 jungit:
1135 2968 1173 3023 Ne
1184 2966 1300 3036 dixeris,
1316 2967 1382 3039 qaid
1392 2969 1496 3039 factam
1511 2977 1560 3034 est,
1576 2971 1642 3039 qaia
1656 2970 1713 3025 dies
1725 2975 1832 3043 priores

124 3059 286 3116 Salomone
300 3057 488 3130 precipitur:
504 3057 563 3112 Fili
576 3072 612 3112 rae
625 3059 814 3129 supereffluas.
831 3059 866 3113 Et
880 3060 953 3135 Apo
1005 3057 1132 3112 meliores
1146 3063 1236 3123 erant,
1256 3071 1339 3127 qaam
1353 3055 1405 3111 ti‘l
1421 3056 1490 3124 Quia
1503 3072 1560 3112 aaa
1583 3059 1721 3130 sapienter
1743 3061 1829 3116 inter·

125 3146 222 3204 stolus
253 3147 290 3202 ad
324 3145 470 3202 liebreos.
501 3149 649 3218 Propterea
676 3145 784 3218 inquit,
826 3145 952 3204 debemus
1005 3145 1155 3216 repastide
1173 3147 1222 3200 tec
1238 3143 1315 3210 (ibid.
1338 3145 1400 3214 ll);
1420 3149 1449 3200 et
1473 3145 1568 3201 reddit
1592 3162 1712 3204 causam
1742 3163 1833 3220 quare

127 3236 272 3292 ananam
286 3233 412 3304 amplias
426 3234 468 3290 tis
480 3247 543 3306 quae
553 3233 693 3301 dieantur,
708 3237 820 3306 aesone
829 3239 951 3309 saperes·
966 3219 988 3285 G
1007 3234 1070 3291 dies
1080 3232 1255 3306 posteriores
1271 3232 1407 3289 meliores
1422 3233 1481 3290 sint
1495 3250 1584 3307 quam
1607 3235 1739 3307 priores:
1762 3237 1834 3306 Quia

96 3339 104 3358 ·
124 3327 245 3394 poemat
259 3323 352 3394 (seor.
366 3339 397 3388 n,
412 3323 448 3394 l).
459 3320 680 3395 llludveroquis
692 3326 796 3393 taceat,
808 3325 886 3395 quod
897 3325 953 3381 sub
1009 3323 1089 3392 baca,
1104 3322 1211 3395 inquit,
1227 3329 1266 3377 est
1278 3323 1416 3394 sapientia
1431 3339 1492 3378 eam
1508 3323 1666 3380 haereditate
1681 3325 1760 3388 (tota.
1778 3325 1834 3397 12).

127 3412 284 3486 enigmate
309 3410 472 3468 scribitur?
489 3412 672 3482 Sonpaisupea
695 3419 749 3468 tres
771 3413 838 3483 fitiae
874 3418 955 3470 erant
1009 3413 1040 3468 ln
1054 3409 1118 3484 lege
1133 3410 1211 3466 enim
1228 3410 1403 3484 sapientiam
1420 3411 1530 3484 earnis,
1558 3429 1637 3476 mors
1657 3414 1837 3487 sequebatur

126 3499 401 3566 uteetteneditectae,
415 3499 462 3556 scd
474 3501 536 3557 iste
546 3516 602 3557 oon
616 3508 811 3558 saturaverunt
828 3518 900 3569 eam,
929 3512 954 3560 et
1008 3500 1163 3570 occidens;
1181 3500 1211 3555 in
1226 3497 1383 3572 Evangelio
1399 3499 1574 3572 sapientiam
1590 3501 1723 3574 spiritus,
1744 3502 1832 3558 haere-

128 3594 243 3662 qaartaa
256 3589 422 3662 mwsficit
434 3589 525 3646 dicere
549 3590 635 3646 sotis:
663 3591 800 3662 Infernas,
826 3595 853 3647 et
876 3608 955 3649 amor
1008 3589 1084 3645 ditas
1099 3592 1247 3663 exspectat
1260 3593 1386 3648 aterna:
1403 3591 1468 3645 Erae
1488 3589 1538 3646 laec
1559 3591 1663 3658 iaceat,
1687 3591 1759 3647 dicit
1779 3596 1832 3646 tte-

130 3677 275 3743 manere,
289 3682 399 3734 etterra
414 3693 542 3750 qaaeaora
568 3679 785 3750 satiataraqaa,
814 3688 841 3736 et
855 3682 954 3750 ipais³
1008 3676 1169 3745 clesiastes,
1185 3678 1323 3735 bominem
1337 3693 1424 3733 anum
1443 3677 1475 3732 de
1499 3678 1576 3733 mille
1598 3681 1701 3746 iacent,
1728 3688 1754 3734 et
1776 3697 1834 3735 ma·
1924 3751 1929 3761 ⁸

128 3783 187 3824 non
204 3765 274 3823 dicit
284 3769 349 3822 ratis
360 3775 399 3824 eat
415 3769 507 3837 (Proo.
533 3781 602 3835 xxx,
618 3767 663 3836 ·l5,
689 3767 744 3838 36).
768 3769 954 3843 sanguisuga
1008 3766 1104 3822 iterem
1118 3768 1149 3822 ia
1159 3765 1202 3822 tis
1216 3765 1341 3822 omnibus
1351 3781 1406 3821 aaa
1416 3765 1519 3821 inueni.
1533 3766 1731 3824 Verumtamem
1746 3769 1835 3840 reperi

130 3855 268 3914 diabolus
281 3859 336 3920 est,
352 3854 460 3913 diaboli
471 3855 536 3911 llliae
563 3859 634 3912 sunt
655 3855 810 3913 dilectione
830 3857 951 3914 dilecte.
1008 3855 1078 3928 qaod
1091 3857 1155 3927 [erit
1170 3856 1240 3912 Deras
1254 3855 1331 3912 284
1347 3855 1484 3911 bominem
1498 3863 1623 3912 rectam:
1637 3865 1663 3912 et
1678 3857 1735 3928 ipsi
1757 3871 1834 3929 quae·

130 3962 192 4018 que
208 3943 729 4007 satiariinterfecterum28⁸cruore
742 3963 799 4002 non
812 3951 951 4019 pessunt:
1007 3945 1115 4000 sterant
1126 3945 1301 4015 cogitationes
1315 3944 1405 3999 motas
1419 3944 1502 4014 (ttid.
1520 3944 1625 4017 2830).
1642 3944 1765 4002 Rectum
1781 3945 1835 4004 ho·

127 4035 260 4109 laser-raas
273 4037 392 4090 etcosm
412 4033 554 4102 mamete,
573 4042 599 4090 et
615 4037 690 4090 terra
712 4050 805 4100 areas,
822 4044 849 4092 et
878 4051 953 4094 eea-
1008 4032 1275 4090 minaminvenisse
1290 4032 1417 4089 sedicit.
1433 4033 1590 4090 Considera
1613 4035 1673 4090 vim
1688 4035 1778 4092 verbi.
1796 4035 1829 4092 ln

127 4127 236 4180 aucas.
247 4123 312 4180 Non
322 4122 954 4197 hicdemeretrice,nendoadulteradieitur‚
1008 4122 1168 4189 hominem,
1184 4125 1213 4178 et
1226 4121 1270 4176 vir
1285 4126 1313 4177 et
1328 4121 1437 4178 femina
1448 4122 1622 4179 continetur.
1632 4128 1667 4180 st
1685 4125 1833 4180 mratiercm

128 4212 179 4268 sed
189 4227 276 4268 amor
286 4210 827 4286 mulierisgeneraliteraccusatur,qui
838 4229 954 4286 semper
1007 4210 1113 4284 inquit,
1129 4213 1160 4266 in
1174 4210 1218 4266 tis
1232 4209 1357 4267 omoitas
1370 4226 1425 4267 non
1439 4213 1543 4267 inueni.
1561 4211 1705 4284 Legamus
1721 4211 1833 4285 princi·

126 4299 376 4368 insatiabilisest,
392 4300 442 4373 qui
457 4300 619 4358 exstinctus
635 4301 813 4370 accenditur,
831 4305 860 4358 et
888 4307 954 4376 post
1007 4300 1090 4373 pium
1106 4299 1263 4369 Geneseos,
1278 4305 1307 4355 et
1321 4298 1503 4356 inveniemus
1516 4298 1621 4368 Adam,
1634 4298 1690 4356 hee
1719 4303 1764 4356 est
1783 4299 1834 4357 he·

128 4389 246 4460 copiam
259 4387 953 4462 rursuminopsest,animumquevirilemella·
1008 4388 1128 4456 minem,
1150 4392 1211 4444 tam
1237 4387 1333 4445 virum
1362 4403 1451 4460 quam
1472 4387 1634 4444 feminam*⁵
1655 4388 1832 4461 nuncupari.

128 4477 234 4546 minat,
249 4482 277 4534 et
295 4483 415 4552 excepta
437 4479 574 4552 passione
597 4495 686 4552 quam
711 4479 846 4544 sustinet,
873 4479 952 4537 aliud
1006 4481 1158 4550 Cumargo
1179 4477 1248 4534 boni
1276 4477 1364 4533 creati
1391 4476 1488 4532 simus
1512 4479 1541 4532 et
1564 4476 1661 4533 rectia
1676 4477 1746 4544 Dee,
1774 4463 1833 4545 ipsi

130 4583 185 4624 nen
201 4566 275 4624 sinit
289 4569 427 4641 cogitare.
444 4567 544 4624 Simile
557 4567 668 4641 quidet
681 4568 856 4641 insequenti
872 4584 953 4641 para·
967 4593 990 4656 D
1005 4566 1076 4623 vitio
1091 4570 1191 4622 nostro
1202 4581 1306 4622 sumus
1321 4565 1357 4621 ad
1373 4567 1473 4638 pejora
1495 4564 1627 4638 delapsi;
1648 4567 1677 4621 et
1700 4566 1779 4638 qued
1802 4565 1832 4622 in

161 4693 170 4726 ¹
188 4691 288 4748 Varias
303 4692 442 4756 deniare,
453 4691 553 4748 Altum
562 4692 640 4764 apud
654 4694 788 4748 auctores
798 4691 954 4750 historicas
1008 4690 1069 4746 lum
1086 4689 1133 4746 hio
1147 4708 1154 4758 ;
1170 4690 1253 4745 viret
1267 4706 1339 4746 uxor
1353 4706 1410 4746 non
1422 4689 1549 4763 litigant.
1567 4712 1581 4740 »

128 4762 280 4819 silentium
295 4765 331 4820 de
352 4765 408 4820 isto
431 4762 519 4820 Vario
542 4763 663 4820 Gemino
685 4761 805 4820 sublimi
830 4769 953 4821 oratore.
1043 4763 1137 4817 'Mes
1150 4765 1184 4816 ut
1198 4761 1323 4829 videtur,
1349 4761 1466 4830 rectius,
1484 4765 1512 4818 et
1534 4761 1680 4835 perpluere
1693 4765 1721 4816 et
1745 4759 1832 4831 paule

126 4836 289 4900 Quarenee
317 4851 370 4908 ege
394 4833 468 4891 seire
492 4850 623 4906 possum,
650 4834 717 4906 quis
747 4835 833 4890 luerit
858 4837 954 4891 Veritas
1008 4837 1075 4905 post
1088 4833 1220 4903 perticas,
1233 4837 1271 4900 et,
1280 4834 1462 4904 persistamus,
1475 4848 1526 4905 pro
1537 4834 1834 4905 superflueqetsaper-

127 4905 257 4962 &minas
266 4926 278 4974 ,-
293 4922 346 4963 nec
360 4906 526 4962 temeritate
542 4904 656 4962 dicendi
671 4905 781 4979 fingere
800 4905 864 4962 volo
892 4923 954 4962 ora·
1007 4906 1136 4975 [laamas.

126 4981 222 5033 torem
235 4976 334 5034 nescio
348 4993 437 5051 quem
450 4977 527 5051 apud
544 4976 752 5050 grammatices
777 4976 954 5034 divinatores
1043 4975 1170 5044 8lidem,
1186 4973 1430 5030 Noadtceatsotis
1454 4982 1509 5041 est,·
1527 4974 1613 5045 juxta
1636 4969 1761 5028 Gracci
1791 4973 1829 5044 μή

126 5047 953 5131 futurumtarsitanaliquandoceleberrimumlluitporrc
1008 5042 1118 5099 εἴπωσιν
1138 5051 1224 5114 ;tum
1249 5045 1405 5117 preposita
1422 5047 1446 5100 si
1471 5043 1626 5118 particula,
1651 5059 1719 5100 cum
1742 5044 1831 5100 reteri

129 5121 230 5177 Varim
242 5120 319 5178 alins
329 5125 415 5193 poeta
436 5121 577 5192 tragicus,
594 5118 710 5204 Virgilii
735 5123 763 5174 et
781 5117 892 5175 Horatii
913 5120 954 5175 la·
1007 5117 1144 5184 editione,
1156 5120 1182 5173 sr'
1197 5117 1376 5188 scopaisapa.

125 5191 254 5248 miliaria
268 5208 275 5246 ε
293 5208 411 5248 necnon
426 5190 501 5248 alter
515 5195 600 5264 poeta
611 5189 850 5318 hnssusnominis,
865 5191 952 5263 cujus
1039 5191 1053 5224 ⁴
1069 5195 1123 5245 Pro
1137 5191 1217 5260 atera
1231 5187 1448 5258 cooperientem
1461 5188 1491 5241 ia
1505 5192 1606 5242 memet
1621 5185 1695 5256 fieri,
1711 5188 1766 5241 etc.
1782 5203 1832 5243 no·

126 5263 265 5319 meminit
278 5262 430 5337 Virgilius,
441 5261 514 5319 Vide
529 5261 648 5318 Horatii
673 5262 723 5317 .1.
739 5261 839 5328 Serm,
856 5263 952 5330 sat.5,
1008 5259 1185 5318 stricodices
1209 5260 1331 5315 tortasse
1360 5259 1531 5314 correctoris
1560 5273 1683 5314 manum
1707 5257 1830 5330 experti,

124 5337 156 5390 et
168 5335 251 5392 alibi.
267 5338 406 5392 marma.
422 5365 458 5375 -
477 5334 598 5389 Varium
618 5332 774 5390 Geminum
797 5332 951 5392 sublimem
1006 5333 1039 5390 Aa
1054 5331 1264 5405 tecpcricatam
1274 5330 1409 5400 imminet,
1421 5328 1492 5398 fieri.
1503 5329 1829 5387 Terentiasinrtndria:

122 5411 273 5462 craterem
289 5412 350 5463 tam
366 5423 442 5479 sepe
452 5408 596 5462 memorat
618 5404 728 5460 Seneca
750 5403 781 5460 in
805 5404 952 5462 Suasoriis

125 5483 154 5533 et
164 5477 388 5547 controversiis,
404 5483 438 5534 ut
452 5476 651 5534 Martianeum
668 5474 757 5530 mirer
771 5481 951 5533 asserentem
1037 5475 1071 5524 Αῑ
1084 5473 1150 5524 illud
1166 5471 1313 5536 perieulum
1329 5473 1356 5522 ¹11
1372 5471 1425 5524 fitia
1435 5472 1493 5522 fleri
1504 5485 1586 5538 erate
1601 5476 1648 5522 θεῖ·

125 5549 218 5606 altum
232 5551 312 5623 apud
326 5553 462 5606 auctores
477 5553 505 5604 et
519 5547 677 5603 historicos
692 5545 785 5602 deillc
799 5546 951 5604 silentium
1202 5578 1207 5586 ·

124 5637 197 5680 esse.
212 5622 302 5679 Perre
316 5620 439 5679 Gravius
453 5619 589 5678 festivum
605 5616 752 5692 quoddam
764 5618 952 5693 Epigramma
1041 5617 1051 5652 ⁵
1067 5613 1263 5699 Repoauimus
1278 5629 1375 5674 amas.
1392 5619 1421 5672 et
1438 5615 1527 5673 veteri
1553 5614 1679 5676 editione
1693 5612 1830 5692 ferinam

125 5693 155 5752 ia
169 5693 421 5776 ajaassnteatiam
437 5693 539 5754 adad:
558 5713 572 5746 a
588 5688 677 5770 licus,
693 5690 797 5766 viator,
821 5691 950 5756 mbaeu·
1005 5687 1223 5770 promotorem.
