4108 6174
86 255 182 354 'last
599 255 635 320 D.
659 255 891 325 meantium
906 255 1305 322 -nrtiitauvaastorias
1724 253 1816 324 iord

134 394 255 452 bibrum
271 387 625 456 retraicoiumttomtaom
639 389 693 448 heo
707 391 891 449 oontentione
906 395 935 448 et
957 390 1174 475 comparatione
1202 385 1370 465 Hieronymi
1399 405 1467 450 oiim
1488 387 1594 450 Hrreeis
1609 389 1803 466 scriptoribus

101 465 310 524 absolvendum
325 462 488 520 existimavi
502 479 508 532 ;
525 463 594 546 quia
609 463 708 519 axilla
724 463 906 536 oppositione
922 462 1032 520 Hebroei
1047 464 1191 519 sermonis
1208 463 1311 535 peritia
1325 478 1442 520 summa
1457 461 1550 520 elucet
1565 463 1594 518 in
1610 461 1802 537 Hieronymo;

101 538 180 594 nulia
195 543 292 594 autem
309 540 360 592 aut
374 535 497 591 minima
512 534 626 590 exsistit
640 534 670 590 iii
686 535 793 591 Grecis
804 535 972 591 auctoribus
980 539 1008 590 ει
1028 534 1221 608 mologiariim
1233 535 1441 591 Hebraicorum
1451 535 1663 591 Nominume
1674 552 1732 606 quo
1743 551 1804 592 ma·

101 609 238 666 nitestum
254 612 298 664 est
313 605 503 679 etymologias
518 622 710 678 quascunque
724 606 876 678 violentas,
893 623 957 678 qua
972 551 1060 661 veiin
1077 605 1151 662 libro
1176 607 1334 662 Nominum
1347 604 1402 672 ,vel
1418 605 1487 662 alibi
1503 607 1578 678 apud
1596 605 1803 678 Hieronymum

100 683 266 746 occurrunt,
283 679 397 735 Grecos
413 677 680 750 habereparentse.
697 677 750 732 Ubi
766 677 844 734 enim
860 692 1017 734 suoseosu
1033 693 1066 732 ao
1096 677 1213 750 proprio
1242 683 1335 734 marte
1364 677 1558 749 Hieronymus
1572 675 1706 734 Hebraeas
1720 693 1804 736 voees

100 749 393 824 interpretatur‚nibil
407 748 442 805 ed
460 749 524 820 ejus
537 748 720 875 diliffentiam
736 752 765 804 ot
778 748 973 804 eruditionem
989 749 1147 820 perlectam
1162 749 1332 805 addendum
1348 748 1476 804 inveniet
1490 747 1725 806 Hebraizentium
1743 765 1804 805 iiia-

120 824 258 879 istrorum
274 819 361 878 etiem
378 819 577 876 acutissimus.
608 820 692 893 dego
707 823 903 876 contestatum
919 819 996 875 volni
1025 819 1243 876 exPrslatione
1272 821 1301 876 S.
1333 820 1460 876 doctoris
1486 819 1805 877 incommenterioein

99 840 208 950 instem
224 891 396 966 prophetam
410 908 417 947 :
432 892 517 962 cujus
530 890 711 963 prelationis
724 891 812 947 verba
831 889 972 964 descripsi
988 893 1075 963 prout
1088 891 1228 964 leguntur
1241 890 1271 946 in
1286 890 1495 948 vetustissimis
1510 890 1726 964 exemplaribus
1741 909 1805 948 uia·

100 964 279 1038 rescriptis:
295 979 364 1019 nam
380 963 409 1018 in
425 961 512 1018 editis
527 965 613 1018 antea
627 961 711 1018 libris
730 967 834 1034 preater
854 979 957 1036 peuce,
977 963 1077 1018 omnia
1107 966 1245 1034 corrupta
1277 968 1347 1019 eunt
1365 964 1487 1020 Hebriee
1501 963 1600 1019 Graeca
1621 979 1658 1018 ue
1673 963 1803 1020 nomina.

100 1038 140 1094 De
155 1053 215 1108 qua
228 1034 414 1106 corruptione
429 1049 463 1090 so
477 1037 619 1116 perpetua
633 1033 838 1107 depravatione
852 1034 929 1090 viros
945 1033 1046 1090 doctos
1061 1033 1199 1090 admonui
1215 1033 1244 1089 in
1275 1033 1432 1091 Prodromo
1448 1037 1548 1090 nostro
1572 1034 1599 1090 S.
1642 1033 1783 1107 ieronymi
1797 1053 1805 1098 ;

101 1113 129 1165 et
140 1107 351 1164 lioetuoverim
366 1104 576 1161 admonitionis
591 1119 662 1161 mem
690 1104 886 1162 sinceritatem
921 1102 1108 1177 displicuisse
1139 1105 1317 1176 quibusdam
1347 1104 1446 1161 sciolis
1475 1120 1508 1160 ao
1527 1104 1641 1161 emulis
1655 1105 1740 1174 meis,
1755 1106 1806 1178 qui

101 1177 287 1235 oontomeliia
298 1193 357 1233 non
373 1175 475 1260 paucis
488 1175 523 1232 de
538 1180 617 1232 statii
632 1191 697 1231 meo
712 1175 857 1233 deterrere
872 1191 920 1232 me
933 1174 1183 1303 glestiebantpihil
1200 1193 1297 1232 moror
1312 1177 1398 1233 bodie
1413 1192 1514 1233 eorum
1528 1175 1695 1248 imperitam
1711 1193 1806 1234 moro-

101 1250 302 1322 allatumque
325 1245 914 1319 invitaHpistolamdaruetatuiadov.
971 1248 1096 1303 ebenum
1126 1247 1284 1314 Chovceau,
1313 1253 1346 1303 ut
1374 1264 1441 1304 eum
1471 1246 1622 1304 certiorem
1652 1247 1754 1304 taniam
1771 1248 1807 1305 de

100 1321 244 1403 stupenda
258 1319 462 1391 depravatione
478 1321 608 1374 veterum
624 1318 787 1374 editionum
804 1317 981 1389 Hieronymi,
997 1334 1121 1390 eamque
1136 1319 1256 1408 probeir.
1273 1319 1427 1392 insigniori
1443 1323 1616 1390 argomento
1631 1321 1660 1374 ει
1674 1317 1806 1392 exemplo

98 1409 177 1450 vocis
192 1387 310 1465 ψελλια,
325 1405 377 1463 pro
393 1405 453 1462 qua
472 1388 556 1446 nobis
570 1389 747 1447 abstrudunt
762 1389 1010 1447 absurdissimum
1025 1391 1163 1466 ψηφιστην
1180 1389 1210 1446 in
1225 1390 1395 1465 pretatione
1416 1388 1583 1462 Hieronymi
1595 1391 1659 1462 jem
1674 1388 1805 1448 laudata.

101 1567 1381 1598 Μ

293 1737 524 1832 oiossis
553 1737 929 1853 Quoaoiioiiv
959 1740 1296 1831 SCRIPTURAE
1326 1742 1622 1833 ioooiovi

939 1951 973 1992 ΕΤ

491 2101 662 2160 NOMINUM
682 2102 1040 2160 INTHRPHHTATIONHS
1060 2102 1249 2160 BHITONUM
1270 2103 1414 2176 LINGUA,

435 2257 447 2270 ’
545 2276 592 2331 Ee
610 2276 803 2348 antiquissimo
820 2275 912 2334 codice
930 2292 981 2332 nia.
1001 2275 1168 2346 colbertino,
1188 2291 1265 2330 num.
1283 2274 1363 2330 4951.

430 2601 466 2641 na
484 2601 594 2643 annaei.
943 2589 972 2658 A
986 2585 1141 2656 Hdelllum,
1157 2585 1248 2642 herba
1263 2583 1320 2642 albi
1335 2584 1442 2642 coloris
1457 2589 1511 2642 est.

101 2673 236 2744 Furium,
251 2673 325 2740 dun,
338 2671 384 2730 vel
401 2677 456 2745 rot,
473 2675 530 2747 laps
545 2689 664 2732 sursum
681 2690 731 2742 pro
746 2675 869 2734 lurtum.
985 2653 1089 2714 AEtiili
1104 2657 1232 2731 lnisssslffli
1249 2657 1277 2712 ld
1293 2660 1347 2724 θθῑι
1368 2655 1542 2731 trigenum·

101 2747 211 2805 Cervus
226 2745 354 2801 emissus
368 2745 476 2801 dicitur
503 2744 622 2818 quando
651 2762 765 2804 cervam
786 2747 929 2819 sequitur.
1254 2779 1290 2819 ηε
1308 2780 1540 2820 „Bounomeia

139 2819 175 2874 lit
189 2832 284 2889 equus
298 2816 426 2874 emissus
439 2818 557 2889 quando
571 2834 664 2890 equos
678 2819 823 2893 sequitur.
988 2850 1112 2922 porfflio'
1130 2850 1248 2924 philsor·

446 2939 482 2978 aa
499 2939 602 2979 mono.
987 2925 1160 2994 Noctuorax,
1178 2923 1350 2979 naotroiam.

109 3027 273 3098 Fiscellum,
289 3032 420 3102 sportam
435 3027 538 3086 thenit.
1284 3045 1319 3086 on
1342 3046 1411 3088 iaso
1432 3047 1515 3088 aava.

108 3100 412 3182 Sponsusaanguinis
435 3104 466 3158 tu
483 3100 663 3184 1115thde
679 3105 820 3184 ysilium&
837 3102 935 3175 <illde
987 3114 1315 3200 Arouatovuluere,·id
1339 3123 1395 3189 est,
1425 3120 1816 3195 incurvatovulners;quia
1852 3191 1854 3200 Ι

146 3187 289 3254 sanguiue
305 3187 369 3228 meo
388 3174 476 3228 ustus
491 3175 537 3254 est
550 3187 753 3256 vlrtqmtlsus·
863 3243 869 3258 ,
1024 3188 1118 3271 cauda
1133 3203 1296 3272 scorpionis
1311 3206 1401 3246 curva
1414 3195 1459 3246 est
1473 3192 1552 3248 unde
1566 3199 1661 3249 iiooet.

44 3319 56 3340 ι
108 3243 172 3300 Non
189 3245 303 3326 mutiet.
319 3246 454 3318 grennet
469 3241 556 3316 gillit
581 3260 652 3316 quia
670 3260 729 3300 noo
747 3247 831 3301 nocet
845 3259 871 3301 ei
886 3261 934 3302 ex·
989 3258 1189 3326 Postlimenio,
1205 3260 1233 3316 id
1248 3265 1388 3344 estpost
1403 3267 1528 3319 mortem
1543 3263 1646 3335 patris.

145 3318 327 3372 terminator.
990 3330 1133 3414 Regulam
1148 3347 1278 3404 auream,
1296 3348 1413 3406 rippam
1428 3333 1570 3406 gurdiles.

106 3384 462 3470 Pruipae2brimyq·„
686 3454 692 3468 ,
815 3455 846 3470 ..
987 3403 1095 3460 Civitas
1117 3402 1294 3472 litterarum,
1319 3409 1438 3477 propter
1461 3405 1606 3464 litteratos
1625 3407 1676 3478 qui
1704 3407 1815 3466 ibidem

107 3458 239 3514 Pretium
267 3455 426 3529 pudicitia,
454 3457 545 3514 idest
572 3473 612 3514 xii
640 3454 750 3514 solidos
772 3473 934 3530 quiipsaui
1023 3473 1243 3531 ousiodiuntur,

143 3527 267 3586 tradidit
281 3527 398 3598 marito,
412 3527 498 3586 debet
513 3527 616 3601 puelle
632 3529 712 3585 dare.

105 3599 228 3658 Mittens
243 3600 385 3656 orabonss
422 3598 452 3655 id
466 3602 520 3671 eet,
539 3600 644 3670 ornile,
662 3601 779 3674 propter
793 3601 933 3658 terrorem
1091 3666 1096 3679 ⁸
1242 3577 1291 3680 0⁰⁸·
1308 3577 1393 3680 ΨΜ)
1411 3579 1551 3681 ωΨΜ·

144 3667 228 3740 dixit,
244 3669 290 3752 vel
305 3641 426 3752 angelos
442 3671 546 3728 malos.
905 3741 911 3753 ·
988 3666 1324 3794 Teslatio‚vel·³u1aibi
1344 3668 1476 3752 iecerunt
1485 3671 1584 3752 tisias.
1601 3669 1706 3728 Usum.

106 3741 203 3800 Pelles
217 3745 353 3809 arietum,
370 3742 399 3797 id
415 3746 469 3809 est,
494 3741 558 3800 sirie
572 3740 649 3812 lans,
665 3739 752 3814 quasi
767 3739 888 3816 partica,
904 3743 933 3798 id
989 3739 1021 3822 ln
1037 3740 1195 3808 taberne,i
1231 3741 1287 3807 εει,
1303 3738 1397 3812 negati
1413 3757 1524 3798 sarain.

144 3817 199 3882 est,
215 3811 281 3872 roth
296 3811 400 3870 losclii.
988 3810 1105 3882 Sibilos,
1122 3825 1152 3866 re
1175 3826 1225 3866 um
1240 3809 1451 3869 blandimenta.

104 3883 202 3942 Pelles
212 3883 384 3958 J'acintinas‚
409 3882 439 3940 id
463 3887 518 3952 εει,
542 3883 605 3942 sins
626 3882 704 3953 lana,
720 3885 819 3940 autad
833 3888 934 3960 tegeri·
988 3881 1134 3966 Paleotes,
1148 3826 1303 3964 iiigientes.

143 3953 226 4025 dum,
243 3971 302 4013 iioii
317 3958 363 4012 εει
375 3953 406 4010 in
421 3954 582 4014 Britannia.
949 3970 974 4036 B
989 3953 1074 4021 litio,
1091 3953 1120 4010 id
1137 3957 1191 4020 εει,
1206 3951 1286 4010 ειιιι.

104 4025 239 4096 Fibulss,
255 4026 392 4100 bringam
989 4024 1127 4093 Teratlm,
1143 4024 1172 4080 id
1188 4028 1243 4092 εει,
1258 4022 1382 4080 idolum.

103 4097 266 4171 Capitium,
283 4097 360 4171 quod
376 4095 453 4154 oiroa
465 4095 573 4155 collum
589 4095 769 4154 sithalsetha.
989 4095 1123 4170 Implevit
1137 4112 1269 4164 manum,
1284 4095 1384 4165 idest,
1399 4094 1481 4154 dedit
1495 4097 1661 4171 pecuniam.

102 4167 279 4236 Dexteralia,
296 4169 398 4226 nimbo
422 4169 600 4242 gushregida
614 4171 682 4226 ante
694 4167 836 4238 manicae,
851 4172 881 4226 et
894 4168 935 4226 ibi
1327 4219 1364 4259 Μ
1388 4219 1474 4261 Μ.

143 4243 369 4317 ⁰⁰n¹¹unguntur
383 4239 467 4402 ⁰¹³3:
481 4360 608 4404 mmm
988 4290 1141 4367 congessit
1155 4290 1282 4366 polenta,
1298 4291 1326 4348 id
1344 4295 1399 4363 est,
1415 4291 1603 4368 congregatio
1618 4293 1732 4352 formal.

103 4433 285 4508 minuenti,
301 4433 391 4490 levint
405 4433 516 4510 legum.
1012 4506 1018 4518 Ι
1175 4505 1181 4518 ι
1264 4415 1303 4518 Μ,
1318 4416 1411 4457 ¹⁶¹¹¹³¹⁸
1430 4417 1538 4457 mm·

102 4504 281 4574 Lumbulos,
295 4504 473 4564 lenbradnn.
811 4515 813 4524 '
987 4505 1137 4564 circulum
1153 4506 1279 4574 dierum,
1295 4505 1393 4574 idest,
1410 4523 1532 4564 annum.

100 4577 183 4634 Cbro
206 4574 408 4646 'lliue,animal
424 4577 578 4654 spinosum
590 4579 685 4652 maj0r
697 4594 787 4652 quam
799 4577 931 4638 hirioios.
988 4577 1134 4650 Focarias,
1150 4577 1347 4650 coquinarios,
1369 4578 1394 4634 id
1416 4580 1471 4647 est,
1491 4578 1588 4637 cibum
1606 4583 1812 4654 preparantes.

100 4591 227 4719 Gurubi,
241 4665 340 4706 rouca.
987 4649 1119 4734 Sitaroie,
1137 4649 1166 4732 in
1183 4649 1291 4776 ‘inim
1312 4648 1392 4706 cibos
1419 4653 1545 4777 zurtam,
1561 4649 1590 4706 id
1606 4655 1662 4720 εει,
1678 4649 1812 4708 tecislun.

98 4721 268 4793 Nuptusm,
284 4722 405 4778 nectret.
988 4721 1080 4778 Unius
1096 4737 1164 4777 anni
1196 4721 1276 4789 ilius,
1294 4725 1411 4796 propter
1448 4721 1633 4780 umilitatem.

99 4793 226 4861 Larum,
241 4807 320 4850 meu.
337 4791 486 4850 Honorem
502 4792 584 4849 uooi.
987 4792 1139 4864 Perendie,
1155 4797 1223 4865 poet
1237 4809 1314 4850 orae.

98 4862 283 4938 Mergulum,
299 4863 384 4938 niger
397 4863 507 4921 dicitur
535 4881 552 4920 a
574 4862 743 4936 mergendo,
760 4861 789 4918 id
805 4867 859 4932 est,
876 4863 933 4936 dop
986 4864 1065 4921 Vasa
1074 4879 1234 4947 puerorum
1258 4867 1370 4932 sancta,
1386 4863 1415 4920 id
1431 4870 1486 4933 εει,
1502 4880 1632 4938 corpora,
1647 4881 1699 4938 pro
1714 4879 1813 4938 perse·

140 4934 234 5009 logui.
264 4935 475 5006 Herodianum,
507 4951 566 4992 una
595 4933 643 4990 luo
663 4932 933 4994 hieoiuohbrucus
1022 4935 1322 4993 cutioiieetluxuria.

140 5005 260 5074 similis,
276 5005 305 5063 id
319 5008 376 5076 εει,
391 5005 521 5082 locuste,
536 5005 586 5064 sed
603 5005 704 5076 maior.
987 5005 1232 5076 Commentarius,
1249 5006 1299 5080 qui
1314 5006 1461 5066 scribebat
1475 5005 1616 5066 annuales
1630 5011 1813 5068 commenta·

96 5081 187 5134 Aaou
211 5075 248 5150 io,
265 5076 294 5134 id
311 5082 366 5147 εει,
382 5077 530 5153 lugoluda.
1023 5079 1095 5136 rios.

95 5093 241 5222 Spatniae,
257 5148 367 5206 habent
381 5147 608 5207 similitudinem
620 5147 729 5221 spade,
741 5146 809 5204 inde
823 5147 932 5222 spadu-
986 5149 1136 5236 Tipeioas,
1153 5147 1262 5231 iaciunt
1277 5148 1443 5218 dehordeo,
1456 5149 1634 5234 decorticant
1649 5149 1814 5225 ipsagrana

137 5218 173 5275 le
189 5219 336 5278 dicuntur.
1022 5239 1052 5278 in
1068 5221 1137 5297 pila,
1155 5219 1183 5274 id
1199 5224 1254 5287 est,
1271 5219 1300 5276 iii
1316 5219 1415 5278 cavelo
1445 5221 1525 5294 ligno
1540 5240 1547 5292 ;
1563 5222 1668 5279 deinde
1683 5229 1814 5297 coquunt

92 5291 163 5348 Sub
178 5292 304 5364 pastoris
319 5291 401 5364 virga
410 5295 576 5362 transeunt,
590 5291 620 5348 id
630 5294 686 5364 est,
699 5289 857 5348 rabbaouta
867 5291 932 5364 elus
1022 5293 1052 5349 in
1094 5309 1132 5349 uo
1146 5289 1258 5347 volunt.

137 5367 337 5421 cucurrerunt
352 5364 442 5420 toras.
949 5346 971 5412 C
987 5364 1019 5421 Li
1042 5309 1321 5430 noiineeitcosicui
1335 5365 1380 5419 est
1394 5362 1495 5438 biguo,
1510 5364 1538 5421 id
1557 5371 1611 5431 est,
1628 5364 1776 5423 uuidubil.

984 5381 1155 5503 erientiam,
1172 5431 1291 5490 ineanat
1310 5438 1435 5492 mentes.

415 5487 452 5528 ⁰⁸
470 5486 611 5528 'mmm'
983 5505 1194 5572 Polimiteriua
1211 5505 1314 5562 artilex
1330 5506 1582 5578 vestimentorum,
1603 5507 1631 5566 id
1648 5510 1692 5566 εει
1707 5507 1813 5570 serica

87 5573 203 5702 Βῐίεε,
219 5575 248 5632 id
264 5579 318 5649 est,
334 5591 410 5652 poue
425 5575 543 5654 signum
574 5575 737 5650 propritim,
754 5575 854 5647 idest,
870 5576 922 5634 eri·
1019 5579 1117 5661 godon
1133 5575 1230 5650 ueppi.

157 5646 276 5706 ethoon.
984 5650 1084 5720 Abies,
1100 5649 1187 5705 orbor
1201 5647 1282 5704 miros
1298 5645 1477 5721 altitudinis,
1486 5649 1565 5708 unde
1580 5649 1690 5707 iaciunt
1703 5651 1814 5704 tunnas

85 5717 221 5788 Uatilla,
237 5717 266 5776 id
282 5722 338 5790 eet,
353 5721 495 5778 sereoulla
509 5717 616 5780 similis
635 5718 714 5776 vasis
729 5717 838 5792 quibus
853 5735 930 5792 aque
1020 5719 1135 5788 Franci,
1151 5719 1258 5778 dicitur
1272 5716 1360 5790 sepis.

133 5789 173 5847 de
189 5791 314 5849 navibus
329 5791 491 5868 projicitur.
985 5793 1177 5867 Tor-naturas,
1193 5790 1222 5848 in
1239 5794 1460 5866 transversum,
1485 5791 1566 5865 ligno
1581 5791 1704 5856 tornata,
1719 5785 1818 5862 lagae·
