4056 6156
145 231 180 302 ιι
530 193 849 306 ιιιιιιιιιιιιιιιιι
868 233 1152 310 aristonaaoll
1175 247 1207 308 s.
1231 239 1431 312 araneam.
1794 230 1833 322 aa

145 369 286 442 mnndum,
302 375 334 428 et
348 369 457 430 babeas
472 375 672 431 contrabenm
691 375 952 450 inimicitiasque
967 393 995 458 Α
1093 377 1265 438 EPISTULA
1284 381 1413 438 PATRIS
1431 381 1564 440 noscat
1584 384 1756 446 eacaollu

143 457 428 560 Quiiliiffliffioe}
449 461 539 536 58in
562 467 594 518 Ui
616 479 681 562 51¹¹ae
706 463 845 521 difflffliffl
859 465 954 532 ”Obisv
1009 484 1049 540 Ad
1064 487 1194 542 uniuersa
1222 489 1391 543 monasterie
1404 505 1414 542 .·
1429 493 1460 544 ιιι
1487 492 1580 546 coacti
1605 495 1706 563 fratres
1721 509 1831 566 conpre-

142 545 285 620 abqnando
327 547 547 624 intelligamus:
582 556 707 608 scientes
730 553 800 625 qnia
824 554 955 610 mundus
1044 566 1142 628 qeatur
1170 559 1200 612 io
1241 561 1438 614 momuierium
1478 577 1577 643 meque,
1616 565 1686 634 qaod
1721 571 1833 629 creemur

137 639 283 708 pretereat,
315 643 345 693 ct
379 638 527 696 desideria
554 639 629 711 ejus.
654 640 778 712 Vigilate
804 646 832 697 ιι
860 643 955 700 videte
1044 628 1300 712 Βαῑιῃέιῑηᾶῑθιῑιι
1313 631 1435 699 Ριιθιῑιέ,
1457 635 1534 688 0⁶⁵²!
1558 635 1681 692 Omnium
1707 654 1762 692 voa
1788 655 1830 696 ιο·

139 725 956 802 quomodoambulelis.blovimusquodineruditisncour-
1044 700 1181 756 'mmm'

137 819 180 870 rat
193 831 271 871 mora.
288 816 326 870 ιιι
348 817 397 872 91
427 833 486 873 non
507 817 661 890 intelligite
683 822 827 892 tempora,
840 820 869 876 in
886 821 953 895 qni·
1044 828 1077 880 v.
1092 828 1195 880 Curam
1211 829 1313 882 vestra
1328 827 1490 898 prudentia
1506 831 1717 904 congreganda
1734 832 1832 895 subire

135 901 187 960 bns
204 909 244 959 est
266 919 353 960 error
374 909 405 960 et
425 905 567 963 seductio.
585 905 743 963 Considera
763 907 851 964 horas
867 913 954 981 atque
1007 912 1130 982 debetis,
1147 917 1179 970 ut
1193 914 1232 969 sil
1246 918 1347 986 aperta
1357 916 1452 986 janua
1466 920 1564 974 vestra
1578 923 1734 992 antequam
1750 937 1832 980 exea-

134 995 279 1064 momenta,
292 997 324 1050 et
341 994 494 1052 mensium
515 995 621 1068 spatia,
646 1012 772 1069 quorum
794 1013 882 1054 eursu
898 997 952 1054 bn·
1006 1000 1045 1058 tis
1060 1017 1075 1058 e
1090 1001 1205 1058 saeculo.
1219 1002 1331 1076 Pauper
1342 1020 1409 1060 eum
1425 1005 1648 1078 vescitur,jnxta
1663 1025 1832 1068 mansuram

132 1097 212 1138 mana
227 1082 286 1138 vita
311 1081 500 1141 devolvitur:
526 1089 678 1142 eteorum
704 1102 827 1142 numero
851 1087 953 1157 scitur,
1006 1105 1067 1145 suae
1082 1091 1262 1163 paupertatis
1277 1093 1414 1149 vescitur.
1434 1093 1494 1150 Dixi
1515 1094 1609 1168 vobis,
1638 1100 1671 1153 ut
1695 1098 1834 1156 noveritis

132 1176 231 1242 quanto
242 1176 382 1244 ternpore
406 1173 614 1246 unusquisque
637 1174 759 1231 vixerit:
782 1182 815 1232 ut
838 1176 953 1248 possint
1007 1177 1094 1234 boras
1108 1196 1140 1235 ao
1156 1184 1289 1252 tempora
1306 1181 1433 1250 pueritie
1449 1187 1558 1248 vestra,
1575 1188 1608 1239 nt
1623 1201 1681 1242 non
1696 1187 1762 1242 sitis
1777 1187 1833 1246 sol·

134 1259 256 1334 colligere
268 1260 348 1317 vires
364 1278 451 1331 suas,
468 1266 497 1318 ιι
519 1261 642 1336 implere
665 1279 700 1320 ex
723 1263 770 1320 his
792 1264 908 1331 horrea,
924 1269 953 1320 et
1008 1265 1080 1322 liciti
1096 1268 1131 1322 de
1146 1267 1243 1336 domo,
1261 1286 1324 1341 qnae
1350 1276 1509 1343 praeparata
1522 1277 1567 1328 est
1594 1277 1692 1330 vestra
1706 1276 1833 1334 venatio.

134 1353 278 1408 mmcntem
293 1349 411 1407 laturis
427 1351 575 1408 messibus
601 1368 774 1424 praeparare,
800 1359 829 1410 et
842 1358 876 1409 ut
889 1353 950 1410 cul·
1006 1355 1041 1410 Ει
1057 1371 1107 1411 vos
1121 1357 1239 1427 qnando
1255 1357 1361 1413 venitis
1375 1359 1410 1414 nd
1428 1376 1491 1427 nos,
1508 1360 1643 1418 habetote
1659 1361 1833 1422 sollicitudi-

130 1441 195 1498 tnra
207 1439 302 1497 studia
318 1443 460 1513 tempore
475 1440 632 1532 messionis
642 1441 801 1509 inveniant,
814 1447 842 1499 et
852 1459 951 1500 coram
1008 1460 1077 1499 nem
1093 1443 1190 1500 lectuli
1206 1445 1467 1512 infirmantinmmt
1480 1449 1617 1506 sternatis
1632 1448 1760 1519 illum,et
1774 1467 1834 1508 non

127 1529 178 1585 lieo
192 1533 218 1585 et
230 1529 382 1586 omnibns
397 1530 569 1602 possideant
594 1531 770 1600 necessaria,
795 1533 898 1588 mortis
914 1533 951 1588 ti·
1007 1533 1165 1608 indigeatis
1178 1552 1261 1608 panc.
1280 1535 1309 1591 Si
1326 1537 1442 1608 quando
1466 1537 1596 1596 invenire
1610 1539 1730 1596 valeatis
1745 1539 1833 1596 culei-

125 1635 195 1676 more
205 1623 360 1692 snperato,
379 1622 409 1676 et
419 1623 591 1676 transeunte
603 1621 724 1690 mundo,
736 1637 794 1677 non
806 1619 952 1679 celebrent
1011 1628 1087 1678 tram
1102 1622 1162 1679 sive
1174 1622 1330 1696 pulvillum
1347 1625 1381 1680 ad
1399 1629 1497 1696 caput,
1524 1631 1556 1682 ut
1571 1626 1704 1701 languidi
1719 1630 1832 1701 requie·

124 1709 203 1764 testes
217 1709 280 1766 dies
297 1707 331 1763 in
348 1707 504 1765 veteribus
527 1709 720 1766 vestimentis.
747 1710 884 1767 Civitates
900 1712 949 1768 de·
1009 1715 1093 1768 scant
1108 1729 1115 1768 :
1133 1716 1165 1768 nt
1180 1713 1396 1770 monimentum
1412 1715 1488 1788 qnod
1510 1716 1595 1772 nobis
1620 1695 1833 1790 scriptumest,

124 1801 229 1854 structe
244 1801 320 1854 sunt
336 1801 369 1852 et
390 1796 508 1870 replete
532 1797 646 1870 alienis,
665 1799 715 1872 qni
732 1799 811 1855 baud
827 1799 867 1872 pii
883 1764 990 1857 suntB
1007 1801 1188 1876 impleatur:
1204 1803 1236 1860 st
1249 1805 1311 1876 quis
1325 1808 1416 1862 numm
1430 1821 1553 1874 snorum,
1570 1810 1596 1862 et
1609 1810 1731 1866 maxime
1744 1808 1834 1864 dome·

124 1888 186 1943 inire
204 1886 374 1944 consilinm
395 1886 525 1965 sapiens.
552 1887 649 1944 l'luxit
671 1887 702 1944 in
726 1888 839 1946 deserto
864 1905 951 1962 aqua,
1006 1893 1148 1959 eticorum,
1165 1909 1328 1948 meromaoa
1359 1892 1448 1960 babet,
1464 1895 1582 1952 deterior
1607 1897 1719 1968 infideli
1745 1903 1785 1956 eet
1813 1898 1835 1970 (l

123 1981 148 2032 ιι
171 1975 399 2034 exsultaverunt
424 1975 561 2048 jumenta
589 1993 623 2032 ac
655 1975 797 2033 volatilia.
828 1976 952 2051 Sapiens
1008 1981 1073 2038 Tim.
1089 1999 1117 2052 v,
1133 1983 1172 2054 8).
1189 1981 1256 2038 Gitb
1279 1983 1360 2054 virga
1374 1985 1531 2060 eaoutitur,
1549 1990 1577 2041 et
1605 1985 1755 2059 cyminum
1785 1982 1833 2044 'co-

122 2069 149 2120 et
161 2067 308 2123 continens
324 2065 424 2123 homo
450 2081 508 2120 non
533 2069 660 2137 ungetur
683 2069 845 2137 unguento,
873 2067 950 2139 qnod
1006 2069 1212 2126 meditnrcum
1231 2073 1382 2144 panellso.
1400 2075 1498 2146 xxvii).
1530 2074 1560 2130 Si
1584 2076 1760 2133 attrectastis
1790 2093 1834 2134 ca·

123 2155 252 2212 demolitas
268 2161 348 2212 sunt
367 2171 479 2211 musca
492 2153 661 2219 morientes,
676 2157 706 2209 cl
720 2154 798 2226 qnod
810 2155 952 2228 composi·
1006 2158 1110 2232 pillum
1123 2159 1226 2232 capitis
1237 2161 1369 2228 vostrist
1378 2161 1530 2220 invenistis
1540 2170 1725 2236 unguentum
1737 2166 1832 2222 barbe

119 2249 175 2302 turn
189 2249 231 2302 est
245 2245 324 2300 filiis
342 2243 422 2318 agri.
440 2243 506 2299 ldeo
521 2241 642 2316 vigilare
663 2242 815 2310 debemus,
829 2249 858 2300 et
872 2243 951 2299 omni
1006 2253 1118 2316 vestrae,
1136 2249 1213 2322 quod
1235 2249 1386 2305 descendit
1403 2267 1497 2322 nsque
1520 2253 1556 2308 ad
1571 2252 1718 2314 fimbriam
1744 2255 1831 2312 vesti-

120 2332 314 2390 sollicitndine
342 2333 456 2388 suturis
479 2331 627 2404 lapidibus
651 2332 819 2404 providere:
846 2335 951 2398 utnon
1006 2340 1172 2394 mentorum
1194 2338 1493 2410 vestrorum,implere
1508 2341 1752 2412 poteritisomnia
1767 2359 1831 2414 qus

120 2423 338 2479 confundamur
359 2423 391 2476 in
416 2425 558 2494 ternpore,
582 2420 699 2494 quando
722 2419 855 2476 venerint
877 2425 951 2477 tem·
1007 2426 1117 2498 scripta
1133 2430 1205 2482 sunt
1224 2425 1319 2482 nobis.
1347 2427 1484 2500 Legimus
1513 2429 1582 2484 alibi
1601 2447 1607 2484 ε
1624 2429 1665 2486 Νι
1694 2430 1834 2490 deficiant

120 2529 185 2584 pora
196 2511 360 2586 refrigerii,
380 2515 409 2567 et
424 2526 460 2566 ne
476 2510 660 2566 inveniamur
674 2509 784 2566 subditi
806 2509 950 2580 servituti,
1007 2513 1083 2570 oculi
1099 2514 1207 2584 vestri;
1224 2513 1348 2572 alacrior
1374 2520 1419 2572 est
1445 2516 1523 2572 enim
1553 2534 1664 2576 merces
1692 2520 1830 2592 operibus

119 2601 166 2656 sed
181 2605 213 2656 nt
227 2604 328 2657 simus
341 2615 420 2656 nova
437 2598 625 2671 conspersio:
648 2598 773 2655 scientes
797 2599 874 2671 quod
887 2599 951 2672 pul·
1006 2604 1066 2659 tuis
1082 2620 1088 2658 ε
1105 2603 1169 2659 ideo
1184 2603 1278 2660 lluant
1293 2603 1369 2660 oculi
1383 2605 1469 2661 vestri
1486 2623 1570 2676 aqna,
1588 2612 1617 2663 et
1641 2606 1771 2668 defluant
1789 2608 1829 2666 la·

117 2689 249 2746 cbritndo
266 2689 434 2745 nobiscum
449 2688 498 2743 sit.
518 2688 657 2760 Loquitur
671 2692 700 2744 et
713 2687 783 2744 alibi
800 2705 895 2745 sermo
911 2687 953 2745 di·
1006 2709 1110 2765 crymoe
1126 2693 1230 2749 diebus
1245 2710 1277 2750 ac
1293 2694 1438 2762 noctibus,
1453 2711 1506 2751 nec
1533 2695 1679 2752 deliciunt.
1700 2697 1767 2754 Volo
1778 2715 1829 2754 vos

115 2779 212 2836 iinns:
250 2777 400 2851 Numquid
438 2776 577 2833 comedam
608 2793 705 2832 carmes
733 2781 876 2832 taurorum
903 2781 952 2834 out
1006 2798 1070 2838 esse
1095 2781 1206 2839 similes
1233 2799 1346 2850 eorum,
1369 2784 1418 2858 qni
1442 2783 1650 2857 ignoraverunt
1679 2787 1828 2844 dexteram

116 2871 283 2942 sanquinem
300 2867 448 2924 hircorum
459 2867 555 2922 bibam
570 2865 656 2939 (Paul.
671 2883 747 2934 xcix,
765 2865 832 2935 13>ι
848 2865 953 2930 Quam·
1006 2887 1091 2926 suam
1107 2875 1136 2926 et
1149 2871 1311 2928 sinistram.
1336 2871 1470 2944 Vigilate,
1488 2878 1516 2929 et
1542 2873 1650 2930 tendite
1674 2891 1760 2931 arcus
1784 2891 1829 2931 ve-

116 2959 214 3014 obrem
232 2974 295 3013 non
320 2955 557 3012 circunleramnr
580 2955 661 3010 omni
683 2959 769 3010 vento
793 2955 950 3010 doctrina:
1006 2963 1092 3016 atros.
1124 2959 1300 3016 Tetcodcrunt
1328 2961 1406 3018 enim
1435 2960 1592 3017 adversarii
1621 2978 1727 3032 orcum,
1770 2980 1828 3020 rem

115 3047 282 3120 qniavenit
296 3051 419 3118 tempus
436 3049 468 3100 ut
482 3043 575 3100 sancti
590 3059 714 3118 regnum
725 3043 880 3116 accipiant.
898 3044 951 3100 Ex·
1006 3064 1129 3103 omarum
1145 3047 1231 3120 (Psoi.
1248 3065 1325 3116 auru,
1349 3049 1385 3120 l).
1403 3047 1607 3106 ltecordamini
1629 3050 1705 3121 qnod
1736 3051 1830 3108 sancti

114 3137 218 3209 pandit
233 3136 308 3192 Sion
329 3151 437 3191 manus
456 3150 535 3202 suas,
558 3149 616 3188 non
642 3137 687 3189 est
710 3132 760 3206 qui
784 3132 988 3199 consoleturG
1008 3141 1140 3209 aperiant
1152 3139 1261 3194 (istium
1277 3153 1363 3195 suum
1380 3137 1459 3192 omni
1473 3139 1648 3196 transeunti.
1662 3140 1830 3214 Praecipitur

114 3241 189 3282 earu.
209 3226 265 3283 02
279 3227 410 3281 iuvenes
433 3221 574 3278 inllrmati
599 3225 670 3276 sunt
693 3219 722 3276 in
745 3221 839 3294 plagis
858 3221 952 3296 ligno·
1008 3225 1092 3282 nobis
1107 3231 1141 3282 ιιι
1155 3226 1298 3282 intremus
1314 3225 1482 3282 cubiculum
1508 3233 1654 3298 nostrum,
1670 3233 1698 3286 ct
1713 3230 1830 3287 clauda-

115 3331 206 3370 rum:
224 3314 433 3386 dispergentes
448 3327 542 3384 aquas
559 3310 674 3367 itineris
688 3310 744 3366 sni.
760 3303 966 3384 llyrmicotcoa'
1008 3332 1074 3371 mus
1089 3315 1208 3384 ostium,
1221 3332 1272 3371 nec
1288 3315 1368 3372 omni
1384 3320 1469 3372 vento
1484 3317 1738 3375 circumlernmns.
1750 3319 1832 3376 Unde

115 3401 951 3476 periit,eoquicaoatcoberetcscem(lob.1v,ll).0ui
1007 3403 1176 3478 diligentius
1206 3410 1320 3478 oportet
1356 3406 1530 3473 attendere,
1572 3423 1608 3464 ns
1636 3407 1666 3464 in
1693 3409 1831 3466 bonitatis

115 3509 190 3548 cnm
213 3492 280 3546 inre
295 3493 429 3564 partitur,
454 3491 516 3547 odit
540 3489 670 3545 animam
692 3505 787 3544 suam.
812 3490 951 3548 Proianas
1006 3498 1139 3566 tempora
1153 3493 1381 3564 absorbeamnr;
1398 3511 1429 3551 ec
1440 3499 1472 3550 ut
1486 3495 1638 3552 imitemur
1651 3514 1684 3553 ea
1700 3501 1832 3569 tempora

117 3587 147 3638 ct
168 3595 266 3634 novas
281 3580 424 3636 doctrinas
441 3578 546 3635 devite.
572 3579 690 3634 Advena
714 3579 791 3634 sicut
815 3579 951 3654 indigena
1006 3600 1070 3656 quae
1086 3584 1136 3639 88
1152 3584 1204 3639 M
1219 3583 1339 3639 luerunt
1353 3589 1419 3640 ante
1434 3583 1588 3653 dilnvium,
1605 3586 1723 3657 qnando
1738 3603 1829 3642 unus-

115 3669 161 3726 sit
178 3669 261 3725 inter
273 3685 333 3724 vos.
356 3667 458 3725 Occidit
479 3670 509 3724 ia
531 3667 667 3740 qroudiae
690 3670 783 3725 vinens
806 3685 912 3738 eorum,
927 3672 952 3726 et
1005 3671 1130 3744 quisquc
1142 3673 1291 3742 justorum
1309 3671 1418 3744 placuit
1436 3674 1490 3728 lieo
1506 3673 1667 3729 cumomni
1693 3673 1779 3729 domo
1795 3690 1828 3729 ac

113 3775 278 3832 sycomoros
313 3775 406 3814 eorum
443 3761 474 3814 in
508 3759 615 3831 pruine
644 3759 728 3830 (Psoi.
760 3775 864 3830 cxxvii,
894 3759 951 3830 47.)
1005 3759 1363 3828 liberissnis,etnullum
1385 3764 1536 3834 peecatum
1561 3761 1772 3818 inventumest
1800 3763 1842 3832 in,

112 3847 316 3922 acceptabilis
332 3849 409 3922 regis
433 3847 568 3903 minister
589 3846 766 3920 intelligens.
792 3847 847 3903 Mel
871 3847 950 3904 inve·
979 3877 987 3903 ι
1005 3849 1057 3906 ιιι.
1072 3849 1175 3906 Postea
1190 3866 1255 3905 vero
1271 3855 1419 3906 crescente
1436 3850 1598 3924 iniquitate,
1614 3855 1644 3908 ιι
1657 3852 1738 3908 οιιιιιι
1753 3859 1831 3908 tarra

113 3939 197 4007 nisti,
215 3937 341 3994 comode
362 3937 440 4010 quod
456 3937 576 4004 suflicit,
593 3953 629 3992 ne
649 3937 721 3992 torta
745 3937 870 3994 satiatus
884 3954 950 3994 evo·
1005 3939 1102 3996 carnis
1117 3937 1194 3994 vitiis
1210 3938 1387 4008 adhaerente,
1416 3939 1601 3996 offenderunt
1626 3941 1729 4008 licum,
1748 3945 1775 3997 et
1797 3940 1827 3998 in

113 4045 180 4084 mas
195 4027 240 4083 id.
256 4027 406 4083 Memento
417 4027 532 4098 Judicii,
549 4031 577 4083 et
592 4026 811 4094 misericordis,
827 4044 860 4083 ac
871 4027 948 4084 fidei.
1004 4027 1244 4084 condemnatione
1259 4043 1361 4084 eornm
1379 4027 1459 4084 solus
1474 4028 1533 4085 Noe
1549 4047 1616 4086 cnm
1645 4031 1732 4086 domo
1747 4047 1781 4088 ec
1795 4030 1829 4088 li·

112 4117 236 4188 indicii,
250 4133 303 4189 per
318 4117 397 4189 quod
414 4117 548 4189 regiones
563 4114 845 4172 habitabilesflunt:
863 4116 949 4174 mise·
1004 4115 1081 4173 beris
1100 4115 1209 4172 diluvio
1235 4115 1398 4172 inundante
1422 4121 1553 4172 servatus
1582 4123 1636 4186 cst,
1660 4125 1690 4174 et
1714 4118 1829 4191 pericli-

113 4204 260 4276 rieordiae,
278 4221 438 4280 perquam
464 4205 645 4278 gloriticatnr
667 4211 764 4261 Dens:
790 4205 869 4275 fidei,
885 4223 949 4279 qnae
1006 4209 1085 4262 tante
1101 4205 1222 4276 mundo,
1239 4203 1334 4260 tenuit
1340 4204 1462 4276 justitia
1477 4205 1687 4278 gubernacula,
1703 4223 1756 4262 nec
1771 4207 1832 4264 nlla

114 4295 350 4352 tundamentum
387 4298 433 4350 est
466 4298 651 4351 mortuorum
678 4298 766 4366 atque
795 4293 948 4351 vivorum:
1004 4299 1190 4368 peccatorum
1232 4297 1405 4366 tempestate
1433 4299 1590 4366 superatus
1617 4299 1671 4352 est.
1714 4295 1749 4352 lat
1779 4295 1830 4369 qui

114 4387 146 4439 nt
159 4401 214 4458 per
228 4385 287 4440 boc
308 4401 394 4457 spem
410 4383 560 4458 possidere
574 4381 733 4440 valeamus.
747 4383 849 4458 Pugna
862 4390 949 4457 atque
1004 4400 1071 4440 eum
1088 4384 1240 4454 deriserat,
1255 4387 1283 4438 ot
1299 4383 1438 4440 iratribus
1466 4383 1527 4439 suis
1543 4383 1729 4443 nuntiaverat
1743 4385 1830 4442 nudi-

113 4472 387 4544 contendc,etqui
404 4475 501 4528 ticum
518 4475 587 4528 sunt
611 4472 726 4542 tratres,
751 4472 821 4544 quia
845 4472 949 4546 scripsi
964 4477 1094 4572 Diatem
1110 4475 1184 4545 ejus,
1214 4471 1390 4530 maledictus
1413 4477 1459 4530 est
1487 4473 1681 4532 cumsemine
1710 4491 1774 4544 sne,
1802 4479 1833 4534 et

112 4563 194 4619 robis
210 4563 244 4618 in
260 4561 369 4634 liguris
385 4566 415 4617 et
428 4559 457 4616 in
471 4559 629 4633 parabolis,
648 4564 680 4616 ut
702 4565 840 4633 quaeratis
854 4576 888 4618 ea
902 4579 949 4619 sa·
1007 4563 1162 4634 impletum
1178 4568 1223 4619 est
1238 4579 1271 4618 eo
1286 4562 1500 4636 temporeillnd
1512 4565 1590 4636 quod
1606 4563 1750 4638 scriptum
1767 4569 1831 4622 cst:

110 4650 240 4724 pienter,
257 4655 420 4724 sequentes
436 4653 605 4706 sanctorum
617 4649 756 4723 vestigia:
774 4667 827 4708 nec
851 4651 949 4708 incur·
1006 4653 1060 4722 Qui
1084 4653 1234 4709 irrbonorut
1244 4653 1362 4724 justum,
1376 4663 1470 4725 peccet
1497 4655 1589 4722 (Proo.
1615 4656 1693 4726 aru).
1719 4655 1752 4710 lit
1767 4672 1830 4710 rur·

109 4741 185 4797 ratis
201 4739 394 4814 injudicinm
407 4739 457 4795 Dei
473 4739 549 4795 docti
561 4741 749 4796 sermonibus
761 4741 835 4810 ejus.
850 4741 950 4799 Hiems
1005 4758 1071 4797 sum
1090 4757 1097 4798 ι
1112 4741 1272 4797 Maledictus
1287 4744 1337 4813 qui
1349 4742 1490 4799 maledicit
1503 4745 1580 4817 patri
1592 4751 1619 4800 ιι
1631 4744 1717 4798 neutri
1730 4742 1827 4814 (deod.

107 4831 270 4902 pinsentis
285 4827 387 4886 seculi
403 4845 457 4885 nos
473 4826 625 4886 ambulare
639 4845 696 4886 non
707 4829 862 4902 prohibeat
874 4849 880 4887 :
892 4832 946 4888 sed
1003 4848 1061 4898 aar,
1077 4831 1132 4902 ll).
1149 4830 1237 4886 Sicnt.
1256 4831 1349 4888 Esean
1365 4832 1571 4888 contemnebat
1596 4837 1732 4904 parentes
1748 4847 1829 4890 anos.

108 4918 496 4990 incessabiliterjnstitiem
520 4918 568 4974 Dei
594 4935 711 4993 semper
735 4927 891 4996 operemur
903 4938 947 4978 rc·
1005 4919 1087 4976 Unde
1101 4919 1243 4992 scriplum
1260 4927 1304 4976 est
1319 4921 1355 4976 de
1383 4937 1416 4976 eo
1433 4937 1440 4976 ι
1456 4921 1494 4976 Ne
1522 4922 1583 4993 quic
1610 4921 1763 4992 somieotor
1784 4925 1833 4986 cut

107 5011 274 5066 cordantes
314 5006 396 5064 illius
438 5007 617 5066 testimonii:
663 5011 750 5068 Donec
774 5015 949 5083 pertranseat
1002 5011 1150 5082 profanus,
1165 5009 1319 5064 ιιιιιιΕιιιιι
1334 5009 1424 5080 (tlcbr.
1441 5011 1515 5080 aur).
1548 5009 1742 5082 Rebeccaeque
1765 5015 1831 5070 stu·

105 5101 211 5166 ιιιειιιι,
229 5103 256 5155 cl
269 5099 374 5172 ptucie
386 5099 467 5154 obeat
486 5114 519 5153 uc
537 5099 642 5156 recedat
655 5103 711 5156 siti
734 5101 823 5173 (Cant.
841 5117 873 5166 11,
892 5099 946 5171 ιι).
1002 5098 1050 5155 dio
1067 5100 1247 5166 factumest,
1265 5103 1299 5154 ut
1320 5115 1377 5154 non
1397 5103 1623 5168 consequeretur
1651 5100 1830 5158 benedictio·

105 5187 190 5246 Dens
206 5190 330 5262 adjutor
346 5189 437 5246 nostri
465 5189 505 5246 sit
531 5189 560 5244 in
586 5207 667 5262 pace,
697 5206 761 5263 quae
777 5206 947 5246 mensnram
1002 5205 1081 5256 nem,
1102 5205 1154 5244 neo
1183 5186 1291 5243 stolam
1323 5187 1509 5260 primogeniti
1535 5187 1689 5261 acciperet,
1712 5190 1833 5254 ailensis

105 5279 277 5337 nonhabet
296 5278 455 5354 largitatis,
475 5295 539 5351 quc
562 5279 601 5336 sit
621 5283 650 5336 in
674 5279 812 5336 domibus
827 5277 948 5348 nostris,
1002 5275 1263 5350 parentibussuis,
1290 5276 1341 5350 qui
1369 5275 1524 5334 reddentes
1550 5276 1576 5333 ei
1605 5279 1710 5348 vicem,
1740 5288 1769 5337 et
1793 5282 1829 5340 ad

106 5371 204 5428 donec
220 5371 425 5443 vespertinum
442 5373 558 5441 tempus
569 5373 761 5443 pertranseat.
773 5367 948 5426 Heeomnia
1002 5367 1219 5424 aemulationem
1235 5366 1303 5423 boni
1319 5365 1415 5440 operis
1431 5367 1599 5440 superbiam
1626 5367 1708 5425 illius
1727 5385 1831 5442 provo·

103 5461 219 5538 scripsi
234 5461 330 5532 vobis,
346 5463 379 5517 nt
392 5475 472 5520 nune
487 5459 655 5522 laborantes
669 5459 802 5538 requiem
814 5459 845 5518 in
866 5459 945 5518 tutu·
1001 5456 1281 5523 enntes,indnerunt
1293 5455 1549 5531 vestimentisejns
1563 5455 1663 5515 Jacob.
1673 5457 1736 5516 Non
1749 5458 1830 5524 enine

119 5571 175 5618 nm
190 5556 306 5622 habere
314 5553 452 5638 possitis.
1001 5545 1167 5610 merebatur
1181 5562 1283 5610 eorum
1298 5547 1342 5610 oti
1357 5545 1578 5630 rationemors
1592 5547 1739 5628 superbus
1749 5569 1783 5614 ae
1792 5559 1830 5624 ri-
