4064 6158
121 211 173 278 Β
659 207 868 282 tbtnnsus
888 204 1134 282 tottumuutt
1154 211 1231 279 ute.
1252 211 1276 280 i.
1758 215 1821 290 980

119 363 150 404 er
173 357 321 412 mse,
335 348 370 401 ns
392 347 493 404 neree
517 349 649 404 orationi.
669 349 703 405 tt
729 351 832 407 iterum
846 349 883 407 od
897 351 939 407 id·
954 352 983 418 A
997 349 1090 423 oanis,
1114 366 1150 406 ue
1173 347 1315 422 paulatim
1339 349 1420 406 virus
1442 355 1581 424 serperet,
1597 352 1718 427 pellium
1740 359 1818 430 quod

120 439 206 508 iprum
235 436 480 500 revestiuntur
506 439 588 494 tentet
612 453 658 494 uos
687 439 816 509 Selenes,
830 447 943 513 propter
997 437 1265 513 tetigerntmbjeoit.
1277 439 1392 512 Propter
1399 441 1611 513 seminationem
1623 447 1716 500 enum
1730 461 1820 503 unus-

118 527 348 587 sisoentinentr'um
376 533 509 582 uestrum.
524 530 584 583 ileo
611 536 703 584 nutem
718 527 780 586 diro
796 528 883 600 tento
897 530 942 586 tn·
996 529 1113 602 quinem
1135 543 1250 585 uxorem
1272 543 1353 586 suem
1375 528 1485 597 babent,
1500 535 1529 586 et
1539 547 1713 605 unaqueque
1726 536 1820 592 uirum

115 620 298 692 intuentium,
313 631 371 672 non
380 615 467 686 juxte
482 617 640 688 imperium.
659 617 723 674 Veto
744 618 836 674 uuum
849 633 943 698 omnes
997 632 1079 673 suum
1112 617 1223 674 tentent.
1246 617 1309 673 Nou
1341 617 1424 687 dixit,
1448 622 1567 691 propter
1598 620 1819 680 fornicationem

114 709 241 764 domines
250 722 308 764 esse
321 709 352 760 ut
365 705 530 776 meipmm:
539 704 586 760 sed
598 707 786 778 uniusquisque
797 706 943 778 propmum
997 706 1204 778 uuusquisque
1218 706 1307 761 duent
1320 723 1459 775 uxorem3
1476 706 1606 780 alioquin
1622 707 1677 766 heo
1697 726 1820 769 exeusa-

113 792 529 859 donumlteteteelteo,otiuo
554 793 664 865 quidem
682 794 822 862 sinubus
851 798 943 851 eutem
998 794 1075 850 tione
1108 793 1221 850 libidini
1258 793 1341 850 irene
1373 792 1509 862 loxesset,
1532 799 1566 852 ut
1588 798 1821 874 quotiesouuque

115 889 164 943 tie.
182 886 355 942 meondem
378 882 503 954 innuptis
518 886 547 938 et
566 881 669 950 viduis,
685 883 788 940 tonum
801 884 903 950 estete,
917 884 944 938 si
999 899 1072 940 uxor
1086 881 1222 949 moritur,
1237 882 1323 938 toties
1344 883 1477 940 duoende
1500 883 1539 942 eit
1558 884 1675 954 ulio,ue
1698 888 1822 946 tornine-

113 977 153 1032 εἰς
162 971 375 1048 pemmint
389 973 419 1026 ut
444 985 505 1042 eoo.
521 969 553 1026 Si
565 977 656 1028 nutem
669 986 699 1028 se
712 987 768 1028 non
790 973 942 1037 continent,
998 987 1085 1039 mur;
1101 969 1162 1036 sed,
1178 985 1291 1026 emerem
1304 987 1384 1026 suem
1398 971 1505 1030 babeat.
1526 973 1628 1042 Suom,
1644 974 1751 1048 iuquit,
1767 976 1823 1034 be-

114 1065 229 1120 netent.
245 1061 344 1118 Helius
371 1067 415 1116 est
439 1060 515 1116 enim
532 1059 646 1126 nubere,
671 1075 755 1132 quom
781 1061 829 1116 uri
843 1059 868 1132 (1
879 1061 942 1117 cor.
998 1060 1075 1128 beet,
1091 1075 1145 1116 suo
1160 1061 1268 1126 utetur,
1281 1059 1502 1131 quarnhubebet
1512 1065 1670 1135 antequem
1682 1064 1822 1134 erederet,

114 1149 304 1224 mulsere).
318 1148 511 1205 Revertamur
522 1147 559 1204 od
575 1152 664 1221 eaput
690 1147 943 1206 testimouiitlto·
1000 1164 1088 1222 quam
1112 1148 1223 1204 bouum
1247 1151 1309 1204 erut
1339 1164 1396 1204 nou
1419 1153 1537 1222 tangere
1547 1151 1567 1218 ⁸,
1583 1154 1612 1206 et
1635 1155 1702 1224 post
1734 1152 1823 1210 ildom

113 1259 181 1296 num
197 1243 249 1306 est,
271 1237 378 1310 inquit,
393 1237 502 1294 bomini
523 1237 672 1294 mutierem
694 1253 751 1294 non
777 1245 897 1309 tonuere.
913 1237 943 1294 Si
999 1236 1106 1292 Christi
1122 1250 1252 1292 sororem
1267 1239 1489 1306 tantumnosse,
1507 1255 1565 1294 non
1581 1240 1747 1313 oouJugem,
1764 1239 1823 1297 uisi

113 1331 231 1386 bouum
243 1331 286 1383 est
298 1323 454 1382 mulierem
467 1341 527 1382 uon
542 1330 673 1399 tongere,
689 1325 801 1383 mulum
817 1331 862 1382 est
876 1342 944 1400 ergo
1000 1323 1152 1382 lorniontio
1172 1326 1284 1380 tontum
1311 1325 1376 1396 ejus
1397 1325 1593 1384 exousebilem
1614 1327 1730 1385 teneret.
1749 1328 1824 1400 liuor

113 1413 691 1492 tongere:nihilonimbouoooutrorium
701 1418 747 1472 eet
757 1413 942 1472 uisimolum.
999 1416 1107 1488 proprii
1118 1422 1240 1492 corporis
1259 1435 1315 1475 non
1332 1415 1414 1472 lebet
1425 1421 1594 1488 potestatem,
1609 1415 1656 1472 sed
1668 1417 1720 1472 nir.
1736 1415 1824 1473 Simi-

112 1507 140 1564 si
155 1510 260 1562 sutem
287 1503 401 1560 mulum
417 1507 472 1572 est,
489 1506 519 1560 et
542 1503 716 1578 ignoscitur,
730 1504 796 1564 ideo
811 1503 945 1561 ooueedi·
1001 1506 1065 1562 liter
1088 1509 1114 1563 et
1135 1509 1180 1563 vir
1201 1511 1245 1565 rui
1268 1507 1388 1583 coruunt
1410 1519 1465 1560 nen
1491 1503 1570 1560 lebet
1594 1504 1823 1576 obmutuerunt

111 1601 166 1663 tur,
182 1611 224 1650 ue
239 1592 320 1650 mulo
331 1592 403 1666 quid
419 1591 552 1649 deterius
566 1592 627 1649 flet.
644 1591 735 1658 Quale
747 1597 847 1650 eutem
873 1592 944 1650 illud
1000 1611 1079 1652 tueor.
1097 1595 1199 1654 Omnis
1213 1596 1273 1654 boo
1288 1593 1409 1669 questio
1424 1593 1459 1650 do
1475 1592 1522 1651 bie
1535 1591 1586 1665 qui
1613 1593 1643 1648 in
1668 1592 1824 1650 matrimo-

113 1685 223 1742 bouum
239 1687 298 1751 eet,
314 1681 393 1756 quod
408 1680 575 1738 conditione
587 1681 740 1739 deterioris
755 1681 983 1784 eouoeditur‘lB
1001 1684 1049 1741 uio
1074 1687 1174 1756 sunt',
1199 1703 1236 1742 ou
1260 1686 1303 1742 eis
1326 1683 1414 1740 liceat
1433 1699 1537 1740 uxores
1561 1681 1719 1753 dimittere,
1745 1682 1824 1758 quod

114 1775 274 1846 Nunquam
305 1771 384 1828 euim
409 1770 595 1842 subjeoisset,
615 1772 803 1846 unnsquisque
829 1785 945 1828 uxorem
998 1777 1028 1829 et
1042 1772 1184 1830 Dominus
1200 1774 1230 1830 io
1250 1772 1405 1848 Evangelio
1420 1770 1579 1844 prohibuit.
1595 1769 1678 1830 Unde
1700 1774 1729 1828 et
1747 1773 1824 1844 Apo·

112 1878 194 1919 utem
208 1860 323 1929 babent,
344 1858 401 1915 uisi
425 1858 628 1931 praemisisset,
642 1867 752 1932 propter
779 1859 943 1936 fornicatio-
999 1860 1102 1931 etolue,
1121 1865 1227 1920 Boreum
1254 1871 1293 1919 est
1322 1862 1441 1928 bomini,
1455 1859 1506 1928 eit,
1537 1875 1650 1917 uxorem
1677 1875 1733 1918 nen
1758 1863 1823 1916 ton·

113 1967 177 2008 nem
211 1953 316 2006 nutem
341 1946 423 2006 'l'ollo
453 1946 686 2018 inminationem,
716 1951 746 2004 et
768 1964 826 2005 uon
857 1947 943 2017 diret,
998 1953 1090 2024 nerei.
1107 1952 1163 2009 Sed
1179 1951 1247 2025 quie
1262 1949 1314 2025 qui
1337 1947 1428 2008 semel
1455 1948 1539 2005 duxit
1563 1964 1694 2019 uxorem,
1710 1947 1768 2006 nisi
1789 1964 1825 2006 ex

113 2039 308 2112 meruitque
329 2052 449 2094 ueormn
474 2051 554 2092 suem
581 2035 688 2093 lubeat.
709 2035 796 2092 Velut
823 2034 850 2092 si
877 2035 945 2108 quis
998 2055 1155 2106 nonnemo,
1171 2056 1202 2098 se
1217 2056 1275 2096 nou
1294 2037 1372 2096 volun
1394 2037 1553 2106 obstinere,
1570 2051 1623 2096 neo
1645 2037 1715 2095 dore
1739 2052 1825 2112 repu-

113 2127 244 2186 detiuiut
258 2144 266 2182 :
282 2127 394 2182 Bnuom
409 2129 456 2182 eet
469 2123 583 2182 triticeo
602 2140 677 2199 poue
698 2124 787 2195 vesei,
804 2128 834 2182 et
860 2125 945 2182 edere
999 2129 1081 2185 dium
1092 2145 1151 2186 nnn
1164 2126 1419 2203 peoonuti.reddot
1428 2125 1546 2198 conjugi
1561 2125 1708 2183 debitum:
1720 2129 1825 2201 sponte

113 2215 311 2292 purissimum
333 2213 474 2272 similem.
489 2213 600 2271 'lumen
622 2231 659 2271 ue
680 2214 747 2285 quis
772 2213 944 2287 compulsus
1000 2217 1108 2291 quippe
1133 2233 1165 2274 ee
1188 2215 1327 2290 alligavit,
1344 2230 1377 2271 uu
1401 2214 1521 2270 reddero
1550 2219 1712 2287 cogeretur.
1735 2214 1825 2272 Nolite

114 2307 194 2364 tome
226 2304 367 2362 comedet
390 2307 507 2360 stereus
525 2302 684 2371 bubulum,
709 2304 836 2360 conredo
859 2303 896 2374 ei,
913 2307 946 2361 ut
997 2305 1273 2378 (semiorbem,
1289 2305 1347 2360 nisi
1359 2306 1481 2375 serteeu
1502 2317 1635 2359 consensu
1653 2303 1823 2372 murnum,

112 2397 250 2452 ementur
262 2397 293 2450 et
306 2391 428 2449 hordeo.
442 2391 519 2448 Num
541 2391 650 2450 ideireo
676 2391 859 2450 trumentum
886 2409 945 2451 nou
999 2397 1029 2450 ut
1043 2396 1144 2451 noenu
1157 2393 1287 2450 orotiom.
1304 2393 1360 2449 Oro
1375 2395 1414 2458 le,
1427 2389 1515 2464 quale
1534 2389 1607 2446 illud
1631 2390 1743 2447 bouum
1766 2394 1822 2463 est,

113 2482 238 2540 hebebit
251 2479 412 2555 puritatem
427 2495 524 2547 soem,
540 2478 566 2536 ei
581 2478 651 2536 timo
675 2479 819 2536 hordeum
843 2480 945 2554 prele—
1000 2483 1078 2556 quod
1102 2498 1185 2540 orere
1207 2479 1364 2554 prohibet?
1378 2479 1457 2552 quod
1482 2494 1589 2552 eorpus
1611 2478 1719 2536 Christi
1743 2479 1821 2536 oeri-

115 2570 349 2629 ruturiltouum
362 2571 409 2626 est
423 2566 496 2624 illud
512 2567 781 2641 uoturoliter,quod
796 2585 946 2643 oompore-
1000 2587 1068 2647 pere
1090 2572 1100 2606 ⁷
1124 2587 1182 2628 uon
1206 2568 1380 2643 permittit?
1406 2567 1552 2633 Quomdiu
1579 2567 1687 2641 impleo
1723 2567 1821 2626 meriti

113 2661 226 2718 tionem
241 2658 410 2716 nonhabet
429 2656 605 2730 muli,quod
631 2656 800 2730 prelatione
824 2657 946 2718 ulterius
999 2659 1141 2729 oilleium,
1170 2675 1228 2715 uou
1255 2657 1388 2731 impleo·
1412 2657 1599 2714 continentis.
1627 2656 1717 2714 lubet
1744 2657 1823 2716 idem

114 2766 172 2806 uon
201 2749 413 2806 obumbretur.
439 2746 593 2820 Simulque
616 2744 875 2805 animadvertendo
902 2751 947 2805 est
1001 2749 1151 2823 spostolus
1184 2747 1214 2805 iu
1242 2745 1299 2804 olio
1327 2745 1390 2804 loeo
1414 2745 1438 2817 (l
1465 2746 1552 2802 Thess.
1577 2747 1619 2819 v),
1641 2749 1676 2802 ut
1707 2762 1824 2820 semper

114 2837 248 2913 Apostoli
263 2836 434 2912 prudentie.
450 2835 513 2894 Nou
528 2835 610 2905 dixit,
627 2836 737 2894 bonum
752 2840 798 2895 est
826 2853 945 2895 uxorem
1000 2854 1128 2895 oremus.
1145 2837 1176 2894 Si
1195 2852 1312 2909 semper
1335 2834 1480 2892 erundum
1498 2837 1555 2904 est,
1582 2850 1735 2908 uunquam
1754 2851 1823 2909 ergo

114 2945 172 2985 uon
186 2927 322 2985 bobone:
340 2926 403 2996 sed,
419 2926 520 2982 bonnm
533 2929 574 2982 eet
587 2924 733 2982 mutierem
746 2940 802 2982 non
815 2931 945 2999 tenuere:
1000 2925 1136 3000 oonJugio
1178 2925 1375 2996 serviendum,
1406 2922 1546 2996 quonium
1588 2923 1822 2996 quotiesounque

115 3016 199 3090 quusi
214 3021 245 3072 et
260 3015 292 3070 iu
308 3017 390 3070 tuetu
416 3011 580 3086 perieulum
595 3011 635 3070 sit
651 3029 658 3071 :
674 3011 759 3086 quoni
783 3013 834 3088 qui
861 3012 944 3070 illem
1000 3016 1084 3074 uxori
1105 3014 1238 3072 debitum
1262 3014 1363 3082 reddo,
1379 3028 1461 3069 orere
1479 3027 1538 3068 noo
1564 3027 1695 3085 possum.
1718 3015 1822 3070 Petrus

114 3105 256 3180 tetigerit,
273 3119 334 3160 uou
346 3101 461 3172 enodet,
477 3116 540 3175 quse
553 3103 677 3159 virorem
688 3103 822 3174 pretiosas
834 3103 944 3160 enimes
959 3078 981 3145 C
1000 3103 1150 3179 apostolus
1159 3102 1391 3177 experimentum
1405 3099 1518 3158 hebens
1539 3099 1738 3176 conjugalium
1757 3101 1822 3160 vin·

114 3196 214 3268 ropiss,
239 3209 308 3265 qun
337 3190 408 3248 inuit
436 3188 666 3248 adolescentium
694 3189 807 3247 evolare
833 3191 944 3249 eorde:
1000 3194 1143 3262 eulorum,
1158 3193 1224 3250 vide
1241 3191 1389 3266 quomodo
1411 3189 1549 3246 informet
1567 3187 1734 3257 Ecclesium,
1750 3189 1823 3264 quid

112 3283 253 3356 ditionii!
268 3283 332 3354 tuit
348 3281 377 3336 t'n
391 3280 457 3337 tint
471 3281 613 3354 interemi
626 3294 682 3336 non
693 3280 947 3337 combureturtout
1000 3283 1103 3341 dooeel
1116 3281 1297 3338 Christianos
1313 3278 1467 3336 :Similiter
1480 3280 1537 3335 uiri
1547 3278 1732 3336 cohabitantes
1737 3279 1824 3352 juxte

115 3371 278 3428 emt-tobit
309 3385 392 3442 super
428 3369 562 3426 certem
589 3370 676 3439 tone,
703 3371 729 3424 et
755 3384 814 3426 nou
840 3369 948 3427 ardebit
1000 3373 1155 3436 seimtiem,
1177 3370 1256 3443 quest
1292 3369 1446 3441 infirmiori
1472 3367 1583 3424 noseulo
1610 3368 1744 3424 muliebri
1771 3369 1823 3424 tri·

120 3461 277 3532 (Proum.
290 3461 338 3526 2¹1,
350 3456 586 3529 28)t0uomodo
601 3457 756 3531 igiturqui
784 3458 882 3531 ignem
904 3463 946 3516 te·
1001 3461 1110 3518 tuentes
1134 3457 1213 3517 2⁴8
1234 3459 1374 3526 bonorem,
1392 3460 1419 3513 et
1440 3457 1513 3512 sieut
1543 3454 1695 3514 coheredes
1725 3457 1823 3514 multi-

116 3548 242 3620 tigerit,
252 3546 351 3603 stetim
360 3545 495 3604 odoritur
515 3563 521 3602 :
546 3545 588 3601 its
601 3545 656 3602 viri
671 3549 767 3604 motus
782 3551 812 3603 et
831 3545 946 3606 lemine
997 3550 1081 3623 olicis
1099 3549 1207 3622 eratin,
1222 3550 1253 3603 ut
1273 3561 1328 3604 nen
1351 3545 1543 3618 inpedientur
1565 3545 1702 3601 orationes
1725 3551 1824 3603 umbe

121 3635 220 3694 sentit
235 3639 369 3691 notorem
382 3647 477 3702 soum,
488 3639 517 3692 et
526 3633 725 3692 diversitatem
741 3649 828 3692 sexus
843 3635 947 3694 intelli·
1001 3639 1106 3711 (lPetr.
1123 3653 1165 3706 nr,
1185 3637 1220 3706 l).
1235 3635 1308 3694 ures
1332 3635 1435 3693 eodem
1458 3648 1559 3700 sensu,
1576 3633 1645 3706 quio
1668 3633 1770 3690 eodem
1794 3637 1825 3690 et

114 3725 174 3800 git.
196 3723 324 3781 Norruut
345 3727 374 3782 ot
393 3722 550 3798 gentilium
574 3721 701 3779 iobules’
715 3723 788 3781 w
807 3723 947 3782 Mithrem
1002 3728 1118 3801 spiritu,
1134 3724 1271 3800 impediri
1285 3723 1357 3780 dioit
1379 3721 1526 3780 orationes
1545 3719 1641 3777 oilleio
1664 3719 1822 3794 eonjuguli.

117 3821 150 3872 et
172 3812 409 3880 Erichthonium,
422 3810 468 3869 vel
493 3813 524 3868 iu
547 3810 675 3885 lupide⁸,
688 3810 733 3869 vel
757 3811 787 3868 iu
808 3815 895 3882 terre,
911 3813 947 3870 de
1001 3814 1082 3884 Quod
1103 3817 1201 3872 nutem
1216 3813 1268 3881 eit,
1281 3812 1423 3879 similiter,
1438 3808 1546 3868 ideireo
1571 3809 1607 3868 ed
1626 3808 1824 3868 imilationem

113 3901 269 3964 miossstu
281 3900 414 3960 libidinis
428 3915 493 3959 esso
517 3903 681 3974 generatos.
698 3899 778 3957 Unde
797 3905 825 3958 et
848 3905 948 3960 noster
1001 3906 1139 3978 prueoout
1151 3901 1239 3968 viros,
1254 3899 1392 3973 quiojom
1409 3915 1498 3972 oupeu
1513 3897 1652 3955 uxoribus
1680 3912 1823 3972 precepe-

111 3991 240 4065 Jossob,
256 3989 461 4064 quieteugere
480 4004 549 4046 eum
571 3988 688 4048 volebat
713 3989 856 4063 AEgyptio‘,
872 3991 948 4064 sugit
1001 3997 1056 4066 ret,
1081 3992 1209 4049 dieeue:
1237 3991 1269 4048 tn
1303 3989 1412 4046 nidennt
1453 3989 1509 4045 uiri
1537 3990 1567 4043 in
1599 3990 1697 4045 timere
1720 3996 1825 4046 emtum

115 4097 154 4139 ex
169 4081 311 4138 monibus
323 4079 400 4152 ejus,
414 4083 443 4136 et
455 4077 540 4153 quasi
552 4079 589 4136 ed
604 4094 737 4136 morsum
752 4077 947 4137 rabidissime
999 4092 1122 4141 nestrum
1152 4079 1395 4144 conversationem,
1427 4092 1545 4151 quorum
1580 4077 1618 4132 sit
1654 4091 1709 4133 non
1747 4084 1823 4136 ente·

149 4243 161 4280 ¹
176 4242 302 4300 Codices
317 4239 411 4300 nostri
433 4255 546 4328 omues,
560 4244 590 4298 et
610 4245 696 4298 vetuo
716 4255 834 4314 quoque
858 4241 947 4298 editio
1000 4244 1070 4300 tire
1085 4242 1166 4299 initio
1180 4237 1305 4321 trudunt,
1319 4243 1426 4319 epetro
1443 4252 1507 4291 eum
1520 4242 1616 4319 nomm
1638 4250 1697 4292 esse
1718 4249 1824 4292 merno-

107 4315 302 4444 engitgffi
315 4315 454 4442 Gffiffi
463 4311 734 4440 αιιγιρεὲῑὲωωιίψη
766 4383 797 4440 Si
820 4387 948 4442 mm
1000 4321 1074 4372 rant.
1091 4317 1127 4369 ut
1139 4309 1367 4369 Commodianus
1380 4305 1432 4365 lrb.
1447 4309 1478 4364 ln
1492 4309 1632 4364 trreetron:

109 4457 264 4524 Eubulus,
281 4457 333 4530 qui
344 4455 622 4514 histortumttutrae
630 4426 986 4514 multis'voluminibuslt
1047 4421 1698 4555 ᾖξ’ἐῗῖἶῶθιξῗξῗνῖἱῃᾶἷΙὶίεῑιῗξῗαῗοιῗτξὲξόως

109 4525 943 4671 gzllslffigvgfflffiJffiffiffiffgrztggffidgaefgfg'e'gf
1045 4555 1115 4608 Vicit
1129 4557 1204 4618 petre
1219 4553 1311 4612 Deum,
1327 4549 1490 4616 querentur
1503 4551 1544 4599 est
1558 4549 1769 4613 perterrentur.

109 4673 214 4728 tilium
230 4670 334 4728 iubuis
344 4685 401 4754 neo
413 4667 751 4754 uobismeoyiriedootis
765 4668 943 4752 sotisodhuo
998 4670 1038 4726 ile
1052 4665 1239 4750 itriobtbonio
1254 4662 1354 4748 tabule
1366 4666 1412 4720 eet
1423 4663 1526 4721 notior.
1788 4697 1793 4708 ·

107 4739 942 4872 etmultittttttttttttttttl¹tttt
998 4735 1332 4870 ,iltttlttttlt
1344 4731 1822 4871 „ttttnttttnttnftt

109 4883 413 4958 vulnoni,qui,oum
432 4882 562 4967 ldinervu
590 4881 769 4966 eolluotsret,
786 4898 886 4966 nemen
912 4885 942 4940 in
997 4881 1086 4940 veteri
1102 4877 1373 4962 editiouebobetur.
1467 4949 1472 4961 Ι
1544 4947 1549 4958 ,
1803 4946 1808 4959 Ι

107 4961 223 5013 torum
235 4955 403 5030 profudisse
415 4953 543 5022 drettur;
559 4957 649 5026 utque
662 4953 730 5010 rude
752 4954 864 5011 editum
878 4971 943 5012 enee
1032 4954 1271 5018 ‘Cossuuteuern
1280 4949 1332 5019 Qus
1345 4965 1376 5004 m
1385 4951 1636 5004 nutrimentorum
1646 4944 1819 5019 tenremnn,

106 5027 200 5084 oiuut
211 5043 338 5101 puerum
353 5026 515 5083 draconum
529 5023 664 5096 pedibus,
680 5029 757 5081 eto.·
774 5024 942 5098 primusiu·
996 5029 1115 5090 nnete.
1161 5081 1164 5086 ,
1317 5090 1323 5103 .
1378 5089 1408 5101 ..
1598 5085 1604 5100 Ι
1726 5089 1731 5102 Ι

105 5105 218 5156 rentur
242 5097 356 5174 argenti
381 5095 437 5154 tuit
456 5099 485 5153 et
506 5111 620 5178 eureus.
646 5095 720 5152 Vide
743 5067 827 5153 (leid.
851 5096 903 5153 lib.
922 5113 943 5152 n
1032 5097 1138 5152 ‘Idem
1153 5087 1817 5161 eumveterredrtroue,etrect1us,mulrerem,

105 5169 359 5242 letamerpt.;et
383 5168 528 5238 Loetnut„
552 5165 603 5224 lrb.
626 5183 656 5235 n,
680 5167 942 5241 oup.17;etSer·
997 5182 1195 5226 nouueerrm.
1373 5231 1380 5244 .

105 5241 194 5298 vium
209 5241 241 5298 in
258 5241 310 5298 lib.
326 5257 357 5297 ur
369 5239 465 5310 deoru.
477 5237 591 5312 Vrgilii.
749 5255 887 5296 nnnrrrn.
1031 5237 1231 5309 innotuerim.
1248 5231 1524 5291 renueutrbusmss.
1613 5301 1619 5314 ·

141 5313 155 5346 ⁸
171 5312 313 5370 Mithrem
328 5327 345 5368 e
358 5309 454 5396 lupide
482 5313 655 5384 generatum
684 5309 790 5366 dorent
818 5309 940 5384 seriptu-
1031 5310 1042 5345 ⁸
1057 5311 1157 5383 impleo
1171 5307 1346 5364 continentis.
1358 5301 1459 5360 Plures
1474 5319 1546 5361 mee.
1558 5302 1671 5387 oodroee
1691 5301 1819 5362 retinent

106 5399 158 5442 res
182 5383 299 5468 untiqui
321 5398 433 5457 pessum
451 5399 457 5439 :
477 5384 606 5455 eratque
625 5379 755 5440 solemne
797 5381 871 5438 illud
912 5382 941 5439 iu
996 5382 1161 5439 continentiis
1196 5393 1307 5444 vocem,
1332 5392 1383 5450 pro
1425 5375 1512 5432 verbo
1548 5373 1709 5442 cirenem,
1738 5377 1818 5459 quod

103 5453 278 5512 Mithrisoro
294 5453 445 5588 mffisteriie
465 5452 552 5516 :Oete
567 5449 598 5508 ἐκ
610 5451 722 5528 πέτρας.
743 5451 883 5512 lustinus
911 5453 942 5509 io
996 5452 1104 5526 legitur
1117 5450 1195 5528 opud
1210 5449 1377 5518 Erasmum,
1393 5450 1422 5504 et
1435 5447 1466 5504 iu
1479 5447 1580 5522 poncio
1602 5444 1824 5520 exemplantur,

104 5525 313 5606 dialogorum
351 5525 492 5608 typhone,
509 5522 633 5600 monto,
649 5523 756 5602 iuquit,
773 5525 820 5588 itti
834 5523 943 5604 quilli-
996 5540 1069 5594 meu.
1623 5533 1763 5582 usurus.
