4108 6174
275 331 355 394 raas
1024 319 1234 394 mavors.
1874 333 1929 399 q„

281 459 451 534 onymianis
460 457 715 516 lucubrationibus
725 461 819 516 bonor
828 458 954 516 accedet.
966 459 1098 530 Loquen-
1114 461 1141 528 Α
1156 471 1294 528 expresso
1308 458 1336 512 et
1347 451 1571 511 Commentariis
1585 453 1733 514 illustrato
1758 472 1775 512 a
1792 465 1869 518 sancta
1882 463 1932 523 lile.

275 549 325 588 em
340 548 410 589 vero
423 531 610 587 introducam
626 531 728 614 ipsum·
739 531 872 603 opificem
898 530 1027 587 Historiae
1040 531 1098 585 cri·
1156 543 1287 654 rondvmo.

273 607 334 670 icae,
361 619 397 658 nc
428 619 560 674 nuquam
590 618 729 674 conqueri
754 601 846 674 possit
874 601 1098 673 deaiiqnaver-
1190 601 1199 654 l
1249 596 1470 678 omnibusiuit
1497 612 1615 670 semper
1639 597 1934 673 manifestissimoque

261 673 370 730 borum
381 690 506 729 suerum
516 674 559 729 vel
571 689 712 730 sensuum
728 673 805 729 sacta
820 674 981 728 mutatione
998 673 1027 728 in
1044 671 1098 728 bac
1153 685 1219 726 vero
1234 685 1300 726 esse
1314 669 1414 724 debuit
1428 683 1462 722 ex
1476 668 1625 741 conceptis
1640 670 1736 725 verbis
1752 671 1841 728 Hieron
1859 676 1933 733 misna
1983 715 1984 730 ,

259 746 401 818 presenti
417 744 617 817 disputatione
632 761 683 816 pro
698 743 874 816 Hieronymo
889 749 1035 826 suscepta.
1153 739 1334 796 Praeibtionis
1348 739 1390 795 ita
1403 737 1541 795 lectorem
1557 739 1771 797 commonentis
1786 758 1792 796 ε
1809 767 1818 792 ι
1832 691 1880 802 liae
1890 747 1934 804 hrc-

301 815 350 873 Sie
367 816 464 873 ibitur
479 833 565 872 orsus
575 821 620 872 cst
634 815 783 870 Simonias
794 819 952 887 caputxuv,
969 815 1035 869 iibri
1051 829 1097 870 se·
1151 812 1226 868 viter
1240 813 1412 876 admonens,
1425 811 1501 882 quod
1519 809 1629 867 nuliius
1645 811 1836 870 auctoritatem
1849 823 1936 875 secutus

258 887 352 944 cundi
381 885 750 944 Histcr.crit.voluminurn
765 886 956 942 Vet'lsstam
974 885 1097 942 :ullast
1152 899 1218 938 sum
1236 883 1358 938 :sedda
1384 880 1502 938 Hebrsa
1526 882 1719 951 transferens,
1744 899 1791 938 ma
1809 883 1880 941 ‘ame
1898 889 1935 944 Se·

259 981 274 1009 a
290 959 355 1014 alst
370 960 406 1015 de
423 961 617 1028 recauunitre,
633 974 686 1028 par
701 957 729 1012 la
744 957 869 1030 critique
886 973 943 1028 quc
957 973 1032 1013 nous
1046 971 1095 1012 ve·
1151 955 1286 1026 tuaglnta
1296 955 1489 1026 interpretum
1506 955 1713 1010 consuetudini
1724 971 1794 1027 ceap
1822 955 1936 1024 vi;inbis

259 1051 273 1080 α
291 1047 368 1086 nona
384 1031 420 1085 de
436 1029 517 1095 laire,
542 1044 600 1101 que
617 1027 645 1084 ia
661 1029 783 1101 Vulgata
808 1029 919 1096 Latine,
940 1030 976 1084 de
991 1028 1018 1084 ln
1034 1043 1095 1082 ma·
1150 1026 1295 1081 duntaxat
1310 1039 1373 1095 qua
1389 1039 1446 1079 nen
1463 1023 1590 1080 multum
1609 1026 1646 1081 ab
1664 1023 1809 1081 Hebraicis
1825 1027 1936 1101 discrepa-

259 1101 447 1172 «niereque
465 1099 667 1156 ucusi'evons
698 1102 926 1171 presentement,
953 1099 1096 1172 n'estpas
1150 1097 1229 1152 beot.
1249 1118 1262 1146 ο
1283 1096 1353 1161 Quis
1377 1097 1407 1150 iu
1434 1099 1515 1150 tanta
1541 1097 1696 1152 verborum
1726 1097 1935 1170 atqueveraaiun

259 1171 855 1236 aentierementdesaiotlerame,bien
885 1187 951 1242 que,
982 1169 1096 1244 pariant
1151 1183 1291 1223 sensuum
1318 1166 1394 1234 lucc,
1416 1167 1937 1240 requoanimoaudirepatestseripta·
1984 1169 1985 1182 ¹

261 1259 325 1298 «en
351 1241 521 1315 gaudentii
549 1259 585 1298 en
615 1241 670 1296 soit
694 1241 827 1298 i'auteur.
853 1241 974 1298 Comme
996 1241 1049 1314 ily
1079 1257 1096 1296 a
1150 1254 1213 1294 rem
1226 1238 1305 1294 haud
1321 1253 1442 1311 prorsus
1455 1237 1814 1295 indoctumdieentem:«
1827 1239 1871 1296 t'ai
1884 1241 1938 1297 dana

259 1337 273 1364 a
290 1314 420 1370 d’autres
436 1313 523 1368 livres
537 1314 613 1368 dans
637 1312 665 1367 la
687 1316 781 1369 meme
803 1312 937 1384 Vulgata,
962 1314 1011 1386 qui
1028 1316 1097 1368 sont
1151 1331 1164 1360 s
1181 1309 1274 1366 chaisi
1290 1309 1317 1366 le
1331 1309 1403 1365 livre
1422 1309 1458 1364 de
1478 1308 1671 1380 limatensem,
1704 1310 1776 1366 dont
1794 1327 1857 1367 nous
1872 1327 1939 1368 avens

259 1407 273 1434 «
291 1383 480 1441 abseiument
504 1385 540 1440 de
565 1384 617 1448 lui,
641 1387 670 1440 et
698 1385 770 1440 dont
794 1399 939 1456 personne
961 1401 998 1440 ne
1026 1387 1097 1466 peut
1152 1401 1166 1431 u
1181 1380 1222 1436 ies
1237 1381 1314 1437 deux
1328 1379 1466 1436 Versions
1480 1379 1616 1453 Vuigstes
1632 1383 1754 1453 rangtes
1768 1381 1890 1437 aurdanu
1902 1383 1940 1439 dii·

262 1479 272 1504 ·
290 1457 404 1525 deuter,
414 1455 466 1526 j'ai
482 1471 534 1511 aru
551 1455 621 1526 qu'ii
639 1455 729 1511 serait
750 1459 767 1511 b
795 1471 902 1528 propos
917 1455 1096 1511 d’examvner
1151 1473 1165 1502 ο
1181 1451 1307 1508 idrentes
1321 1450 1461 1507 calonnes
1476 1452 1550 1507 daus
1566 1451 1607 1508 ies
1621 1467 1765 1526 ouvrages
1780 1453 1812 1508 de
1826 1469 1854 1508 ce
1865 1453 1939 1510 rea.»

259 1543 394 1584 «enuere
409 1531 483 1582 cette
498 1527 614 1582 version
631 1527 705 1582 deus
721 1525 866 1598 quelques
887 1527 1016 1583 endroils
1044 1527 1094 1598 qni
1148 1523 1350 1594 Antiquiorem
1376 1521 1533 1596 Vulgatam
1556 1522 1718 1578 versionem
1735 1522 1856 1579 Latinam
1868 1523 1939 1580 Eccle-

260 1602 356 1654 «sont
385 1600 574 1654 assurtmcnt
602 1599 638 1653 dc
673 1597 751 1652 saint
779 1599 906 1653 terame.
935 1597 990 1653 t’ai
1019 1598 1095 1653 douo
1150 1594 1246 1650 sinete
1261 1593 1592 1661 Salomonis,eGrecis
1613 1593 1827 1666 exemplaribus
1840 1595 1897 1650 uxi
1908 1596 1941 1650 ln·

259 1668 425 1726 «choisiie
445 1669 515 1724 livre
537 1668 574 1724 de
599 1669 780 1736 l'l'ctesiastc,
810 1668 882 1724 dont
910 1684 983 1724 nous
1004 1684 1094 1724 avons
1149 1670 1311 1738 terpretum
1332 1665 1491 1722 derivatam
1513 1668 1719 1748 sumptamque
1747 1666 1868 1722 concedit
1886 1665 1941 1721 inira
1985 1657 1986 1688 ¹

260 1740 332 1796 «les
352 1741 584 1796 deuxVersions
614 1739 763 1808 Vulgates.
795 1742 917 1812 rangees
945 1756 997 1796 sur
1018 1740 1094 1794 deux
1149 1735 1212 1808 ipse
1240 1736 1400 1793 simonius.
1430 1736 1484 1803 Qui
1513 1752 1582 1810 erga
1611 1736 1673 1792 ilem
1700 1740 1804 1820 potest,
1824 1735 1942 1792 utlatins

259 1811 457 1866 «diilereutes
484 1811 624 1866 calonnae
654 1811 728 1865 dnus
758 1809 800 1864 les
827 1825 971 1882 ouvrages
998 1810 1034 1866 de
1061 1827 1093 1866 ce
1147 1806 1303 1864 translatio
1318 1807 1384 1863 libri
1402 1806 1580 1863 Ecclesiaste
1591 1807 1692 1890 posite
1707 1824 1735 1863 vn
1752 1809 1843 1880 prima
1855 1807 1942 1862 colun·

259 1905 272 1932 a
289 1882 369 1947 Pare,
386 1887 415 1937 ot
430 1881 506 1936 ainai
522 1881 542 1936 il
559 1882 607 1953 n’y
623 1899 639 1937 a
656 1898 708 1953 pas
723 1881 781 1936 lieu
797 1881 833 1937 de
862 1881 967 1937 deuter
980 1881 1091 1953 qu'une
1146 1895 1184 1934 na
1199 1878 1269 1934 editi
1284 1878 1488 1936 commentarii
1505 1883 1596 1934 sancti
1617 1879 1785 1952 Hieronymi
1801 1879 1836 1934 sit
1848 1879 1942 1950 antiqua

252 1973 274 2018 ‚a
294 1953 330 2008 de
345 1969 393 2008 ces
413 1951 563 2018 colonnes,
578 1952 629 2022 qni
644 1954 810 2024 representa
826 1951 854 2006 la
868 1951 992 2023 Vulgata
1008 1953 1090 2008 d'au-
1145 1949 1269 2022 Vulgata
1297 1950 1403 2005 Grecis
1431 1965 1567 2022 expressa
1582 1949 1790 2016 voluminibus,
1812 1966 1871 2005 cum
1896 1951 1942 2005 ilie·
1986 1964 1987 1990 ³

258 2022 1092 2166 1:tastuerelievaistisnevste
1145 2021 1672 2164 tttlttitsstittintittttt
1694 2020 1944 2148 iniierunt
1986 2079 1987 2148 v

258 2187 273 2216 c
290 2165 341 2236 qui
358 2135 435 2220 avait
448 2167 494 2220 stc
518 2164 586 2220 inite
601 2181 653 2221 sur
676 2165 703 2220 le
732 2165 804 2221 Grec
829 2167 881 2221 des
896 2167 1045 2238 Septante,
1063 2171 1091 2222 ot
1144 2161 1216 2220 lisss
1230 2165 1266 2220 de
1282 2163 1401 2220 detrec
1415 2163 1445 2218 in
1457 2163 1593 2219 Latinum
1604 2163 1619 2218 i
1631 2161 1707 2219 Num
1719 2163 1946 2236 pugnacissimum

259 2259 273 2288 a
289 2239 328 2292 ab
345 2235 365 2290 il
409 2235 515 2292 aaussi
526 2235 799 2309 qualquemv'dange
821 2237 858 2294 de
874 2235 902 2293 la
926 2236 1043 2294 version
1055 2239 1091 2294 de
1145 2235 1317 2307 scriptorem
1332 2233 1490 2307 aliquanda
1506 2233 1627 2307 pudebit
1641 2237 1728 2290 tante
1740 2233 1855 2290 inscitia
1868 2234 1880 2287 ‘l
1892 2249 1946 2287 nnn

261 2329 275 2358 a
290 2251 483 2390 Theetiotion.
1145 2308 1222 2378 qued
1239 2307 1267 2361 in
1284 2321 1319 2361 ea
1329 2305 1530 2362 observatione
1541 2305 1701 2380 diligentiae
1716 2306 1865 2378 vestigium
1878 2320 1947 2388 appa·

295 2401 309 2428 a
325 2378 409 2434 Sarni
423 2380 540 2434 terame
556 2375 679 2444 declaro,
706 2377 780 2433 dans
805 2375 833 2433 la
858 2377 972 2451 preiace
987 2376 1057 2505 rpu'il
1073 2395 1091 2434 a
1145 2378 1214 2433 ret‘l
1233 2377 1289 2434 Sed
1299 2381 1331 2433 ut
1344 2378 1477 2450 proprios
1484 2378 1546 2450 y'am
1563 2377 1718 2434 erubescat
1746 2393 1864 2444 errores,
1878 2391 1948 2448 quun

261 2447 510 2510 «misetiatets
538 2448 641 2505 deson
671 2447 880 2504 commentaire
908 2448 1089 2506 surl'caie·
1144 2447 1248 2505 alianis
1259 2449 1472 2522 redarguendis
1492 2448 1616 2504 nescivit
1627 2448 1798 2505 erubescere
1812 2447 1949 2515 modestus,

259 2543 273 2572 a
289 2519 430 2590 aiaste‚ia
446 2519 583 2576 methone
597 2518 805 2592 qu'ilasuivie
820 2520 894 2576 dans
910 2537 943 2576 so
958 2519 1090 2577 nouvelle
1144 2521 1332 2576 conteramus
1348 2517 1501 2594 antiquam
1517 2519 1703 2576 Ecclesiaste
1717 2521 1875 2576 versionem
1889 2517 1950 2572 Lati-
1987 2530 1988 2566 t

259 2590 1088 2685 aversino:etiitemaigoed'abordqu'ilnes'estas-
1145 2607 1212 2646 nam
1243 2608 1261 2646 a
1288 2591 1359 2646 LXX
1389 2591 1599 2664 iuterpretibus
1627 2588 1952 2664 expressam,cumilia
1987 2595 1988 2600 ’

261 2661 1088 2788 asujsttitl'autcritsdaucuninterprete,maisqu'ii
1144 2661 1246 2718 Latina
1260 2662 1451 2718 translatione
1474 2678 1563 2734 quarn
1589 2662 1785 2732 Hieronymus
1797 2661 1950 2740 elaboravit,
1987 2677 1988 2696 v

259 2751 308 2790 «a
337 2735 450 2790 traduit
474 2734 530 2789 sim
553 2732 664 2789 tament
691 2749 743 2789 sur
772 2732 810 2789 i'b
831 2734 911 2790 bren.
945 2733 965 2788 ll
992 2735 1090 2806 aionis
1142 2733 1952 2807 saraquetanquamsacrumcontextumpreposuitsuis

259 2829 274 2856 «
292 2805 466 2862 ntanmoius
494 2821 533 2877 qn
546 2804 565 2860 il
587 2803 658 2860 a'est
679 2805 866 2860 accommode
881 2807 898 2861 t
913 2803 1023 2878 l'usage
1038 2807 1089 2862 des
1142 2804 1173 2860 in
1189 2804 1384 2862 Ecclesiasten
1399 2804 1633 2862 Commentariis.

260 2901 274 2928 a
292 2877 441 2950 Santouta,
471 2874 539 2948 plus
567 2875 635 2948 qu't
663 2891 775 2932 aucune
804 2881 886 2932 autre
912 2876 1089 2946 traduatian,
1728 2917 1735 2930 .

261 2946 727 3004 «danslesendroitsodilsne
756 2946 891 3003 diiidreut
922 2963 973 3018 pas
1000 2948 1089 3005 beau·
1383 2920 1419 2976 IN
1440 2919 1558 2977 CAPUT
1578 2919 1732 2976 PRIMUM·

262 3036 366 3092 «caup
388 3020 426 3074 du
455 3023 533 3075 texte
561 3019 681 3074 nebron.
712 3019 795 3074 Haila
823 3017 843 3073 il
873 3033 963 3074 avoue
986 3019 1090 3090 qu'iia
1179 3014 1260 3072 Vera.
1279 3019 1304 3072 i.
1330 3017 1496 3073 Secundum
1523 3017 1714 3092 Septuaginta
1743 3035 1750 3072 τ
1775 3017 1858 3073 Verba
1879 3015 1952 3071 Eccu-

261 3089 571 3166 «aussiquelqueicis
600 3105 635 3146 eu
664 3105 781 3146 recours
810 3089 1088 3164 quuiia,tSym·
1143 3088 1251 3154 cicalae,
1271 3089 1327 3158 filii
1341 3088 1439 3156 liceat,
1455 3089 1527 3160 repis
1540 3089 1624 3144 lsrael
1638 3091 1667 3144 in
1678 3089 1838 3146 semelem.

261 3167 441 3235 «maqueat
456 3166 473 3218 t
488 3161 667 3218 Theodotius
693 3176 700 3215 :
727 3163 765 3216 de¹
791 3163 868 3214 same
891 3159 961 3232 qu'ii
989 3177 1089 3223 acon·
1180 3159 1346 3214 Secundum
1377 3159 1584 3232 Hieronymum
1603 3177 1610 3216 :
1626 3159 1710 3216 Verba
1732 3161 1900 3218 Ecclesiaste
1912 3157 1955 3227 itt

264 3255 277 3284 a
293 3233 371 3290 suite
385 3240 452 3289 tous
468 3249 516 3288 ces
532 3237 651 3288 auteurs
666 3247 741 3303 pour
756 3231 826 3286 taire
841 3247 899 3285 uno
915 3231 1010 3287 bonne
1024 3247 1088 3288 ver·
1104 3199 1125 3266 C
1145 3230 1243 3296 Dauid,
1260 3232 1332 3301 repis
1345 3231 1509 3286 teutoniam.
1737 3289 1740 3294 ,

262 3305 368 3360 «sion.
400 3303 515 3374 Voyens
544 3302 727 3357 mnintenant
754 3301 1089 3371 s'iiatoujoursreussi
1179 3301 1306 3370 Antiqua
1319 3301 1413 3357 versio
1429 3301 1542 3372 Latina,
1559 3306 1591 3357 ut
1615 3300 1704 3364 vides,
1720 3301 1874 3367 retinebat,
1886 3299 1958 3370 juxta

263 3397 276 3424 a
294 3375 368 3430 dans
378 3371 405 3428 le
420 3373 504 3427 choix
519 3372 589 3442 qu'it
602 3389 618 3428 a
633 3371 685 3426 init
700 3373 735 3426 ds
750 3387 798 3426 ces
812 3372 996 3444 interpretes.
1012 3396 1023 3422 ι
1145 3372 1226 3433 LXX,
1242 3374 1315 3444 repis
1331 3371 1422 3428 lsrael
1438 3373 1468 3429 in
1483 3374 1650 3430 Jerusalem.
1675 3372 1738 3428 Non
1752 3379 1797 3428 est
1812 3387 1880 3445 ergo
1894 3370 1957 3425 anti·

297 3445 338 3500 lix
353 3444 408 3499 boc
422 3444 551 3500 Historiae
564 3444 667 3498 critice
695 3442 813 3497 turbido
841 3443 919 3498 ionte
942 3443 1089 3500 innumeri
1166 3460 1202 3499 ua
1216 3443 1343 3515 Vulgata
1354 3459 1388 3499 en
1402 3461 1467 3516 quae
1483 3443 1591 3517 iegitur
1604 3443 1633 3499 in
1646 3443 1863 3501 Cemmentario
1878 3438 1957 3498 sancti

262 3515 410 3571 fluxerunt
424 3529 536 3572 errores
552 3514 630 3586 apud
660 3513 790 3570 curiosos
819 3529 852 3568 ac
873 3513 1089 3572 studiososbo-
1144 3459 1166 3568 ii
1304 3515 1311 3528 '

262 3587 368 3653 mines,
406 3585 436 3642 ui
451 3589 484 3642 lt.
500 3585 621 3642 Simonii
644 3585 783 3641 naudelu
806 3585 871 3640 iont
884 3587 1087 3644 auctoritatem
1144 3585 1286 3656 abjecerit
1299 3601 1384 3642 voces
1400 3587 1569 3659 superfluas
1582 3587 1667 3642 israel
1681 3590 1710 3642 et
1724 3587 1765 3654 in,
1782 3591 1869 3659 atque
1895 3583 1961 3639 maie

262 3659 381 3714 iluxam.
424 3657 566 3713 umenim
597 3657 719 3714 credunt
739 3597 835 3712 variis
864 3657 1089 3783 scriptorisapui
1143 3657 1258 3712 additas
1273 3656 1375 3719 doceat
1389 3661 1450 3714 tem
1465 3658 1495 3713 in
1510 3657 1712 3730 Septuaginta,
1737 3673 1825 3731 quam
1847 3658 1876 3712 iu
1893 3653 1959 3736 anti·

262 3729 438 3787 inlsamsibi
468 3729 596 3785 scientie
611 3727 831 3801 persuasionem
858 3727 996 3796 induxit,
1027 3745 1089 3800 pu·
1143 3743 1203 3798 qna
1229 3729 1328 3784 latina
1343 3727 1478 3801 Vulgata.
1496 3751 1509 3778 o
1526 3728 1583 3786 Nec
1598 3745 1656 3784 nan
1671 3734 1700 3784 et
1714 3727 1779 3800 hoc,
1798 3751 1812 3780 o
1827 3727 1959 3800 inquitvn

262 3801 338 3858 rima
352 3817 402 3858 eos
416 3805 529 3872 oportet
543 3805 709 3857 commenta
724 3803 812 3870 atque
827 3797 1090 3870 phantasmatave·
1143 3799 1356 3855 Commentario
1386 3799 1475 3872 hujus
1498 3797 1564 3866 ioci,
1584 3822 1598 3850 a
1620 3798 1791 3882 diligentius
1815 3799 1959 3856 attenden-

263 3872 370 3928 nsrari.
382 3872 473 3942 Cujus
487 3871 588 3956 utique
602 3871 717 3943 generis
734 3875 813 3937 aunt,
829 3874 839 3925 i
861 3869 999 3944 Vulgatas
1015 3872 1089 3927 duas
1142 3869 1224 3938 dum,
1242 3872 1318 3942 quod
1335 3876 1458 3942 perires
1472 3871 1561 3927 libras
1578 3875 1704 3928 auctoris
1718 3869 1960 3942 (Salomonisieii-

263 3943 471 4000 translationes
495 3947 610 3998 Latinas
638 3941 783 3998 columnis
809 3940 1089 4014 distinctaspositas
1143 3947 1307 3998 versusest
1335 3941 1449 3998 titulus.
1481 3944 1511 3997 ln
1537 3942 1698 3998 Proverbiis
1726 3941 1802 3998 enim
1822 3947 1959 3998 notatur:

263 4015 378 4072 cassin
403 4013 619 4070 Commentario
643 4013 735 4070 sancti
760 4011 864 4068 Hieron
888 4013 927 4068 mi
948 4013 1088 4070 inllccie·
1142 4013 1291 4068 Prouerbta
1321 4013 1474 4069 satanam
1499 4013 1554 4084 filii
1581 4013 1676 4081 Darild,
1704 4015 1774 4084 repis
1804 4014 1904 4068 lsrael.
1932 4012 1959 4066 ln

263 4085 599 4154 sisstem;2⁰eumdem
614 4083 836 4141 sanctissimum
877 4088 1003 4140 ociorem
1018 4084 1088 4142 Vui·
1143 4083 1317 4140 Ecclesiaste
1342 4099 1409 4140 vero
1445 4102 1451 4141 :
1484 4085 1567 4140 Verba
1590 4085 1759 4141 Ecclesiaste
1783 4083 1841 4154 filii
1870 4081 1961 4152 Dauid,

264 4155 478 4230 gataeantique
493 4156 631 4212 Latinae
652 4155 758 4212 Grecis
794 4161 920 4226 regnata
935 4155 1089 4228 copulasse
1143 4153 1387 4226 repislcmeatmn.
1409 4155 1777 4229 Superiluumquippeest
1799 4153 1962 4223 biclsrael,

264 4244 369 4285 novam
385 4243 468 4284 suern
485 4227 706 4284 translationem
728 4243 763 4282 ex
774 4172 895 4283 ilebrco
909 4243 1087 4300 expressam,
1144 4227 1219 4297 quod
1249 4226 1326 4282 male
1341 4226 1370 4280 in
1386 4226 1494 4283 Graecis
1508 4231 1537 4282 et
1560 4227 1670 4283 Latinis
1690 4226 1840 4282 codicibus
1857 4225 1962 4282 inveni·

264 4317 331 4356 cum
348 4298 541 4355 Ecclesiasten
555 4298 771 4355 Commentario
787 4314 839 4352 suo
852 4296 1011 4354 illustravit
1037 4317 1043 4355 :
1061 4299 1090 4354 3ο
1142 4303 1200 4353 tur.
1220 4319 1230 4346 ι
1248 4297 1330 4353 Certe
1342 4297 1523 4354 confidenter
1536 4298 1632 4354 dicam
1648 4295 1832 4354 nectituium
1849 4298 1964 4366 qrvidem

263 4371 427 4428 declarasse
442 4371 613 4426 methodum
629 4370 675 4426 cui
703 4367 875 4425 adhaesisset
888 4369 918 4425 in
938 4371 1090 4426 condenda
1144 4368 1210 4424 libri
1225 4367 1406 4425 Ecclesiaste
1427 4369 1590 4425 simonium
1606 4369 1728 4442 legisse,
1746 4367 1789 4424 vei
1804 4369 1830 4425 si
1858 4367 1967 4442 legerit,

265 4442 425 4524 Bibliarpm
441 4459 589 4498 sacrorum
606 4457 680 4498 nova
694 4439 902 4522 translatione:
920 4441 950 4495 οῦ
964 4441 1090 4524 denique
1143 4455 1329 4522 nequaquam
1353 4438 1540 4523 intellexisse,
1570 4441 1687 4524 quando
1715 4455 1808 4522 ausus.
1828 4445 1879 4526 est
1897 4439 1968 4494 altir-

264 4511 1090 4642 liniatis0ittiiittttltittittttitti
1105 4568 1128 4634 ο
1143 4510 1971 4664 attiatitttttit‘ttt*ttttttitttettit

264 4655 371 4714 nanda.
1145 4653 1257 4710 lumms
1271 4654 1436 4710 distructas.
1460 4653 1498 4709 nx
1513 4670 1571 4711 uuo
1597 4670 1725 4726 namque
1741 4651 1818 4710 tituli
1835 4659 1971 4711 contextu

299 4725 415 4784 Miraris
436 4723 518 4796 loric,
534 4724 635 4791 lector,
655 4724 828 4796 scriptorem
844 4723 976 4780 criticum
993 4741 1009 4780 e
1025 4740 1089 4796 por·
1144 4725 1333 4780 menifestum
1349 4723 1435 4780 nobis
1449 4730 1494 4781 eat
1509 4741 1542 4782 ac
1554 4724 1750 4799 exploratum,
1765 4730 1909 4783 neutram
1927 4726 1971 4781 La·

263 4803 294 4856 tu
310 4797 504 4872 egredientem
519 4795 617 4852 statim
627 4795 723 4852 navim
735 4794 893 4868 impegisse
908 4795 936 4850 in
952 4799 995 4852 tot
1012 4811 1090 4851 erro-
1144 4797 1235 4852 tinam
1251 4796 1414 4852 versionem
1443 4795 1658 4870 Hieronymiani
1683 4797 1898 4854 commentarii
1915 4811 1970 4852 esse

263 4888 329 4928 rum
345 4867 502 4942 acopuioa;
519 4867 589 4941 quia
602 4883 668 4924 eum
681 4866 813 4939 apprime
822 4868 939 4923 doctum
955 4867 1029 4922 etde
1045 4867 1090 4922 bis
1145 4867 1296 4940 antiquam
1307 4866 1462 4940 Vulgatam
1478 4883 1493 4923 c
1507 4867 1613 4924 Graecis
1629 4867 1847 4940 exemplaribus
1860 4885 1973 4942 expres·

264 4941 371 4999 studiis
400 4940 522 4996 miriilce
554 4939 685 4995 deditum
710 4939 845 5010 putabas.
875 4939 934 5010 Ego
949 4953 1026 5002 vero,
1043 4939 1088 4994 cui
1144 4955 1218 4996 sam.
1235 4937 1315 5003 Quod
1332 4943 1429 4994 tamen
1457 4938 1616 4995 inscienter
1631 4939 1734 4995 docere
1753 4940 1913 4996 contendit
1929 4956 1972 5010 pa·

265 5027 421 5070 causarum
438 5011 582 5084 ignoratio
598 5009 783 5066 mirationem
800 5024 857 5090 uon
875 5007 951 5078 iacit,
969 5009 1046 5065 sicut
1060 5009 1089 5064 in
1145 5008 1278 5066 rensiiie
1307 5025 1340 5064 ac
1372 5009 1527 5092 prasultor
1561 5009 1695 5081 pessime
1720 5011 1850 5066 Hv'storioe
1873 5013 1971 5068 critica

265 5083 331 5140 aliis
345 5084 419 5140 bens
438 5081 549 5148 multis,
564 5081 605 5137 ita
620 5081 674 5138 bac
689 5080 751 5136 loca
765 5079 922 5136 inscienter
935 5097 968 5136 aa
983 5084 1091 5136 temere
1145 5097 1295 5138 sacrorum
1310 5078 1482 5137 Bibliorom.

266 5155 421 5226 scripsisse
436 5153 600 5210 Simonium
616 5152 830 5224 comperi03et
857 5155 916 5206 tam
941 5151 1090 5208 maleexi·
1181 5151 1262 5208 Vers.
1288 5152 1315 5206 5.
1344 5151 1512 5209 Secundum
1529 5151 1598 5207 txx
1614 5169 1620 5208 :
1637 5152 1838 5222 Htcra'tareal,
1863 5161 1894 5208 et
1911 5153 1972 5209 ccci·

267 5223 402 5281 elimasse
419 5225 453 5280 de
468 5223 590 5289 caeteris,
606 5229 638 5280 ut
653 5222 752 5280 nullus
777 5220 870 5295 possit
882 5222 918 5278 de
932 5223 996 5292 eJus
1012 5237 1091 5279 erra·
1143 5223 1183 5279 dit
1197 5223 1248 5287 sal,
1264 5229 1289 5279 ct
1303 5221 1338 5278 ad
1353 5221 1443 5278 dicum
1454 5223 1618 5280 sunmdaeit
1633 5239 1640 5280 ε
1656 5225 1749 5280 emeras
1764 5225 1822 5296 ipsc
1833 5223 1893 5289 ilii,
1905 5221 1974 5280 uadit

267 5291 349 5347 ribus
366 5295 508 5375 iudicare.
538 5296 591 5352 Sed
621 5295 657 5352 ad
678 5310 737 5351 rem
761 5294 845 5350 venio
872 5309 879 5359 ;
907 5294 1091 5366 prioremque
1145 5294 1399 5359 adunaremus.

268 5365 394 5444 auctoris
408 5367 499 5422 critici
518 5366 777 5423 hallucinationem
801 5365 829 5420 in
847 5363 973 5436 generali
989 5365 1089 5435 dispu·
1179 5366 1345 5420 Secundum
1379 5363 1724 5437 Hieronymum:0n'tur
1747 5364 1842 5428 rotet
1879 5365 1974 5421 cecidit

264 5436 532 5508 intraueredargno
561 5439 606 5494 his
631 5436 891 5494 observationibus.
919 5436 981 5491 Nan
1004 5435 1091 5492 habe·
1144 5437 1480 5509 sot,ctadtocumaanm
1500 5435 1576 5492 discit
1600 5452 1607 5504 ;
1637 5437 1766 5491 etei-itur
1784 5435 1845 5507 ipse
1879 5433 1976 5492 istiu

267 5519 345 5569 mus,
362 5502 564 5574 utillevoiuit,
581 5509 659 5565 Duas
677 5509 817 5582 Vulgaias
831 5505 985 5562 Versionea
1014 5507 1092 5564 Lati·
1145 5506 1357 5564 haeversioulo
1386 5506 1454 5562 LXX
1480 5507 1672 5580 iuterpretum
1702 5507 1922 5563 consuetudini
1952 5521 1976 5561 se

267 5591 322 5636 naa
334 5571 479 5658 columnis
499 5577 652 5636 distinctas
667 5580 696 5636 in
714 5577 929 5635 Commentario
944 5577 973 5634 S.
990 5577 1091 5635 Hiero·
1145 5583 1283 5652 coaptans
1299 5578 1503 5652 Hieronymus,
1519 5577 1655 5635 lectorem
1672 5577 1883 5634 accommodat
1902 5583 1975 5650 post·

267 5645 348 5727 nymi
362 5661 393 5700 tn
404 5643 682 5718 Ecclesiasten3sed
698 5668 758 5706 una
782 5651 924 5705 duntaxat
939 5649 1090 5718 hodierna,
1145 5657 1300 5717 esmonet,
1321 5649 1422 5705 dicens
1455 5665 1462 5703 :
1494 5651 1545 5705 rra
1568 5665 1598 5706 co
1623 5657 1713 5705 auem
1742 5648 1812 5720 quad
1830 5649 1979 5722 Vutyatam

266 5717 436 5804 temeritate·
445 5714 629 5800 librariorum
646 5721 734 5791 liujus
750 5720 890 5793 temporis
905 5727 931 5777 et
946 5721 1090 5778 editorum
1144 5723 1440 5794 editionemseqacmcs
1450 5722 1602 5792 posuimus,
1613 5721 1649 5776 ad
1665 5721 1762 5778 lacum
1773 5735 1867 5776 suum
1888 5721 1976 5779 ducit

267 5793 506 5854 incribratranurn
534 5790 709 5863 Hieronymi,
737 5793 892 5864 conjuncta
920 5808 986 5848 eum
1010 5797 1090 5849 textu
1145 5791 1505 5864 inuelreatatusaepi,
1522 5795 1576 5848 ete.
1601 5792 1833 5849 Hrvvstraautem
1853 5809 1919 5850 nos
1949 5792 1978 5846 ds

268 5868 370 5930 Latine
383 5859 580 5922 Hecaleslasta
605 5873 639 5914 ax
660 5859 787 5916 Hebrais
801 5863 897 5922 verbis
912 5863 1090 5938 planumque
1145 5865 1195 5926 illo
1210 5881 1266 5926 usu
1282 5863 1430 5923 docuisset
1445 5862 1613 5942 aliquando,
1642 5865 1667 5924 si
1695 5863 1852 5940 vulgatam
1871 5865 1979 5925 editio·

1171 3514 1332 3588 ieronym1;
1359 3530 1425 3570 oum
1455 3515 1519 3588 ipse
1548 3517 1578 3571 in
1604 3519 1739 3570 contextu
1768 3512 1961 3572 translationis

419 6108 547 6156 A-n
