4068 6170
99 229 164 298 viu
566 209 716 306 ouasv.
742 228 924 301 saeuus.
947 227 987 292 ιε
1010 227 1084 292 nra.
1108 231 1118 293 ι
1142 228 1294 297 auoou.
1707 227 1784 294 riou

96 365 142 422 lem
150 379 226 438 utque
240 363 271 422 in
284 363 357 422 diem
370 366 534 422 avertisses
546 382 553 436 ;
567 370 596 422 et
606 359 851 440 bicprephetasse
861 364 902 438 (a)
918 365 945 432 Α
959 369 1031 438 quot
1043 364 1146 422 diebus
1162 367 1190 422 in
1205 361 1395 423 tabernaculo
1411 362 1524 422 Domini
1543 362 1783 434 immoraturum,

97 472 180 513 coram
193 455 326 512 Samuele
343 455 467 512 dicutur.
485 456 577 520 Quem
588 456 780 528 questionem
792 455 905 513 Hebraei
960 459 988 511 ει
1002 455 1127 512 orationi
1138 460 1319 511 vacaturum.

96 543 136 601 bis
150 545 256 600 duobus
283 544 379 600 modis
409 543 535 601 solvunt.
567 551 705 602 autnon
735 545 807 600 vidit
825 561 903 615 eum,
995 544 1075 617 (Gap.
1103 545 1188 601 XXll.
1213 576 1247 586 -
1271 545 1353 601 Vors.
1377 544 1417 616 5.)
1443 565 1453 594 ι
1480 543 1616 616 Dixitque
1640 543 1784 617 Gadpro-

96 633 154 707 quia
167 633 278 779 qpndo
289 634 413 705 junctus
428 638 473 690 ast
487 634 557 690 Saul
572 650 664 690 cuneo
685 633 904 707 prophetorum,
960 633 1048 706 phala
1062 635 1098 689 ad
1117 633 1227 690 David:
1244 632 1307 690 Noli
1323 649 1442 689 manere
1457 633 1487 689 in
1507 633 1652 706 prasidio.
1667 632 1785 690 Prufici·

94 724 187 780 abscon
208 723 231 779 it
246 740 278 779 εε
294 720 423 793 Samuel,
439 740 475 779 ne
500 723 646 781 videretur
659 725 696 779 ab
711 740 753 779 εο.
775 725 832 779 Aut
847 740 905 778 non
960 723 1167 779 aoereetvade
1189 722 1219 778 in
1248 727 1356 780 terrum
1385 721 1474 778 ludo.
1495 743 1508 772 n
1540 721 1613 777 ltliru
1638 720 1786 778 modobio

93 813 156 868 vidit
169 827 231 868 eum
248 811 384 868 indutum
401 811 502 868 habitu
525 812 615 884 regio,
633 829 690 884 quo
707 813 829 868 indutus
844 815 906 867 erat
959 810 1154 867 introducitur
1167 811 1226 867 Gad
1245 811 1396 884 propbeta,
1412 827 1478 866 curn
1504 808 1534 866 in
1555 810 1785 883 precedentibus

93 901 195 973 quaudo
209 900 320 956 dictum
336 905 399 957 est:
424 902 483 956 Nou
506 901 576 956 vulu
598 917 662 956 euin
685 901 814 972 usquein
833 901 906 956 diurn
960 901 1024 972 ejus
1040 899 1121 955 nulla
1136 901 1211 956 loeta
1226 900 1314 956 luerit
1328 899 1448 956 mentio.
1460 899 1507 956 Sic
1522 899 1622 971 itaque
1635 899 1684 956 hic
1696 898 1787 956 intru-

90 991 175 1046 mortis
199 1005 266 1056 aaa,
298 989 475 1046 subauditur
513 989 650 1045 indutum
685 989 787 1046 habitu
814 989 904 1064 regio.
959 989 1427 1062 ducitur,sicolDliaspropheta
1450 989 1480 1044 in
1506 988 1568 1046 looo
1593 987 1785 1045 ubidicitur:

90 1078 460 1152 despoliasseverosenon
485 1078 623 1135 omnibus
643 1079 836 1145 vestimentis
854 1077 905 1135 sed
961 1081 993 1135 at
1021 1078 1093 1134 alicu
1120 1078 1197 1135 Elius
1224 1078 1354 1134 Thesbitcs
1386 1078 1419 1134 de
1454 1079 1656 1135 habitatoribus
1684 1077 1789 1134 Guloutl

90 1166 224 1240 regalibus
240 1168 365 1234 tantum,
382 1164 605 1239 intelligendum
620 1170 673 1221 est.
959 1168 1009 1240 (lll
1022 1170 1087 1237 Req.
1104 1186 1173 1235 xvur,
1188 1168 1225 1239 l).
1241 1169 1280 1224 Ex
1303 1185 1351 1224 ore
1374 1167 1473 1240 itaque
1492 1167 1608 1223 Domini
1631 1167 1692 1224 Gud
1717 1182 1787 1239 pro·

122 1257 193 1328 (dap.
215 1255 272 1310 XX.
298 1253 431 1310 -Vcrs
461 1255 503 1322 13,
532 1257 586 1326 tl.)
614 1259 676 1310 «llt
701 1254 739 1310 sit
763 1255 906 1311 Dominus
961 1257 1151 1330 phetaDavid
1170 1257 1251 1324 dixit,
1270 1261 1302 1312 ut
1323 1274 1381 1312 nun
1406 1263 1570 1312 moraretur
1586 1256 1663 1312 inter
1686 1259 1787 1328 gentes

91 1350 188 1413 tecum,
216 1344 294 1400 sicut
321 1344 377 1399 luit
406 1361 473 1400 curn
503 1349 585 1416 patre
614 1361 687 1400 meo.
709 1345 781 1400 Etsi
797 1344 904 1411 vixero,
960 1344 1262 1418 etinterrapolluta‚
1279 1345 1375 1401 sedin
1399 1349 1507 1401 terram
1529 1345 1605 1402 luda
1621 1344 1739 1412 rediret,
1756 1347 1786 1401 et

89 1435 171 1491 iacias
184 1433 254 1490 mihi
272 1433 504 1489 misericordium
533 1433 657 1488 Domini.
675 1457 689 1484 s
704 1433 748 1490 Sit
766 1434 905 1490 Dominus
960 1435 999 1491 ibi
1013 1435 1098 1504 juxta
1112 1434 1292 1494 voluntatem
1312 1433 1424 1490 Domini
1443 1434 1676 1506 persecutionem
1689 1432 1788 1490 inimi-

89 1527 176 1580 teeum
191 1523 266 1578 sicut
282 1522 336 1578 luit
362 1539 428 1578 uum
456 1527 538 1595 putre
567 1540 641 1592 mco,
665 1523 692 1577 id
708 1529 762 1589 cst,
780 1522 906 1578 sublime
960 1540 1060 1580 eorum
1079 1524 1174 1580 ferret.

90 1613 169 1668 laoiat
191 1628 313 1684 reguum
338 1615 433 1678 tuum,
461 1611 538 1668 siout
563 1612 690 1668 sublime
719 1612 786 1668 lecit
815 1611 906 1685 patria
996 1613 1088 1684 (Vers.
1105 1613 1162 1686 l8.)
1181 1637 1190 1662 ι
1208 1614 1243 1668 Et
1257 1613 1414 1668 trucidavit
1431 1612 1523 1668 Doech
1541 1612 1687 1668 idumeus
1702 1611 1730 1666 in
1742 1611 1789 1668 die

90 1701 141 1757 mei
162 1715 291 1774 regnum.
310 1721 323 1750 u
341 1700 376 1756 Et
400 1699 423 1756 si
450 1700 557 1769 vixero,
583 1701 671 1757 iacias
694 1701 767 1756 mibi
791 1700 906 1757 miseri·
921 1735 945 1802 B
960 1701 1011 1759 illa
1025 1702 1173 1775 octoginta
1187 1699 1409 1774 quinqueviros
1424 1701 1545 1757 vestitos
1559 1699 1654 1773 ephod
1670 1700 1758 1756 lineo.
1775 1721 1789 1750 ε

88 1791 206 1848 cordiam
233 1787 359 1856 Domini,
386 1811 400 1839 n
425 1793 458 1844 ut
481 1788 592 1846 seilicet
616 1790 672 1845 sim
698 1790 860 1846 secundum
876 1790 906 1845 in
960 1791 1126 1849 lnHebroeo
1152 1789 1287 1862 habetur,
1313 1813 1327 1842 «
1352 1794 1501 1862 portantes
1525 1787 1620 1862 ephod
1635 1788 1758 1845 lineum.
1776 1810 1790 1839 u

86 1895 168 1952 regno
182 1883 250 1945 tuo;
268 1901 282 1928 ε
299 1881 327 1932 ει
342 1875 367 1932 si
383 1881 517 1933 mortuus
532 1877 625 1948 luero,
649 1895 705 1934 non
721 1879 835 1934 auteres
849 1881 905 1934 mi·
960 1881 1050 1937 Aiunt
1063 1880 1186 1948 Hebraei,
1202 1897 1260 1936 non
1277 1896 1379 1936 omnes
1401 1879 1495 1950 ephod
1517 1877 1627 1934 lineum
1646 1883 1790 1951 portasse,

85 1967 358 2024 sericordiamtuunr
379 1967 688 2039 adomomeeusque
707 1967 905 2039 insempiter·
960 1969 1164 2027 aedtelaseov
1193 1969 1294 2036 luisse,
1322 1969 1373 2041 qui
1399 1968 1502 2041 utique
1530 1967 1611 2039 digni
1640 1971 1669 2023 et
1694 1966 1790 2024 idonei

85 2073 162 2113 num.
178 2077 191 2106 v
959 2059 1108 2116 asserted
1126 2058 1301 2131 portandum
1315 2055 1422 2128 ephod.

116 2145 192 2218 (Gap.
223 2145 293 2201 XXl.
325 2176 359 2185 --
388 2145 470 2200 Vera.
501 2145 540 2214 l.)
569 2145 657 2201 Venit
684 2153 782 2202 autem
815 2144 904 2202 David
997 2147 1191 2221 (Caplllllll.
1209 2145 1339 2202 -Vere
1366 2144 1425 2213 ll.)
1448 2167 1461 2194 u
1492 2143 1523 2200 Si
1542 2142 1660 2200 trudent
1674 2159 1720 2199 me
1734 2141 1789 2198 viri

83 2234 111 2290 in
136 2234 211 2291 Nobe
233 2235 270 2290 od
298 2232 468 2292 Abimeleub
494 2234 686 2291 sacerdotem.
719 2259 732 2286 υ
758 2235 905 2292 Ahimelec
961 2236 1045 2294 Ceilae
1062 2236 1091 2292 in
1115 2251 1220 2292 manus
1244 2235 1318 2306 ejus,
1343 2237 1372 2289 et
1396 2232 1420 2289 si
1445 2232 1602 2289 descendet
1627 2230 1696 2289 Saul
1711 2231 1791 2288 sicut

81 2324 142 2396 ipse
167 2328 210 2379 εει
238 2325 292 2394 Aja
332 2322 411 2379 silius
450 2323 571 2392 ahitob,
602 2322 653 2379 filii
691 2324 823 2393 Phineos,
854 2325 906 2380 filii
960 2325 1071 2382 audivit
1094 2341 1196 2381 servus
1220 2328 1300 2391 tuus,
1326 2321 1450 2378 Domine
1473 2320 1670 2389 Deuslsrael,
1693 2319 1791 2377 indica

83 2411 153 2470 Heli.
961 2432 1043 2472 servo
1071 2418 1132 2470 tuo.
1163 2414 1198 2469 ut
1226 2412 1267 2468 ait
1295 2411 1449 2479 Dominus,
1482 2410 1682 2466 Descendet.»
1706 2415 1748 2464 Ac
1763 2409 1788 2464 si

116 2502 208 2574 (Vens.
227 2502 267 2574 3.)
281 2523 295 2552 ι(
314 2501 346 2556 llt
362 2501 480 2557 luerunt
494 2518 564 2558 vasa
589 2519 745 2574 puerorum
761 2508 873 2561 sancte.
891 2527 905 2554 »
961 2503 1184 2572 diceret,sibio
1213 2499 1341 2570 steteris,
1370 2499 1537 2556 descendet.
1567 2499 1601 2554 Et
1627 2497 1703 2569 quod
1729 2497 1788 2554 ait:

80 2590 244 2647 Abimeleoh
259 2589 421 2662 interrogat
448 2571 547 2646 utrum
577 2591 664 2647 David
695 2596 724 2648 et
748 2593 905 2665 puerisui,
962 2593 1216 2652 «Sitradentme
1238 2590 1293 2644 viri
1318 2587 1419 2656 beilae3
1444 2590 1473 2643 et
1497 2585 1793 2654 Dominusait,'lra-.

78 2696 152 2754 quos
174 2680 202 2735 in
225 2678 323 2744 illum,
347 2684 376 2735 et
397 2679 426 2734 iu
451 2677 535 2734 illurn
563 2679 661 2736 locum
686 2681 860 2738 conduxisse
874 2698 906 2738 se
961 2683 1049 2748 dent;
1067 2703 1081 2731 ε
1108 2681 1162 2737 ista
1186 2683 1230 2736 est
1253 2694 1378 2746 seusun
1402 2676 1431 2732 Si
1455 2676 1638 2732 descenderit
1659 2673 1741 2742 Saul,
1762 2677 1792 2730 ει

78 2769 198 2836 dixerut,
228 2768 331 2824 mundi
360 2773 468 2824 essent.
508 2769 596 2824 David
625 2787 692 2826 vcro
725 2771 907 2842 aenigmatice
960 2772 1051 2828 biolo
1073 2769 1224 2836 invenerit,
1254 2766 1380 2824 tradent.
1407 2766 1505 2835 Porro,
1529 2781 1563 2821 eo
1587 2768 1790 2836 temporeque

80 2857 231 2933 pluraliter
254 2859 290 2914 de
313 2857 410 2930 scipso
434 2858 595 2930 respondit,
619 2858 741 2916 dicens:
768 2883 781 2911 ιι
797 2861 830 2916 Et
843 2862 906 2916 lue·
962 2863 1075 2934 lugeret
1085 2859 1225 2914 abiathar
1235 2856 1313 2912 filius
1323 2853 1495 2912 abimelech
1506 2853 1542 2910 ad
1554 2852 1644 2909 David
1655 2853 1685 2908 in
1696 2851 1790 2924 Cella,

77 2953 145 3003 runt
159 2964 227 3002 vase
242 2962 399 3019 puerorum
426 2950 538 3010 sancta,
556 2968 569 2994 n
589 2965 606 3002 a
627 2949 783 3005 concubitu
804 2951 905 3020 conju·
960 2949 1054 3021 ephod
1080 2964 1177 3004 seeum
1206 2944 1318 3001 hebens
1351 2942 1564 3010 descenderat3
1594 2941 1689 3014 ephod
1717 2940 1790 2995 illud

76 3035 146 3110 gali.
163 3035 244 3100 Quod
260 3051 327 3091 vero
343 3035 395 3102 ait,
413 3057 427 3085 o
443 3036 531 3091 Porro
547 3035 593 3092 via
617 3036 677 3092 baeo
693 3036 805 3110 polluta
818 3044 874 3106 est,
891 3061 905 3090 ε
962 3042 1025 3094 erat
1051 3037 1129 3110 quod
1158 3035 1282 3108 Moyses,
1305 3033 1429 3104 jubente
1455 3030 1588 3098 Domino,
1617 3030 1743 3097 iecorat;
1760 3028 1791 3085 in

75 3131 103 3182 et
120 3126 149 3180 in
165 3125 284 3180 llebraeo
300 3123 418 3198 legitur,
434 3148 448 3174 «
465 3124 553 3181 Porro
579 3125 625 3181 via
648 3126 709 3183 bec
728 3126 872 3196 temneat,
889 3149 904 3178 a
920 3105 942 3173 C
962 3144 1020 3200 quo
1036 3131 1107 3194 erat,
1123 3125 1247 3181 doctrim
1261 3131 1287 3179 ει
1303 3123 1414 3187 ueritus,
1430 3119 1529 3192 inquo
1540 3119 1629 3176 etium
1642 3117 1792 3176 consuluit

75 3216 117 3272 sic
142 3218 188 3270 εει
212 3212 456 3288 intelligendum:
485 3213 531 3270 vio
555 3214 616 3270 hieu
641 3215 715 3271 laica
738 3220 793 3284 est,
818 3233 852 3272 ac
880 3217 906 3274 si
960 3217 1097 3274 sacerdos
1111 3215 1151 3286 (d)
1163 3213 1330 3270 Dominum.

72 3303 202 3360 diceret:
222 3305 252 3359 ln
273 3302 336 3376 lege
352 3307 531 3375 preceptum
548 3306 602 3368 est,
619 3309 651 3360 ut
665 3307 819 3360 extraneus
848 3323 907 3360 non
996 3307 1089 3378 (Vere.
1103 3305 1160 3371 lu.)
1175 3325 1189 3353 u
1208 3299 1356 3358 Percussit
1383 3299 1472 3374 igitur
1495 3303 1629 3371 uterque,
1644 3297 1793 3354 looathan

71 3391 258 3448 comedetea
283 3391 344 3447 eis:
374 3395 403 3447 et
428 3395 461 3446 ut
488 3391 652 3464 interrogas
676 3395 775 3447 utrum
804 3393 907 3448 mundi
961 3393 1112 3450 scilicetet
1133 3391 1234 3461 David,
1259 3390 1354 3446 loeuus
1377 3405 1478 3444 uorum
1502 3387 1636 3444 Domino.
1654 3408 1669 3436 ι)
1689 3391 1793 3443 Coram

71 3481 136 3537 sint
150 3481 243 3552 pueri,
260 3479 311 3551 qui
326 3479 426 3547 etiam,
438 3479 462 3536 si
480 3479 582 3536 mundi
598 3485 706 3548 essent,
720 3496 906 3553 nequaquam
964 3481 1095 3546 Domino,
1111 3480 1139 3537 id
1162 3483 1206 3535 eet
1230 3494 1327 3534 coram
1353 3478 1414 3533 Gad
1439 3476 1592 3548 propbeta,
1608 3481 1637 3532 et
1652 3473 1794 3531 Abiatbar

70 3569 116 3626 eis
132 3567 209 3625 vesci
225 3567 375 3626 deberent.
394 3568 501 3624 ldoireo
527 3569 573 3625 via
597 3569 656 3625 bac
680 3574 725 3625 εει
738 3567 821 3640 laica,
839 3570 909 3642 quia
962 3571 1121 3636 secerdote,
1137 3567 1187 3640 qui
1203 3567 1340 3640 portabat
1355 3564 1461 3637 ephod.

68 3663 102 3715 tu
120 3657 265 3714 laicaliter
280 3657 457 3730 interrogas.
476 3658 558 3722 Quod
573 3675 641 3714 vero
655 3659 806 3730 sequitur:
826 3659 906 3716 «Sed
996 3659 1089 3729 (Vera.
1105 3659 1163 3726 25.)
1189 3680 1203 3707 o
1221 3654 1273 3711 lvit
1300 3653 1393 3726 igitur
1418 3650 1488 3707 Saul
1516 3655 1545 3706 et
1573 3648 1645 3706 socii
1673 3650 1739 3722 ejus
1754 3648 1790 3705 ad

67 3753 99 3803 et
130 3746 196 3818 ipsa
228 3745 315 3801 bodie
345 3746 579 3802 sanctificabitur
602 3746 908 3819 invasis(l›):»ipsa
962 3747 1163 3822 quaerendum.
1186 3745 1221 3800 ut
1244 3741 1412 3798 nuntiatum
1433 3744 1477 3795 est
1503 3739 1599 3807 David,
1633 3737 1792 3809 statimque

65 3835 177 3906 utique
192 3835 325 3902 invasis,
352 3835 381 3890 id
408 3839 453 3891 est
479 3835 508 3891 in
536 3840 633 3892 mente
652 3836 908 3910 suasanotificarq
962 3835 1112 3894 descendit
1140 3835 1175 3890 ad
1205 3835 1328 3906 petrum,
1353 3832 1382 3886 et
1409 3828 1580 3885 versabatur
1612 3825 1641 3882 in
1675 3828 1790 3883 deserto

64 3925 200 3980 dicitur:
218 3923 553 3996 quienisineoessitate
574 3925 704 3997 corporis
727 3931 755 3982 et
778 3925 907 3998 periculo
963 3927 1058 3983 Maon.
1076 3948 1090 3975 »
1122 3920 1311 3979 Descendisse
1338 3917 1374 3975 ad
1404 3920 1516 3990 petram
1545 3915 1665 3982 dicitur,
1695 3914 1792 3974 idest

68 4013 140 4069 vitae
156 4017 292 4086 urgente,
311 4028 498 4085 nequequam
524 4020 689 4071 vesceretur
711 4015 906 4083 eis;nontu-
961 4015 997 4074 ad
1013 4012 1196 4071 tutissimum
1211 4009 1319 4076 locum,
1349 4007 1380 4061 in
1412 4022 1469 4078 quo
1494 4022 1528 4061 ea
1551 4021 1616 4077 quaa
1639 4003 1791 4062 sibioneri

59 4118 134 4158 man
152 4107 256 4173 aperta
276 4102 395 4159 eosdem
406 4100 514 4174 legitur
531 4103 618 4159 David
631 4120 720 4174 panes
732 4104 905 4160 comedisse.
961 4103 1103 4177 etgravia
1131 4105 1224 4166 erant,
1253 4095 1395 4170 reposuit.
1423 4095 1458 4149 ut
1487 4094 1550 4167 ipsa
1573 4094 1789 4151 versabaturin

55 4191 205 4246 Tradunt
218 4189 329 4246 Hebrai
349 4205 538 4262 nequaquem
553 4189 644 4247 David
667 4207 716 4247 eos
745 4181 908 4249 comedisse
961 4191 1187 4260 desertoltlaoo,
1205 4204 1261 4260 quo
1278 4184 1510 4258 sibisuilugium
1533 4183 1663 4256 patebat.

53 4295 180 4352 panes;
198 4280 250 4336 sad
266 4278 353 4336 alitor
368 4279 513 4350 tameo(c)
530 4278 696 4336 ¹Dominus
712 4279 906 4354 inllvangelio
997 4283 1076 4355 (Cap.
1093 4279 1173 4335 XXV.
1193 4309 1225 4318 -
1238 4277 1320 4332 Vers.
1337 4277 1376 4342 2.)
1401 4295 1415 4324 ε
1440 4273 1509 4328 Erat
1533 4277 1630 4328 autom
1649 4271 1693 4327 vir
1707 4271 1789 4343 quis·

53 4369 174 4437 (Malth-
192 4384 245 4436 811,
261 4367 298 4440 l).
962 4373 1039 4445 piam
1057 4371 1085 4426 in
1101 4367 1262 4425 solitudine
1284 4365 1381 4421 Maon.
1398 4384 1412 4414 v
1439 4363 1579 4418 Hebraeus
1602 4361 1658 4418 hoo
1681 4359 1710 4416 iu
1725 4361 1789 4417 loeo

96 4455 258 4528 (Vers'l.)
283 4455 351 4512 Erat
374 4461 472 4512 autem
498 4455 539 4512 ibi
564 4455 685 4528 quidum
706 4456 1016 4541 virdcservispnon
1034 4458 1179 4524 hebetia
1204 4455 1361 4512 solitudine.
1394 4453 1424 4510 ln
1453 4453 1538 4508 Maon
1567 4449 1645 4507 enim
1674 4449 1789 4507 civitate

52 4544 133 4602 Saul
152 4545 186 4600 in
203 4545 250 4600 die
265 4544 317 4602 illa
331 4545 411 4601 intus
422 4545 452 4600 in
468 4525 665 4614 tabernaculo,
678 4551 707 4602 et
721 4564 824 4604 nomen
838 4548 903 4619 ejus
958 4549 1121 4616 habitabat,
1138 4563 1196 4602 non
1212 4545 1241 4600 in
1257 4543 1426 4602 solitudine.

49 4634 163 4691 Doech
191 4635 244 4706 (At.
272 4635 341 4708 Dog)
366 4635 557 4690 idumeus.»
584 4637 615 4690 ln
640 4635 759 4692 Hebraeo
783 4635 903 4706 dicitur,
993 4635 1161 4707 (Vers2l.)
1192 4634 1295 4690 «Vera
1319 4633 1429 4688 trustra
1457 4629 1567 4687 servavi
1597 4627 1697 4685 omnia
1724 4643 1788 4700 qua

46 4745 65 4772 ιι
84 4721 257 4796 Obligatus
272 4722 301 4778 in
317 4728 474 4796 conspeetu
491 4722 615 4779 Domini.
633 4745 647 4772 »
659 4723 812 4798 Obligatus
825 4725 903 4782 idem
958 4727 1048 4799 hujus
1063 4728 1157 4792 erunt,
1184 4729 1212 4780 et
1241 4739 1298 4778 non
1328 4720 1415 4794 periit
1441 4717 1655 4793 quidquumde
1675 4717 1788 4773 cunctis

42 4811 159 4868 Doech
177 4811 328 4869 idumeus
343 4817 407 4869 erat
423 4817 500 4881 voto,
524 4828 583 4884 quo
606 4829 637 4869 ee
656 4813 835 4888 obligaverat
848 4814 903 4871 ali·
958 4833 1022 4890 qua
1038 4815 1074 4870 ad
1090 4829 1158 4870 eum
1175 4810 1370 4885 pertinebant,
1386 4813 1415 4866 et
1437 4807 1565 4866 reddidit
1586 4805 1658 4862 mihi
1674 4802 1786 4861 malum

87 4989 286 5074 {Dominum
309 4991 419 5074 'lesum
448 4996 478 5048 et
508 4991 695 5065 ilvangolium
720 4992 784 5078 ejus
813 5010 903 5066 oppo-
957 4999 1038 5051 stum
1054 4991 1224 5062 credidisse,
1241 4994 1274 5046 ut
1284 4989 1349 5062 jum
1365 4988 1435 5046 alibi
1461 5005 1478 5044 a
1500 4987 1585 5043 nobis
1600 4986 1786 5042 observatum

37 5063 117 5116 su1t
148 5062 316 5118 Tradrtvoui
347 5063 537 5120 Hebraeorum
565 5067 668 5120 auctor
692 5063 816 5136 hujusce
833 5081 901 5137 ope·
957 5069 1013 5123 ast.

35 5130 103 5202 ris,
124 5147 228 5202 quare
255 5133 339 5190 lacilo
363 5135 478 5191 creditu
504 5135 629 5202 videtur,
654 5135 753 5208 ipsum
775 5135 805 5191 in
820 5137 902 5192 Chri·

81 5273 130 5344 (a)
152 5275 278 5341 Rectius
294 5293 384 5348 panes
402 5277 567 5346 Rabanum,
579 5279 709 5350 quomodo
725 5279 770 5334 lic
782 5280 901 5352 proplvc·
957 5279 1091 5352 religioni
1118 5293 1223 5334 nomen
1248 5275 1365 5331 dedisse
1389 5273 1541 5329 Hebraeum
1567 5271 1663 5345 operis
1681 5274 1783 5327 aucto-

32 5349 141 5400 10856·
957 5367 1020 5406 rem
1035 5347 1233 5424 argumentari
1248 5346 1354 5403 iterum
1379 5343 1454 5416 licet,
1480 5343 1596 5417 penitus
1619 5359 1678 5399 non
1693 5357 1784 5416 agno·

80 5415 131 5497 (ὸ)Ι
156 5403 256 5472 Addit
282 5435 338 5474 ms.
355 5420 491 5477 ambros.
513 5421 591 5492 meis,
607 5421 685 5492 quod
710 5421 902 5494 subsequenti
958 5423 1024 5479 scit.

29 5485 332 5563 versiculojungit.
993 5494 1031 5565 (d)
1050 5493 1128 5550 idem
1144 5490 1229 5548 David
1240 5489 1389 5563 supponit,
1404 5487 1600 5562 prosucerdua.

78 5557 299 5630 (clibabanus
323 5562 402 5620 bunc
426 5561 534 5634 locum,
574 5580 609 5620 er
636 5580 694 5636 quo
730 5563 902 5623 Christiane
