4078 6162
712 287 825 358 tinne
846 287 899 355 nn
919 287 1024 357 vinis
1046 285 1318 359 insumemus.
1804 287 1864 359 ue

157 415 346 564 συνιγριθγγιιτοΙ
368 419 436 477 κατὰ
456 425 510 479 τῶν
538 417 620 480 ἐθνῶν
642 418 740 502 ιεθγγ,
766 424 833 500 θπερ
852 425 983 502 τυγχάνει
997 427 1025 494 Α
1039 443 1104 499 qua
1120 427 1277 484 adversum
1301 429 1413 500 gentes,
1438 433 1502 500 qne
1527 423 1615 503 vulgo
1636 425 1761 500 exstem,
1783 425 1864 490 rolu-

154 527 229 586 παρα
245 528 282 566 πυ
305 513 375 574 Λοῑς.
1039 515 1130 574 mina.

885 641 1002 698 CAPUT
1016 641 1123 698 LXXX.
1165 638 1173 653 ⁰

190 733 269 791 „0
300 733 472 810 Φιρμιανὸς,
503 735 586 791 όκαὶ
616 736 802 806 Λακτάντιος,
836 731 979 812 Ἀρνοὸίου
1069 740 1147 797 02⁰
1162 739 1330 797 Firmanus
1346 740 1365 807 ¹,
1381 739 1430 813 qui
1449 744 1477 797 et
1488 739 1798 814 Lactantius,ritn0bii
1814 741 1860 800 di·

155 821 303 893 μαθητὴς,
331 819 375 876 ἐπὶ
405 821 596 879 Διοκλετιανοθ
636 822 770 899 βασιλέως
803 822 979 900 persorensi<
1034 827 1861 904 scipulos,subDiocletianoprinoipaeooitnseuml'la·

157 909 225 982 μετὰ
248 903 369 965 eleetos
394 917 598 987 γραμματικοῦ,
624 913 729 976 οὔτινος
754 915 815 990 περὶ
840 915 977 990 ’ἰατρικῶν
1034 918 1079 974 vie
1093 917 1285 992 grammatico
1299 919 1320 990 ¹,
1347 919 1433 989 eujus
1458 919 1493 974 de
1522 919 1743 977 uedieinalibus
1772 935 1858 976 versu

156 996 209 1054 slas
230 995 263 1052 δι’
286 996 357 1054 ἐπῶν
383 1001 548 1079 συγγραφαὶ,
574 1001 599 1056 ἐν
625 999 796 1076 Νικομηδεθᾳ
819 1004 868 1073 τὴν
898 1003 978 1080 paro·
1033 1006 1204 1079 οοιιιγιοοίθὶ8
1219 1010 1334 1062 exstant
1349 1005 1427 1074 libri,
1443 1007 1617 1064 Nieomediae
1632 1007 1792 1065 rhetoriam
1808 1009 1860 1065 do·

154 1087 233 1162 ρικήν
248 1083 361 1161 ἐδίδαξε,
386 1089 432 1143 καὶ
456 1092 490 1163 τῇ
514 1089 593 1162 πενίᾳ
615 1094 670 1145 τῶν
695 1093 833 1164 μαθητῶν,
861 1090 978 1165 μάλιστα
1032 1095 1101 1164 enit,
1118 1099 1146 1151 et
1161 1094 1282 1168 penurie
1296 1095 1706 1168 discipulorum,obGreoam
1721 1095 1861 1154 videlieet

151 1171 196 1228 διὰ
227 1172 394 1246 Ἑλληνικὴν
429 1175 535 1248 πόλιν,
570 1179 608 1241 εἰς
647 1181 849 1256 συγγράμματα
884 1181 976 1236 ἑαυτὸν
1032 1184 1188 1250 civilatem,
1218 1182 1467 1240 adscribendum
1496 1199 1527 1238 se
1552 1183 1686 1241 eontulit.
1710 1184 1859 1242 Habemus

146 1265 276 1336 μεθῆκεν.
293 1267 413 1342 ’Έγομεν
437 1265 533 1322 reiron
564 1267 732 1342 Συμπόσιον,
764 1269 830 1346 ὅπερ
858 1271 918 1334 νέος
949 1271 975 1326 ἐν
1034 1269 1860 1346 eJusSymposium,qnodadolescentulusscripsitsodsr-

145 1352 181 1428 τῇ
225 1358 335 1432 Appias]
369 1357 515 1427 συνέπαξε,
548 1357 593 1412 καὶ
628 1355 814 1436 ’θόοιπορυιὸν
845 1361 897 1415 ἀπὸ
925 1369 976 1431 τῆς
1030 1360 1220 1437 πορικόνῦόθ
1233 1359 1329 1416 Africa
1355 1377 1450 1434 usque
1478 1361 1690 1430 Nicomediam,
1719 1361 1859 1419 hexame-

144 1447 282 1520 Ἀφρικῆς
309 1440 361 1507 ἕως
385 1443 581 1518 Νικνγιηδείας,
606 1443 640 1501 δι’
664 1448 816 1523 ἑξαμέτρων
843 1451 975 1522 συντεθὲν,
1031 1451 1085 1508 tris
1100 1449 1241 1522 seriptum
1256 1449 1399 1520 versibus,
1416 1453 1445 1507 ei
1456 1449 1546 1506 elium
1558 1449 1678 1518 librum,
1691 1449 1742 1523 qui
1753 1450 1856 1508 inseri·

142 1531 188 1586 καὶ
216 1528 308 1600 ἄλλην
340 1529 461 1607 βίόλον,
487 1533 548 1603 ἥτις
571 1533 747 1616 ἐπιγράφεται
771 1540 974 1614 inapparatu
1034 1540 1337 1604 biturGrnmmntious,
1363 1543 1392 1594 et
1412 1537 1643 1611 pulcherrimum
1667 1539 1703 1595 de
1726 1541 1771 1597 Ira
1794 1538 1857 1611 Dei,

141 1619 186 1674 καὶ
204 1620 308 1696 ὡραῖον
329 1623 391 1696 περὶ
407 1624 507 1698 Ὀργῆς
531 1629 608 1694 θεοῦ,
631 1627 676 1680 καὶ
703 1626 781 1682 θείων
807 1627 973 1704 Εἰσαγωγῶν
1032 1634 1060 1685 et
1078 1628 1300 1685 Institutionum
1316 1626 1482 1684 divinarum
1492 1626 1858 1700 adversumgentesiibres

139 1711 212 1764 κατὰ
236 1714 292 1764 τῶν
318 1709 401 1766 ἐθνῶν
435 1710 536 1787 λόγους
570 1713 646 1787 ἑπτὰ,
676 1716 721 1770 καὶ
749 1717 899 1790 Ἐπιτομήν
925 1722 973 1772 τοῦ
1029 1722 1152 1790 septem,
1173 1721 1202 1772 et
1217 1718 1368 1788 Ἐπιτομην
1387 1717 1520 1786 ejusdem
1536 1716 1632 1788 operis
1647 1716 1677 1772 in
1705 1715 1780 1773 libro
1803 1733 1857 1774 suo

141 1797 227 1855 αὐτοῦ
257 1797 466 1873 οπουόάσματος
504 1800 660 1880 ἀκέφαλον,
690 1805 735 1858 καὶ
761 1806 830 1882 πρὸς
857 1803 1166 1882 Ἀσκλη-Βιιθθρλιθὶο
1180 1807 1201 1878 ⁵,
1218 1811 1246 1861 et
1258 1806 1294 1862 ad
1310 1803 1511 1878 Asclepiadem
1526 1804 1617 1863 libros
1633 1806 1717 1877 dues,
1734 1806 1770 1862 de
1786 1810 1856 1862 Per·

140 1885 245 1958 πιάδην
270 1885 371 1964 λόγους
395 1886 454 1961 δόο,
480 1891 542 1966 περὶ
565 1897 694 1967 Διωγμοῡ
718 1891 801 1969 λόγον
825 1891 883 1966 ἕνα,
906 1896 975 1971 πρὸς
1030 1895 1203 1952 secutione⁶
1219 1893 1327 1950 librum
1343 1911 1447 1961 unum,
1463 1895 1499 1950 ad
1515 1893 1642 1951 Probum
1658 1893 1857 1968 Epistularum

141 1971 253 2051 Πρόόον
293 1975 462 2033 Ἐπιστολῶν
501 1976 603 2053 λόγους
639 1981 770 2058 τέσσαρας
795 2027 802 2053 ,
829 1984 898 2057 πρὸς
928 1985 975 2039 τὸν
1029 1983 1120 2041 libros
1145 1985 1279 2057 quatort,
1305 1983 1341 2038 ed
1365 1982 1740 2056 Severum⁸itipistoierum
1762 1982 1855 2040 libros

145 2063 230 2120 αὐτὸν
255 2065 315 2137 περὶ
351 2067 540 2143 Δημιουργίας
576 2073 643 2123 Θεοῦ
681 2067 764 2145 λόγον
790 2068 859 2129 ἕνα.
890 2073 974 2135 Οὗτος
1029 2075 1115 2142 duos,
1131 2073 1167 2130 ed
1183 2071 1411 2141 Demetrienum,
1428 2072 1592 2129 auditorem
1616 2088 1717 2140 suum,
1742 2071 1857 2144 Episto-

146 2151 174 2209 ἐν
208 2157 248 2225 τῷ
276 2152 381 2231 ἐσχάτῳ
406 2159 481 2232 γήρᾳ
508 2153 672 2220 διδάσκαλος
700 2160 814 2232 aerinas,
843 2161 976 2234 Καίσαρος
1029 2163 1124 2219 larum
1139 2161 1231 2218 libres
1246 2162 1330 2228 duos,
1343 2162 1379 2218 ad
1393 2161 1530 2217 eumdem
1545 2161 1581 2216 de
1600 2160 1720 2234 Opilieio
1735 2159 1787 2216 Dei
1811 2157 1857 2215 vei

145 2241 280 2317 Κρίσπου,
308 2248 357 2298 τοῦ
387 2245 447 2298 υἱοῦ
477 2246 680 2302 Κοινοταντίνου
710 2248 736 2304 ἐν
765 2247 916 2324 Γαλλόαις,
946 2251 976 2313 ’ὸς
1030 2251 1215 2308 Formatione
1236 2247 1363 2306 hominis
1386 2248 1495 2305 librum
1521 2265 1624 2304 unum.
1653 2249 1702 2304 ilie
1726 2249 1857 2304 extreme

142 2331 258 2408 ternpus
274 2333 410 2406 anniani
425 2334 527 2410 πατρὸς
544 2335 668 2411 ἀνῃρέθη.
1031 2343 1179 2398 senectute
1196 2337 1336 2411 magister
1358 2336 1477 2394 cesaris
1501 2336 1606 2410 Crispi,
1631 2335 1683 2392 filii
1711 2336 1854 2394 Constan-

1031 2429 1095 2498 tini,
1107 2428 1137 2486 iu
1152 2427 1247 2486 Gallia
1269 2425 1333 2494 tuit,
1359 2425 1410 2500 qui
1432 2429 1533 2500 postea
1548 2428 1661 2498 epatre
1684 2424 1855 2482 interiectus

1031 2521 1086 2574 est.

862 2642 997 2700 'CAPUT
1017 2641 1140 2700 LXXXI.

177 2723 315 2794 Εὖοὲὅιος
348 2733 508 2810 Καισαρείας
540 2734 726 2808 Παλαιστίνης
755 2735 919 2812 ἐπίσκοπος,
949 2736 975 2794 ἐν
1068 2739 1220 2812 Eusebius,
1237 2740 1357 2798 Caeserae
1372 2736 1701 2810 Psiaestinaeesiseopue
1724 2736 1754 2793 in
1778 2737 1860 2794 Seri·

140 2827 206 2885 ταῖς
237 2819 323 2884 θείαις
350 2827 469 2900 Γραφαῐς
496 2822 652 2896 σπουδαῖος,
681 2828 726 2883 καὶ
753 2834 804 2898 τῆς
832 2829 905 2890 θείας
934 2835 976 2883 θι-
1032 2827 1238 2902 pturisdivinis
1249 2826 1496 2899 studiosissimus,
1508 2824 1857 2895 eteibiiotheeadivins‚

141 2905 303 2982 όλιοθήκης
333 2911 390 2985 ἅμα
418 2911 557 2992 Παμφίλῳ
583 2919 622 2987 τῷ
652 2916 768 2990 μάρτυρι
797 2914 974 2986 iniustissu-
1031 2934 1098 2975 cum
1110 2916 1263 2990 Pamphilo
1277 2922 1415 2990 martyre,
1440 2914 1685 2990 diligentissimus
1714 2915 1858 2988 pervesti-

162 281 220 350 tit

142 3061 244 3120 brevit
268 3063 410 3144 adversus
434 3033 587 3137 pristinam
612 3067 782 3150 religionem
803 3068 975 3126 loculentis-
991 3073 1012 3144 c
1031 3069 1131 3126 nensis
1155 3068 1311 3140 antiquiss.
1342 3084 1398 3151 ms.
1423 3065 1577 3150 babemus.
1597 3065 1729 3150 pluries..
1755 3069 1856 3124 noster

144 3137 242 3193 simos
257 3133 361 3201 libros,
375 3139 404 3191 et
416 3137 532 3192 tandem
544 3137 976 3210 velutqurbusdamobsidibus
1034 3139 1164 3197 marchio
1181 3139 1279 3213 Scipio
1303 3139 1436 3195 Mulieres
1458 3155 1555 3211 priora
1578 3154 1642 3222 epus
1667 3140 1762 3209 capita
1786 3155 1854 3195 oum

143 3205 269 3334 pietatis
279 3205 565 3289 t'oedus'impetravit.
576 3231 593 3291 .''
607 3211 643 3266 itt
656 3211 684 3266 in
695 3213 784 3294 epist.
800 3213 836 3268 58
849 3213 884 3268 nd
906 3214 979 3269 Pnu-
1034 3212 1313 3296 nondum-inlunem
1324 3209 1492 3282 prodiisset,
1506 3209 1671 3282 desumpsit.
1689 3208 1732 3266 Ad
1754 3209 1854 3266 Asele-

161 3293 227 3334 nu:
245 3300 260 3327 ιι
274 3277 423 3334 Arnobrus
449 3279 600 3352 inaequalis
623 3288 651 3337 et
672 3300 793 3350 nimius,
818 3288 847 3340 et
869 3284 979 3356 absque
1034 3283 1224 3357 prademlrbrr
1238 3298 1357 3355 periere.

148 3351 650 3492 opigiririiainariiiiiin&nigidii
688 3425 837 3492 Firminus,
866 3426 917 3482 ssd
951 3429 980 3482 et
1033 3355 1084 3482 iilis
1097 3353 1187 3498 litigiis
1195 3351 1856 3495 elipessprrppeuptpppspcippprmmppprsdppppusge‹pppr

149 3491 400 3548 nominatissimi
416 3492 564 3549 scribitur.
1034 3513 1101 3552 mus
1116 3495 1208 3577 edidit
1223 3495 1368 3566 Baiuzius,
1384 3511 1442 3577 nen
1458 3495 1569 3577 dubito.
1761 3561 1766 3573 ¹
1784 3563 1789 3573 Ι

187 3563 381 3631 ¹veronens,
405 3564 497 3628 Fabio,
515 3567 600 3636 cujus
624 3564 771 3622 varietatis
792 3584 849 3622 non
875 3583 978 3639 parurn
1068 3566 1183 3621 τθιιθιο.
1207 3571 1235 3621 et
1258 3565 1288 3623 S.
1317 3567 1418 3622 Cruors
1437 3581 1508 3620 mss.
1532 3565 1616 3620 libros
1639 3563 1716 3645 daps,
1741 3565 1853 3618 vitiose.

155 3631 291 3714 interest,
305 3633 328 3687 si
341 3632 409 3690 bine
424 3635 487 3690 erui
512 3637 605 3708 pessit
628 3636 695 3706 nnis
718 3637 772 3693 iste
798 3636 903 3694 Fabius
928 3643 979 3694 aut
1032 3637 1163 3693 Tertium
1177 3636 1240 3709 ipse
1256 3637 1331 3692 Hier.
1350 3636 1462 3717 Preiat.
1478 3635 1529 3717 lib:
1548 3651 1568 3689 11
1581 3633 1611 3689 in
1627 3635 1718 3715 Epist.
1735 3633 1777 3714 ad·
1799 3633 1855 3689 Ge-

155 3701 277 3758 Flsrrus
291 3703 383 3775 inerit,
408 3707 443 3762 de
465 3723 523 3778 quo
549 3712 699 3779 tantopere
723 3709 901 3781 disputatur.
922 3708 979 3764 Alii
1033 3709 1084 3775 lat,
1107 3707 1252 3764 laudatzn
1271 3708 1412 3762 Laetantir
1439 3711 1540 3773 nostri,
1566 3721 1629 3787 qua
1655 3720 1685 3759 m
1712 3707 1798 3785 tertio
1821 3704 1857 3760 sd

151 3791 223 3830 eum
242 3773 651 3860 FlavioCnproconiundunt,
674 3777 807 3835 altinum
836 3780 978 3836 Rbemnio
1034 3780 1159 3836 Probum
1174 3776 1322 3834 volumine
1338 3779 1373 3834 de
1388 3777 1442 3832 bno
1457 3780 1543 3850 gente
1558 3774 1858 3848 opinatussrt,verba
1945 3832 1951 3854 1

147 3845 275 3902 Fannio.
285 3851 325 3903 lix
337 3853 434 3903 redire
447 3855 546 3905 nostro
563 3849 704 3920 suspicari
722 3867 800 3905 nune
819 3850 897 3918 lieet,
926 3852 978 3907 Fu·
1032 3867 1185 3924 ponemus.
1202 3872 1215 3900 ν
1231 3855 1286 3906 eto.
1633 3917 1638 3928 Ι

145 3917 371 3974 biumFtnnium
386 3919 552 3978 Clementem
572 3920 729 3988 medicum,
752 3938 838 3994 quem
868 3939 978 3979 memo·
1067 3919 1336 3978 ⁸Dehoeinlrsea
1360 3917 1519 3975 .iil:sed
1534 3921 1594 3974 tam
1610 3917 1640 3973 br
1655 3917 1855 3974 adseverem.

144 3993 195 4044 rat
215 3989 331 4045 Plinius
346 3990 531 4058 Valerianus,
548 3992 599 4047 lib.
615 3994 658 4047 rei
671 3993 779 4050 irenica
795 4011 837 4058 ιιι,
854 4010 915 4066 esp.
934 3995 977 4062 ll,
1033 4009 1120 4066 quam
1137 3992 1303 4065 superiores
1318 3936 1356 4047 πό
1369 3989 1508 4072 Probum,
1524 3987 1613 4060 etqui
1628 3993 1796 4071 sequuntur
1818 3988 1866 4066 ad¹

143 4059 229 4116 hunc
244 4059 346 4132 ipsum
356 4077 431 4132 esse,
448 4080 534 4136 quem
551 4063 744 4136 Hieronymus
755 4065 898 4120 nominat.
909 4065 977 4137 lijus
1034 4065 1252 4120 Demetrianum
1268 4061 1334 4118 libri
1350 4061 1477 4133 amplius
1493 4077 1551 4116 non
1566 4064 1690 4125 exstant,
1706 4064 1735 4116 et
1756 4075 1786 4114 m
1810 4075 1857 4132 eo,

143 4137 233 4203 aetas,
251 4134 369 4189 tametsi
391 4137 478 4204 panio
506 4135 667 4216 obscurior,
696 4135 851 4192 dissentire
879 4141 977 4192 tamen
1033 4152 1091 4207 quo
1107 4135 1222 4192 uranus
1237 4135 1381 4205 interpres
1397 4138 1527 4214 ususuest
1547 4130 1715 4202 exemplari,
1739 4132 1856 4212 prater·

143 4201 504 4276 nonvidetur,siquidem
531 4204 615 4261 illum
644 4205 694 4261 lib.
721 4223 741 4261 ιι
765 4206 866 4263 Contra
888 4209 974 4264 terrio.
1055 4223 1122 4263 unm
1151 4206 1187 4263 nd
1216 4205 1355 4269 Probum,
1379 4219 1436 4259 non
1458 4203 1595 4284 videntur
1618 4203 1758 4259 adnotati.
1784 4200 1854 4284 Cod.

143 4291 234 4330 num.
251 4276 281 4342 6,
298 4276 533 4359 sanetusdootor
548 4276 697 4358 postponit
713 4276 848 4359 Marcello
873 4278 977 4335 Sidete
1032 4225 1278 4361 guelpherbytan,
1295 4275 1366 4360 legit
1379 4275 1414 4330 ad
1432 4272 1687 4400 γθιιγιοθιιιιιιι,γῧοιοόι
1710 4271 1859 4398 θὲιιὸιέγιιγ·

142 4348 830 4502 russis.iustitium?tustini.
843 4355 976 4478 iiiiii
993 4367 1099 4506 ,itt
1110 4346 1857 4541 titillatussilentiariis..‚,pa

145 4490 292 4616 vepprdbepp
306 4489 579 4632 (λόὲλόόιοόλιόῗόυιυι
602 4559 786 4616 demeritorie
812 4562 878 4618 libri
901 4579 980 4618 versu
1033 4487 1859 4642 irioiiiiiiileariiiriSiririiiiiriiniiumliesiipiiriiaaiileir,siepiti

141 4645 209 4686 cem
229 4633 306 4699 ositi,
322 4637 376 4687 ete.
1035 4634 1140 4689 Filium
1156 4633 1312 4690 nominari.
1326 4655 1340 4682 ιι
1358 4634 1420 4697 Quo
1433 4631 1551 4713 quictem
1567 4647 1598 4686 m
1615 4629 1688 4712 loeo,
1705 4647 1729 4685 si
1745 4644 1791 4684 eur
1807 4644 1860 4708 nn-

185 4701 198 4735 ⁸
249 4717 284 4774 ge
299 4719 366 4759 eum
388 4703 496 4760 nostris
512 4719 583 4759 mss.
600 4704 701 4774 Africa
724 4699 923 4778 ’οθοιπορικόν,
949 4705 981 4760 ite
1035 4723 1100 4761 rum
1114 4706 1162 4773 sit,
1179 4710 1312 4762 octavum
1324 4703 1360 4760 ad
1376 4703 1595 4760 Demetrranum
1612 4701 1721 4757 librum
1732 4697 1858 4780 laudari,

147 4772 265 4896 aprina,
280 4778 347 4842 eto„
364 4775 615 4845 quemadmodum
632 4791 666 4828 ex
680 4775 980 4832 vetustisaliisexem·
1035 4793 1101 4832 cunr
1114 4775 1162 4831 hie
1181 4793 1237 4832 non
1254 4775 1311 4831 nisi
1328 4775 1386 4856 duo
1402 4777 1616 4856 recenseantur.
1632 4773 1715 4843 putet
1730 4767 1779 4824 ille
1790 4766 1858 4850 'eol-

144 4859 169 4916 p
186 4843 289 4900 aribus
303 4849 332 4902 et
347 4846 445 4902 Graue
461 4846 617 4916 interprete
631 4845 778 4901 Victorius
793 4853 879 4904 antea
899 4865 980 4918 repo·
1036 4847 1188 4903 lectionem
1205 4847 1337 4903 omnium
1349 4845 1486 4901 Firmianr
1498 4842 1694 4916 Epistularum
1705 4838 1861 4895 netolibrrs

143 4913 225 4972 suit.
241 4915 328 4971 Addit
342 4916 748 5000 Guelpherbytan.Scripsitiu
758 4917 857 4972 scirotir
868 4921 979 4990 Africae,

143 4991 182 5042 nt
200 4989 231 5042 et
246 4987 364 5044 Miroeus
374 4989 453 5060 legit,
467 4987 704 5044 Alterutraleetio
716 4987 845 5060 genuina
855 4995 899 5045 est
911 5007 916 5044 :
930 4991 980 5044 seri

142 5073 220 5113 eum
237 5057 285 5114 bis
300 5061 402 5130 Africa
416 5075 523 5115 nomen
540 5062 727 5131 repeteretur,
752 5063 878 5115 alterum
904 5061 981 5116 inniti

143 5129 240 5202 lapsu
256 5128 395 5187 librarius
407 5131 516 5200 omisit,
527 5130 613 5201 ·quod
640 5131 838 5201 reponendum
864 5137 981 5187 conten-

141 5200 332 5256 ditNonrins
344 5217 461 5274 quoquo
473 5217 507 5257 ex
518 5201 657 5272 antiquis.
669 5203 734 5256 eod.
751 5201 980 5275 Meroringinois,

143 5275 181 5326 nt
198 5272 208 5327 i
233 5287 265 5326 se
281 5277 375 5338 voest,
390 5272 496 5328 titteris
511 5278 637 5339 exarato,
654 5288 739 5354 quem
753 5276 983 5346 sangermanen-

142 5341 191 5399 sis
209 5287 391 5401 Bibliotheca
411 5349 516 5400 servat.
540 5343 627 5398 Porro
650 5342 724 5398 liber
747 5343 810 5410 iste,
841 5346 982 5417 quemad·

143 5413 277 5540 modrpm
289 5419 319 5470 et
333 5415 508 5488 symposium
523 5421 550 5471 et
566 5413 780 5481 Grnrnmaiieus,
793 5417 907 5489 jamdiu
938 5416 982 5472 in·

145 5485 227 5541 terri
251 5501 308 5541 ere.

186 5557 368 5630 ‘Epitonem
382 5558 455 5612 banr
467 5559 529 5630 jam
557 5555 726 5684 Hieronpmi
754 5565 835 5614 estate
864 5559 983 5631 snepha·

143 5624 228 5695 lam,
244 5629 329 5686 modo
350 5629 492 5702 integram
507 5650 540 5694 ax
555 5627 664 5691 Bibliot
688 5643 744 5685 eea
765 5629 860 5703 Regia
876 5628 983 5686 Tauri·

1035 4917 1233 4984 distributam,
1255 4933 1381 4991 quorum
1411 4915 1551 4988 postremi
1580 4914 1638 4968 duo
1675 4908 1860 4966 Demetrinno

1037 4989 1276 5045 inscriberentur.
1307 4991 1387 5044 tna
1420 5002 1504 5050 sorra
1528 4982 1638 5057 ingenii
1670 4985 1768 5038 essent
1795 4981 1860 5052 ejus
1949 5045 1960 5060 ‘

1036 5061 1175 5132 epistola,
1193 5064 1274 5117 notat
1288 5059 1433 5115 Damasus
1447 5074 1493 5129 ep.
1514 5055 1590 5111 inter
1618 5053 1859 5137 Hieronymianas

1036 5135 1082 5195 35,
1098 5149 1127 5188 n.
1143 5135 1176 5186 2:
1195 5155 1209 5182 a
1224 5133 1325 5188 Fateor
1337 5130 1446 5203 quippe
1460 5127 1525 5195 tibi,
1545 5142 1595 5183 eos
1614 5141 1689 5198 quos
1704 5123 1777 5180 mihi
1796 5139 1860 5194 jem

1058 5203 1149 5259 ridem
1162 5202 1303 5260 Laetantii
1319 5202 1441 5258 dederas
1456 5199 1556 5266 libros,
1573 5197 1638 5253 ideo
1654 5212 1712 5252 nen
1737 5194 1864 5252 libenter

1038 5221 1111 5346 iugo,
1126 5275 1195 5346 quia
1211 5277 1239 5330 et
1257 5273 1390 5345 plurime
1406 5269 1535 5342 epistole
1550 5270 1615 5340 ejus
1631 5283 1725 5340 usque
1741 5266 1777 5323 ad
1794 5264 1864 5322 mil-

1039 5347 1064 5402 le
1077 5346 1317 5417 spatiarersuum
1332 5344 1504 5406 tenduntur,
1519 5345 1622 5396 etraro
1637 5340 1672 5396 de
1682 5343 1782 5395 nostro
1793 5338 1862 5409 dog-

1040 5422 1115 5472 mnto
1130 5417 1292 5488 disputant,
1309 5433 1367 5487 (luo
1384 5415 1416 5469 m
1432 5421 1464 5469 nt
1479 5417 1509 5468 et
1524 5411 1630 5492 legenti
1645 5411 1794 5467 fastidium
1809 5425 1865 5490 ges

1040 5493 1119 5541 neret
1134 5487 1296 5560 longitudo,
1312 5493 1340 5542 et
1356 5487 1379 5542 si
1395 5502 1454 5557 que
1470 5483 1566 5538 brevia
1582 5489 1660 5546 siret,
1676 5479 1862 5536 scholasticis

1039 5557 1287 5688 mprgistsirptlaptn
1293 5575 1387 5690 priapi
1401 5556 1544 5686 nopgptpae
1555 5553 1656 5611 metris
1668 5559 1695 5608 et
1708 5552 1862 5624 regionum

1040 5645 1131 5687 sine
1157 5646 1176 5704 p
1199 5646 1292 5704 resep
1316 5649 1342 5691 rs
1376 5645 1443 5703 tspu
1539 5647 1569 5682 .ν
