4096 6164
174 271 238 354 aas
741 268 1335 369 omnipotentissimus-
1821 257 1894 378 aaa

174 406 275 480 iguem
291 403 370 462 Μ
385 401 416 462 ἰιι
429 401 525 462 calore
553 403 687 480 intelligi.
711 406 785 463 Cum
813 421 883 479 crgo
904 405 1003 462 anima
1016 408 1044 476 Α
1058 405 1150 472 dulia,
1165 407 1209 463 vei
1223 409 1406 481 venula,quae
1418 427 1485 466 cum
1501 409 1531 467 in
1546 415 1720 472 terminarit
1730 416 1882 486 dissoluta,

173 495 321 580 caducum
336 481 393 560 boe
404 483 608 566 ‘frigidumque
636 485 841 567 corpusculum
869 493 919 550 Dei
936 495 1003 566 jus·
1057 493 1147 551 trahit
1160 496 1196 551 ad
1211 513 1244 552 se
1256 495 1367 554 vicinas
1383 499 1532 568 materias,
1547 505 1576 556 et
1590 503 1625 568 ia¹
1637 493 1787 576 stipulam,
1801 505 1881 577 iulia,

172 581 577 665 sionctdimiseritpaulatim
592 581 692 640 omnia
706 583 798 640 redire
813 582 850 639 ad
867 582 1003 639 matrices
1057 582 1222 656 aristasque
1244 584 1419 654 consurgit:
1436 585 1575 661 aliudque
1603 593 1741 662 moritur,
1758 598 1787 650 et
1801 592 1882 652 eliud

172 663 247 752 ,suas
257 670 441 754 substantias
457 687 463 725 :
481 687 584 728 carnes
598 671 628 727 in
644 676 753 728 terram
765 667 866 740 relabi,
876 670 1004 727 halitum
1057 671 1192 744 resurgit.
1206 671 1306 747 Neque
1321 675 1398 731 enim
1415 676 1445 732 in
1461 693 1552 750 grano
1565 676 1662 746 tritici,
1678 679 1801 753 radices,
1820 683 1883 740 cui·

171 751 291 825 injssra
304 749 434 829 misceri,
450 759 604 832 humorem
624 757 728 818 reverti
754 759 791 818 ad
806 760 939 833 abyssos,
954 776 1003 815 ca·
1057 776 1135 831 naus,
1152 759 1230 830 ioiia,
1247 762 1354 831 aristas,
1371 762 1459 837 paieae
1473 769 1543 822 sunt
1557 765 1729 832 dissolute:
1746 770 1788 825 sic
1803 775 1832 827 et
1851 771 1883 828 in

174 838 273 906 iorem
288 847 321 904 ad
332 839 445 904 ¹etl'asra
459 847 624 905 subvolare.
642 842 680 918 tt,
706 850 852 921 quomodo
868 846 892 905 si
909 851 1002 905 sexta-
1058 847 1169 906 ratione
1189 849 1387 909 hnmanorum
1416 871 1572 928 corporum
1601 860 1721 913 manent
1750 859 1882 930 quedam

176 925 262 1022 rium
275 935 354 1004 iactis
368 941 398 992 et
411 936 471 992 vini
488 935 588 1014 mittas
602 938 633 993 in
644 936 776 1011 pelagus,
792 935 922 1011 velisque
938 953 1003 992 rur·
1057 937 1198 1010 surgendi
1213 939 1336 1012 antiqua
1351 941 1505 1015 principia,
1529 947 1558 998 et
1586 943 1671 1015 quasi
1697 938 1841 1020 ἐντεριώνη
1869 935 1883 983 ⁴

178 1014 247 1082 suari
261 1015 396 1098 separare
410 1025 488 1098 quod
506 1026 626 1083 mistum
643 1027 824 1083 est:vinum
841 1023 960 1098 quidem
975 1027 1004 1081 et
1058 1025 1111 1098 (Αἱ.
1128 1023 1271 1102 telepte).
1288 1029 1388 1096 idest,
1419 1030 1613 1088 seminarium
1644 1035 1722 1092 m
1752 1039 1882 1092 monuo·

173 1103 315 1200 lacqucd
339 1114 464 1182 miseras
493 1131 551 1171 uon
582 1115 676 1188 perire
696 1115 750 1188 (iil.
780 1115 914 1188 periers),
944 1131 1002 1170 non
1058 1115 1218 1180 rum,siuu
1242 1121 1324 1173 terre
1352 1120 1529 1176 confovetur.
1558 1124 1631 1176 Cum
1659 1126 1756 1178 autem
1775 1123 1882 1196 judicii

170 1202 272 1270 tamea
279 1193 454 1276 possequud
469 1198 568 1260 iusum
578 1207 624 1261 est
637 1205 768 1277 separari
785 1223 792 1260 :
810 1203 851 1260 sic
863 1203 1003 1260 substan·
1057 1202 1119 1258 dies
1134 1204 1293 1273 advenerit,
1309 1212 1337 1263 ct
1351 1207 1381 1263 in
1397 1224 1467 1264 voce
1482 1208 1661 1282 archangeli,
1690 1215 1719 1266 et
1739 1212 1770 1267 is
1786 1211 1883 1269 novis-

168 1279 244 1362 tia'm
260 1291 360 1348 carnis
374 1295 403 1348 et
418 1291 572 1365 sanguinis
587 1309 645 1350 non
661 1290 754 1365 perire
769 1293 888 1366 quidem
902 1292 932 1347 in
948 1291 1003 1349 ori-
1057 1289 1134 1348 sima
1157 1293 1229 1350 tuba
1243 1295 1384 1352 remuerit
1398 1299 1486 1366 terra,
1502 1299 1698 1354 movebuntur
1724 1301 1825 1357 statim
1838 1317 1885 1359 se-

167 1378 325 1454 'ginalibus
340 1369 484 1457 materiis,
502 1373 560 1437 non
574 1386 674 1438 tamen
688 1379 719 1436 in
735 1381 888 1456 antiquam
908 1381 1003 1437 redire
1057 1379 1149 1448 mina,
1165 1381 1233 1437 etin
1249 1386 1359 1456 puncto
1387 1383 1465 1441 horae
1494 1389 1627 1442 mortuos
1640 1375 1882 1460 germinabunt:

168 1455 395 1556 compaginem,
413 1485 465 1524 nec
481 1461 569 1541 posse¹
581 1485 615 1525 ex
643 1472 704 1527 toto
729 1470 831 1526 eadem
861 1485 925 1526 esse
938 1486 1002 1542 que
1056 1483 1114 1523 nou
1130 1472 1228 1525 umen
1244 1471 1362 1528 easdem
1379 1489 1492 1542 carnes,
1509 1489 1562 1530 nec
1577 1473 1607 1530 in
1620 1475 1666 1530 his
1682 1457 1785 1532 tarmis
1800 1477 1884 1534 resti·

170 1555 296 1614 tuerint.
313 1582 324 1608 ι
343 1559 415 1614 Cum
431 1562 529 1613 autem
546 1558 602 1614 ista
631 1557 775 1628 dicantur,
792 1557 925 1615 soliditas
939 1574 1002 1614 car·
1056 1558 1149 1626 tuerit,
1166 1573 1230 1629 que
1245 1557 1374 1615 inerunt.
1391 1559 1647 1619 Visscireverum
1663 1565 1821 1636 essequod
1838 1565 1883 1624 ffi-

171 1634 269 1714 irium,
280 1635 444 1720 'sanguinis
464 1643 571 1718 liquor,
594 1647 757 1704 crassitudo
773 1662 938 1715 nervorum,
953 1663 1003 1703 ve·
1056 1643 1161 1714 cimus,
1178 1646 1246 1702 audi
1260 1647 1455 1720 Apostolum:
1475 1669 1489 1700 n
1505 1651 1561 1706 Sed
1577 1650 1647 1706 dicit
1661 1651 1768 1724 aliquis
1786 1670 1792 1708 :
1809 1653 1884 1716 Ono*
1941 1683 1944 1690 ·

170 1723 341 1806 natamque
356 1733 514 1808 perplexio,
527 1737 555 1790 et
569 1733 682 1812 ossium
694 1734 817 1792 durities
828 1736 999 1808 denegatur.
1056 1732 1142 1789 modo
1157 1723 1312 1808 resurgent
1335 1737 1443 1792 mortui
1458 1735 1542 1810 ‘ique
1567 1743 1665 1796 autern
1697 1755 1818 1814 corpore
1832 1757 1881 1798 vc-

204 1813 256 1904 26,
272 1813 423 1909 ‘Ofipenis
439 1815 583 1880 sententia.
600 1853 635 1865 -
650 1846 665 1874 n
679 1821 743 1880 Alia
769 1815 881 1881 ratione
904 1781 1033 1880 resur-B:
1055 1820 1158 1900 aienti
1173 1823 1410 1899 iusipiens,qu0d
1425 1829 1457 1881 tu
1471 1826 1672 1896 seminas‚n0n
1686 1845 1793 1902 corpus
1804 1830 1882 1902 qaod

169 1910 332 1968 rectionem
362 1927 520 1984 corporum
548 1911 733 1984 coniitemur,
762 1928 864 1968 aarum
888 1929 952 1984 qaae
969 1912 998 1968 in
1054 1912 1185 1967 laturum
1201 1916 1246 1968 est
1256 1914 1398 1980 seminas,
1416 1915 1467 1970 sed
1483 1915 1730 1989 nudumgrcnum
1745 1935 1752 1986 ;
1769 1910 1883 1990 utputa

168 1987 316 2072 'sepulcris
329 1991 426 2072 posita
440 2003 521 2070 sunt,
537 2000 708 2073 dilapsaque
723 1993 753 2057 ia
764 1998 876 2058 cineres
894 2017 900 2056 :
917 1999 999 2058 Pauli
1053 1999 1152 2066 tritici,
1170 1999 1407 2058 vitisetarboris
1436 2004 1462 2074 (l
1486 2004 1547 2060 Cer.
1578 2021 1624 2072 xv,
1654 2005 1698 2072 35.
1721 2006 1777 2078 37).
1805 2029 1819 2056 n
1848 2002 1884 2062 ea

171 2077 272 2172 Penii,
286 2093 314 2143 st
325 2087 399 2144 Petri
414 2087 504 2158 Petri,
521 2091 550 2145 st
560 2083 678 2162 singula
692 2087 887 2164 singulorum,
904 2106 1000 2164 neque
1054 2089 1173 2163 quiade
1189 2105 1279 2162 grano
1296 2089 1384 2146 tritici
1401 2107 1434 2147 ac
1450 2096 1580 2149 semente
1596 2093 1736 2151 arborum
1751 2111 1785 2151 ex
1801 2099 1883 2169 parte

176 2176 260 2260 enirn
275 2173 318 2232 ias
331 2181 372 2232 est
384 2168 418 2232 ut
430 2172 461 2233 in
480 2176 545 2233 aliis
560 2178 847 2251 cerporibnsanime
863 2193 999 2251 peccave·
1050 2176 1114 2250 jam
1129 2177 1269 2247 diximus,
1285 2195 1364 2235 aurrc
1380 2180 1415 2235 de
1439 2179 1523 2236 acino
1551 2181 1659 2239 vinacii
1687 2182 1882 2252 disseramus,

170 2263 247 2332 rint,
263 2261 370 2346 insilis
385 2256 602 2346 torqueantur:
629 2283 681 2323 nec
706 2265 781 2338 justi
806 2267 926 2338 judicis,
943 2267 1001 2324 alia
1054 2265 1184 2323 Grsnum
1200 2283 1322 2339 parvum
1347 2270 1402 2334 est,
1431 2267 1472 2322 ita
1486 2271 1520 2324 ut
1542 2269 1591 2324 via
1607 2261 1722 2327 duobus
1750 2271 1882 2345 digitulis

168 2355 362 2428 'corporapro
389 2350 504 2410 Christo
533 2355 707 2428 sanguinem
735 2355 867 2424 laudere,
887 2359 916 2412 et
943 2353 1000 2413 alia
1052 2355 1260 2428 teneripossit.
1292 2353 1346 2411 Ubi
1361 2359 1431 2412 sunt
1453 2355 1595 2413 radices?
1622 2359 1672 2414 ubi
1692 2358 1823 2415 radicum
1855 2365 1883 2416 et

166 2441 314 2500 coronari.
332 2463 348 2492 a
364 2429 435 2508 Quis
451 2442 512 2499 beo
527 2443 660 2512 audiens,
676 2445 920 2502 resurrectionem
936 2461 998 2501 car·
1052 2444 1186 2501 trunciet
1198 2443 1394 2516 propaginum
1407 2447 1539 2501 tortuose
1550 2445 1721 2518 perplexio?
1736 2443 1790 2502 Ubi
1813 2453 1882 2520 pain

166 2531 215 2588 'nis
229 2547 299 2587 enm
315 2547 422 2603 negare
437 2521 549 2603 putet‘i'
565 2551 576 2585 a
594 2535 638 2602 lit,
654 2531 896 2608 inquit,singuiis
910 2535 998 2590 semi·
1053 2532 1189 2606 pinorum
1200 2531 1756 2608 umbracula,etuvarumpulchritudo,
1781 2536 1882 2593 sutura

168 2609 261 2677 nibus
273 2620 350 2700 ratio
366 2620 500 2692 quedam
516 2614 602 2676 alico
630 2619 742 2680 artiiice
757 2622 855 2690 insita,
872 2639 935 2695 que
951 2623 999 2678 iu·
1050 2618 1118 2676 vina
1133 2621 1327 2694 parturiens?
1341 2621 1464 2678 Aridum
1475 2615 1607 2695 estquod
1622 2628 1791 2692 lanstanet
1805 2639 1881 2699 pens

158 2698 256 2766 'tures
272 2707 414 2764 materias
427 2709 458 2764 in
470 2697 605 2764 medullas
615 2709 769 2785 principiis
779 2715 868 2768 tenet.
886 2711 919 2767 iit
930 2727 1000 2783 quo·
1051 2709 1238 2766 vincernitur
1254 2727 1261 2765 :
1279 2710 1329 2766 sed
1346 2710 1376 2766 in
1392 2711 1469 2766 sicco
1484 2709 1533 2768 iilo
1549 2728 1650 2785 grano,
1666 2715 1798 2786 potentia
1817 2713 1881 2782 Dei,

165 2797 256 2854 mado
283 2801 369 2862 matu
393 2785 509 2854 'arboris
549 2797 732 2871 magnitudo,
757 2804 893 2869 truncus,
912 2799 997 2870 rami,
1052 2796 1334 2856 etoccaitsratione
1363 2799 1502 2856 sementis
1530 2801 1551 2869 ³,
1583 2801 1752 2874 spumantia
1781 2795 1882 2859 musta

165 2901 267 2962 poma,
282 2875 355 2942 iolla
370 2901 427 2942 nan
443 2882 618 2952 ridenturia
630 2886 752 2956 semine,
769 2893 839 2945 suut
852 2893 952 2945 temen
967 2887 997 2946 ia
1052 2886 1222 2943 tondentur.
1240 2885 1304 2942 iiaeo
1318 2886 1398 2960 ligno
1410 2887 1533 2958 tribues,
1544 2888 1657 2945 homini
1674 2907 1732 2946 nun
1747 2890 1879 2948 tribues:

165 2963 279 3031 ratione
309 2971 444 3042 seminis,
461 2989 550 3047 quam
565 2974 656 3031 Greci
682 2976 890 3052 ’σπερματικὸν
913 2973 996 3050 λόγον
1052 2973 1377 3048 quodperiturnmest,
1395 2975 1879 3050 sicorncturzquudmansurum

164 3065 271 3122 vocant
282 3077 290 3116 :
302 3051 371 3146 etin
383 3077 474 3135 grano
485 3059 625 3119 irumenti
635 3067 679 3120 esi
689 3063 866 3121 intrinsecus
878 3064 922 3122 vel
935 3081 996 3121 me·
1051 3068 1096 3120 est
1109 3064 1131 3130 ⁸,
1148 3061 1302 3136 pristinam
1317 3079 1376 3120 non
1392 3065 1512 3137 recipiet
1539 3064 1690 3124 vilitatem.
1707 3067 1742 3122 tit
1755 3067 1799 3122 vis
1815 3065 1880 3122 rur'·

166 3153 176 3250 J
202 3182 210 3214 ¹
226 3178 315 3253 Greci
328 3174 524 3252 σπερματικόν.
539 3176 647 3238 Vocem
658 3178 734 3236 hanc
749 3180 877 3238 [iescam
888 3179 919 3237 in
935 3197 992 3240 rua.
1009 3149 1032 3225 C
1050 3181 1088 3238 ies
1104 3180 1223 3236 rationes
1238 3181 1341 3236 animis
1352 3181 1515 3252 quibasdam
1526 3180 1798 3248 insitus,arbitratns
1813 3185 1878 3240 est:

165 3249 319 3322 codicibus
333 3245 417 3304 vaide
431 3248 699 3322 depravatampost
714 3251 839 3311 multum
855 3251 993 3310 sudarem
1050 3251 1158 3323 quade
1174 3267 1204 3305 re
1219 3249 1337 3306 consule
1353 3249 1389 3306 ci.
1407 3251 1543 3308 Huetium
1559 3253 1589 3308 in
1606 3251 1699 3308 Notis.
1715 3251 1789 3307 Vide
1804 3269 1878 3327 prse-

165 3321 210 3379 sic
225 3319 367 3376 minus
381 3317 539 3375 restituere
553 3327 686 3388 conatur,
702 3337 788 3394 quum
817 3322 903 3379 Greci
918 3341 994 3376 σπιν-
1049 3327 1128 3378 terea
1140 3320 1298 3393 Diogenem
1315 3322 1475 3391 laertium,
1495 3321 1546 3379 iib.
1563 3340 1613 3388 vn,
1630 3323 1717 3391 5136.
1735 3323 1879 3380 Memorat

165 3391 303 3466 οηρισμὸν
316 3393 424 3448 cocant
442 3390 599 3458 Marianus,
616 3390 770 3450 &aemam
786 3391 842 3450 huo
861 3394 924 3452 ioco
949 3411 995 3452 se·
1049 3394 1138 3450 etiam
1155 3393 1259 3448 &ntus
1275 3393 1440 3465 Empiricos
1455 3399 1556 3450 contra
1571 3395 1710 3467 Physicos
1725 3411 1746 3462 1,
1764 3394 1879 3470 Σπέρμα

165 3464 407 3532 cenassemus
435 3460 584 3526 Crescite
613 3463 995 3536 scriptumcsseineaern·
1050 3461 1175 3537 λογικοῦ,
1192 3466 1270 3536 qaod
1286 3466 1362 3520 iuter
1390 3465 1504 3522 semina
1531 3467 1629 3522 omnis
1659 3466 1785 3540 generis,
1816 3467 1879 3522 sive

166 3533 304 3608 plar'abus
317 3532 572 3616 manuscriptas
609 3549 625 3590 o
642 3535 791 3606 perierunt
805 3537 890 3593 uobis
919 3537 998 3594 codi-
1050 3533 1369 3659 li·poa<ansppe·.rnolr
1390 3536 1640 3609 quibusreiertus
1663 3541 1709 3594 est
1739 3537 1879 3608 mundus,

171 3602 588 3679 cesmannscriptiqurbusute
611 3605 994 3664 atoritiariaausliictorius:
1050 3607 1111 3663 sint
1126 3605 1214 3661 etiarn
1231 3607 1237 3660 i
1253 3605 1403 3679 inquibus
1418 3609 1505 3663 hamo
1521 3612 1686 3680 generatur,
1702 3625 1764 3680 que
1776 3624 1878 3663 rucan-

172 3673 250 3750 quia
262 3671 456 3731 hodie'nnssas
478 3675 588 3747 estqui
616 3675 739 3733 retineat
765 3675 866 3735 v'occm
882 3679 996 3762 minen·
1051 3682 1102 3734 tut·
1116 3672 1196 3748 λόγοι
1216 3677 1393 3750 arreppecoaol
1415 3673 1554 3751 λογικοὶῡ.

173 3742 287 3823 papea.
301 3748 343 3800 Ne
352 3745 450 3802 tuonm
478 3746 569 3819 igitur
583 3743 726 3803 iaciamus
745 3749 887 3808 studiosis
901 3750 997 3806 hcmr·
1086 3749 1198 3816 ²Qunsi
1213 3745 1368 3836 ereptione,
1399 3749 1431 3804 ln
1458 3748 1643 3806 restitutione
1670 3747 1760 3818 hujus
1789 3747 1878 3804 etiam

169 3818 274 3886 nibus,
286 3815 412 3888 primam
426 3833 485 3874 voa
494 3818 998 3892 crenaexprimendaestsvetustis
1051 3818 1130 3876 vocis
1146 3818 1246 3874 inieiix
1261 3821 1422 3888 larasmus;
1439 3821 1489 3876 sed
1506 3819 1650 3876 infelicior
1665 3819 1823 3882 Marianus.
1849 3818 1879 3878 ui

169 3887 401 3965 exemplaribus,
424 3886 475 3946 ubi
508 3888 647 3946 scribitur
679 3889 725 3948 uis
750 3889 857 3949 Grecis
881 3891 997 3960 litteris,
1053 3892 1243 3960 mutatqausi
1270 3889 1404 3964 ἀντὲριαν.
1434 3895 1466 3946 ut
1500 3891 1659 3956 subsidua,
1689 3890 1774 3964 quasi
1799 3835 1880 3944 dvit-

169 3967 258 4034 nua'm'
287 3959 374 4016 Groeci
402 3957 688 4014 cmiinonnpon
716 3965 823 4018 vocant.
867 3963 897 4018 ln
932 3963 998 4019 aliis
1053 3959 1242 4037 prov.Neutra
1255 3977 1324 4016 vera
1337 3965 1382 4016 est
1396 3961 1481 4017 lectio
1497 3961 1675 4035 Hieronymi,
1691 3965 1724 4017 ut
1749 3963 1784 4016 nb
1813 3961 1820 4016 i
1844 3978 1877 4016 so

171 4029 513 4098 recentioribustatintr
528 4029 681 4088 elementis
697 4033 840 4105 scriptum
854 4033 997 4106 legimus:
1054 4032 1143 4090 didici
1159 4031 1189 4086 in
1203 4032 1451 4102 consequentibus
1464 4051 1470 4101 ;
1485 4031 1609 4106 loquens
1633 4034 1711 4088 anim
1727 4033 1762 4088 de
1777 4049 1811 4088 eo
1832 4036 1882 4088 em'

171 4119 256 4178 qnam
284 4101 374 4157 Greci
399 4103 626 4170 ecrutirumason,
651 4103 693 4159 ael
715 4107 931 4161 snwtiromcson
954 4121 1000 4162 oo-
1054 4103 1212 4160 seminario
1229 4107 1422 4169 mortuoram,
1437 4108 1465 4160 et
1490 4104 1712 4161 resurrectionis
1727 4103 1878 4159 heretico·

168 4179 246 4238 mi·
261 4175 333 4239 Oti&
347 4187 573 4244 votespcarsns
601 4178 743 4246 corrupte
758 4177 926 4234 renuntiare
953 4180 999 4233 ut·
1054 4192 1120 4231 rum
1136 4174 1196 4230 hee
1211 4173 1299 4230 habet
1313 4173 1389 4230 inira
1405 4175 1434 4229 in
1448 4176 1505 4232 ista
1519 4175 1672 4258 Epistola:
1701 4197 1715 4224 ι(
1744 4175 1797 4238 Oai
1828 4189 1880 4246 po-

169 4243 450 4318 enaquevideaiur,
477 4241 522 4298 vel
553 4263 602 4298 σπε
623 4244 734 4316 ματικὸν
770 4251 822 4303 aut
851 4246 999 4322 cnsppari-
1054 4246 1176 4302 tentiam
1192 4245 1242 4300 Dei
1258 4244 1472 4302 calumniaris?
1493 4245 1547 4308 Qua
1570 4249 1668 4318 potest
1691 4244 1727 4300 de
1751 4243 1881 4301 medulla

172 4318 239 4386 ζων,
250 4312 295 4372 sei
309 4310 401 4371 ctiam
417 4263 620 4390 snrsppnerepiss
637 4316 719 4381 Quod
730 4319 850 4374 verbum
862 4318 999 4375 ultimum
1055 4315 1475 4373 iiiaetdeseminariovestra
1504 4314 1660 4392 ἐντεριώνῃ,
1689 4332 1746 4370 non
1776 4331 1880 4372 carnes

173 4387 336 4444 redeamus
350 4385 381 4442 in
396 4389 530 4441 contextu
544 4404 551 4456 ;
567 4401 634 4442 aum
651 4389 728 4460 apud
744 4388 858 4446 Grecos
879 4407 999 4464 σπερμα·
1055 4392 1181 4456 tan'um,
1199 4409 1213 4437 n
1228 4390 1284 4443 etc.
1301 4387 1351 4442 list
1366 4392 1464 4444 autem
1481 4385 1625 4463 ἐτερνιώνη
1638 4385 1778 4450 medulla,
1790 4403 1839 4442 cor
1854 4389 1884 4443 et

169 4458 413 4542 septemremis
426 4459 534 4522 enisio,
550 4457 683 4514 videatur
711 4459 789 4516 idem
817 4475 891 4530 esse,
940 4461 999 4516 aad
1056 4459 1171 4524 matrix,
1189 4458 1249 4514 sire
1263 4473 1332 4530 pars
1347 4458 1461 4515 interna
1475 4457 1882 4532 cujusquellcduiiaithue,

167 4531 383 4596 raiaesemieia.
397 4527 493 4586 Nolim
516 4531 614 4586 tamen
628 4528 658 4585 ia
680 4529 786 4610 ‘dubiis
814 4477 998 4590 contangere.
1015 4515 1038 4581 Ι)
1053 4535 1083 4588 st
1096 4530 1199 4588 metris
1214 4529 1281 4587 sinu
1297 4534 1379 4586 terrac
1408 4531 1624 4594 confovebatur,
1636 4530 1736 4612 quasi·
1751 4531 1881 4586 semina-

170 4603 373 4665 bimus.-
401 4599 434 4658 in
462 4615 519 4656 ms.
542 4605 570 4656 S.
603 4601 704 4658 Crucis
731 4620 779 4656 σπε
799 4601 888 4657 arinis
917 4598 999 4676 λόγον
1056 4603 1133 4658 rium
1162 4601 1197 4656 ad
1227 4605 1409 4659 mortuorum
1436 4602 1688 4674 resurrectionem,
1713 4617 1738 4657 si
1766 4601 1884 4674 Origcni

169 4665 292 4750 iegitur,
308 4686 416 4742 exque
432 4666 487 4753 levi
503 4671 664 4728 mutatione
687 4620 904 4732 ementiendum
920 4692 1001 4748 σπερ-
1057 4673 1252 4729 erederemus.
1267 4671 1412 4729 Meamne.

193 4743 286 4815 erede
315 4737 400 4814 λόγον
431 4739 572 4809 intellexi,
605 4741 683 4814 quod
708 4743 808 4800 statim
835 4746 1002 4802 ostendam.
1092 4741 1186 4799 ³Cod.
1203 4743 1313 4814 absque
1329 4752 1354 4798 et
1367 4745 1568 4810 vocula3tum
1583 4744 1748 4800 seminantis
1773 4757 1883 4814 prose·

226 4814 364 4871 adoneus
379 4811 563 4894 σπερματικὸν
594 4813 735 4885 expressit
762 4832 777 4872 e
804 4815 867 4873 suis
895 4815 1002 4874 codici·
1056 4817 1169 4881 meniis,
1185 4818 1214 4868 et
1229 4830 1280 4886 pro
1293 4813 1427 4885 fundetur
1436 4821 1522 4872 vetus
1532 4815 1602 4871 edit.
1617 4817 1774 4870 sinuantur.

174 4886 236 4948 bas
256 4899 344 4958 <psam
371 4881 537 4951 lectionem,
567 4885 686 4942 tametsi
710 4890 808 4958 aperte
836 4888 1003 4957 confictam,
1093 4885 1220 4943 *Totam
1249 4884 1357 4942 hancce
1378 4887 1530 4957 periodum
1545 4886 1678 4942 describo
1707 4900 1741 4939 ex
1767 4899 1823 4938 ms.
1853 4887 1881 4945 S.

174 4956 266 5032 longa
293 4954 423 5014 aratione
437 4953 542 5013 nititur
556 4955 780 5026 approburc,ubi
795 4960 823 5014 et
843 4959 1004 5014 Victoriam
1058 4956 1170 5024 Crucis,
1186 4955 1232 5011 cui
1247 4960 1373 5013 etvetus
1388 4957 1476 5013 editio
1506 4956 1639 5012 nonnihil
1651 4954 1788 5010 concinit.
1805 4955 1880 5024 iaie-

176 5027 230 5104 qni
257 5029 327 5101 post
350 5022 507 5084 iimsmum
536 5025 712 5101 σπινθρισμὸν
741 5026 862 5101 legerat,
902 5029 1005 5086 acerbe
1058 5027 1257 5153 griorsensus
1271 5027 1352 5083 visus
1365 5033 1420 5094 est,
1435 5027 1579 5100 suppletis
1592 5025 1689 5081 verbis
1710 5027 1885 5080 domininon

174 5099 249 5158 satis
262 5096 399 5170 castiget.
417 5096 618 5153 instaurandas
633 5101 732 5154 autem
747 5099 808 5155 voci
822 5099 888 5173 ipsa
903 5099 1007 5156 Latina
1463 5097 1468 5110 '

174 5171 264 5229 verba
277 5169 351 5230 ratio
365 5169 482 5224 uminis
496 5167 690 5236 suiiecisseni,
706 5186 775 5242 que
791 5185 848 5227 non
872 5171 956 5226 aliter
970 5187 1004 5226 ac
1059 5169 1159 5226 oculos
1174 5169 1366 5225 describentis
1382 5168 1465 5225 iaciic
1489 5169 1667 5241 eiiugerint:
1686 5167 1789 5224 deinde
1818 5183 1885 5222 con·

174 5237 378 5324 σπερματικὸν
396 5233 481 5312 λόγον
511 5237 602 5294 Greci
620 5239 784 5310 redderent,
813 5245 864 5297 aut
886 5242 1007 5298 reddere
1060 5240 1341 5306 cinniorsententia,
1358 5237 1590 5295 acveriorinter
1617 5237 1689 5310 ligni
1718 5243 1805 5310 atquc
1833 5238 1884 5295 ho-

173 5314 358 5389 pcturssant.
373 5308 515 5383 Origenes
528 5324 606 5377 vero,
616 5311 700 5382 cujus
714 5310 762 5367 hic
777 5328 883 5368 sensus
899 5329 1006 5386 cirpea·
1060 5312 1150 5368 minis
1162 5311 1404 5366 instaurationem
1420 5311 1609 5383 comparatio.
1627 5311 1770 5365 Hactenus
1787 5315 1884 5366 nutem

174 5381 270 5454 ditur,
297 5379 464 5454 sepissime
491 5378 692 5456 σπερματικούς
725 5377 826 5455 λόγους
852 5389 1006 5452 memorat,
1060 5383 1227 5439 obtinuerat
1242 5381 1386 5437 contrario
1402 5397 1489 5437 sensu
1505 5382 1535 5436 ia
1550 5381 1672 5454 reliquis
1691 5380 1774 5437 libris
1790 5381 1885 5435 omni·

1070 5101 1172 5165 ritucs,
1190 5113 1253 5168 qne
1269 5099 1304 5154 ub
1328 5100 1487 5170 saperions
1515 5098 1618 5153 tribues
1646 5093 1886 5162 similitudinem,¹

169 5456 273 5586 daus
287 5452 350 5510 iliis
363 5450 493 5510 disserit.
510 5449 680 5524 Exemplum
696 5467 780 5510 sume
795 5470 829 5510 ca
852 5453 935 5511 initia
964 5455 1006 5511 vi·
1061 5455 1118 5510 bus
1133 5471 1139 5509 :
1156 5477 1170 5504 «
1188 5454 1250 5508 iiaec
1261 5451 1341 5526 ligno
1357 5451 1475 5520 tribuis,
1490 5453 1568 5525 quad
1585 5452 1809 5534 periturumest
1825 5451 1886 5506 :sic

148 5547 192 5588 ,c
240 5522 417 5604 mitomiin
440 5522 596 5592 loannem,
619 5522 772 5582 ublatiam
805 5524 1006 5606 σπερματικούς
1061 5523 1886 5608 orneturquodmansurumnonestnecpristmamre·

175 5595 282 5678 ideone
310 5585 622 5670 τογκαταόαλλομένους
646 5591 715 5650 ectr
744 5597 857 5678 ψυχαῖς,
886 5599 1007 5660 semino-
1061 5595 1150 5674 cipiet
1161 5593 1417 5656 vilitatsmrctvie
1430 5611 1534 5656 rursus
1549 5612 1626 5667 ossa,
1641 5595 1886 5672 sangurnsmeic.

345 5725 482 5795 Psaros.
503 5725 618 5796 aaut.
1690 5721 1728 5792 tt
