4054 6168
215 290 296 364 eros
835 294 865 360 s.
889 293 1045 363 eosasu
1066 289 1301 362 aruuourur.
1805 292 1875 386 ¹uu

216 424 284 484 viui
300 443 361 496 eos,
381 429 432 502 qui
446 429 476 488 io
490 427 711 504 priorehomine
721 429 865 500 vixerunt,
877 437 982 486 etcum
997 447 1040 486 se-
1053 433 1082 499 Α
1095 446 1178 486 verso
1193 433 1357 486 senserunt.
1379 430 1446 487 Post
1459 429 1623 503 generalem
1638 427 1712 486 cuim
1737 429 1806 506 illam
1827 449 1880 490 aea·

216 516 314 574 cundo
329 517 448 576 homine
472 523 572 592 postea
599 520 705 577 versati
735 524 805 576 sunt
832 535 866 576 eo
894 519 1038 588 videlicet,
1093 518 1225 589 tentiam,
1238 519 1449 590 queomnibus
1463 522 1554 592 patet,
1570 519 1648 592 quod
1668 517 1762 576 melior
1783 524 1809 577 et
1826 519 1881 578 arlo-

199 667 200 672 ,
217 605 268 677 qui
283 621 336 678 pro
351 608 447 680 priore
462 609 614 666 decessore
629 613 786 682 generatus
801 612 863 664 est:
894 607 1039 664 intellexi·
1094 606 1274 664 lescentulus
1285 623 1397 680 pauper
1411 613 1440 664 st
1456 608 1584 680 sapiens,
1601 625 1689 681 quam
1705 624 1751 664 rex
1763 625 1838 665 senex
1860 615 1883 665 ct

216 710 275 766 qua
288 711 392 754 omnes
409 696 440 752 in
455 697 573 754 homine
588 698 684 770 priore
707 713 853 770 peccasse,
870 699 1039 767 antequam,
1094 695 1249 769 insipiens,
1267 701 1295 752 et
1317 696 1396 768 quod
1420 698 1588 769 frequenter
1610 697 1712 766 evenit,
1734 700 1765 753 ut
1785 697 1826 754 iile
1842 715 1884 770 per

217 785 346 842 secundo
361 789 509 854 nascente,
524 787 583 843 duo
593 786 727 843 homines
738 786 840 842 flerent
853 786 874 840 ¹.
888 785 961 851 Ouia
973 799 1041 840 vero
1095 785 1269 856 sapientiam
1285 801 1368 841 suam
1385 785 1473 841 ctiam
1489 785 1645 842 deseruere
1661 785 1733 859 reg's
1746 785 1884 858 egrediens,

218 873 254 930 ad
270 873 391 930 meliora
405 875 547 941 conversi,
577 879 605 930 et
632 879 700 948 post
711 874 735 929 Y
748 872 875 930 litteram
889 871 1040 945 ¹philoso·
1094 873 1218 945 imperet
1233 890 1285 945 pro
1299 873 1481 929 dominatore
1500 889 1645 946 perverso,
1670 877 1697 928 et
1710 889 1755 929 ren
1768 873 1887 946 insipiens

218 960 355 1033 phorum,
375 962 495 1020 sinistro
523 963 638 1020 tramite
665 961 812 1030 derelicto,
841 962 877 1018 ad
906 961 1041 1017 dextrum
1094 962 1197 1035 perdat
1213 960 1381 1034 imperium,
1397 963 1474 1034 quod
1490 965 1626 1018 tenebat:
1642 979 1729 1035 super
1745 961 1846 1019 Christo
1867 968 1889 1019 et

219 1048 331 1121 spicam
346 1051 569 1122 contenderunt,
590 1055 618 1107 ct
629 1051 802 1120 secundum,
817 1050 914 1119 idest,
945 1048 1041 1105 novis·
1095 1049 1297 1106 diabolohunc
1307 1049 1403 1106 locum
1414 1050 1597 1122 interpretati
1611 1055 1689 1122 sunt,
1703 1051 1775 1122 quod
1785 1067 1889 1124 puerum

219 1137 328 1194 minum
344 1138 492 1196 hominem
507 1143 576 1196 sunt
605 1139 709 1212 secuti,
735 1157 794 1196 noa
818 1138 997 1195 letabuntur
1010 1136 1041 1193 in
1097 1154 1252 1211 pauperem
1268 1143 1298 1194 et
1312 1140 1485 1212 sapientem,
1501 1139 1648 1195 Christum
1664 1138 1759 1195 velint.
1774 1139 1890 1210 Pucmm,

218 1241 263 1295 ao,
280 1225 309 1284 id
325 1231 378 1298 cst,
394 1227 423 1284 iu
441 1227 546 1300 priore.
563 1229 622 1285 Hoc
639 1229 713 1284 duos
726 1229 861 1284 homines
876 1231 905 1282 et
919 1229 1040 1300 Aposto-
1092 1227 1178 1297 juxte
1192 1225 1282 1282 illud:
1299 1227 1427 1296 Moenum
1442 1229 1493 1284 titt
1505 1231 1544 1282 est
1558 1229 1652 1284 uocum¹
1664 1235 1806 1300 tepuerunt
1817 1244 1893 1284 meum

218 1315 266 1371 lus
288 1319 468 1374 contestetur
496 1318 533 1389 [li
551 1317 638 1374 Ttess.
667 1318 711 1388 rr.)
738 1321 765 1373 st
801 1316 944 1373 Levitious
983 1329 1041 1371 non
1096 1315 1159 1385 (ise.
1177 1315 1576 1387 xa1n‚tl);pauperemvero,
1593 1316 1662 1388 quia
1690 1331 1794 1389 pauper
1816 1316 1892 1372 factm
1973 1307 1974 1310 ’

218 1409 313 1462 tacet:
329 1407 424 1472 uene,
440 1406 519 1462 tomo
532 1404 927 1463 riooiuerit⁸iliuura1illnd
942 1405 1041 1473 (Leuit.
1096 1407 1151 1470 est,
1166 1419 1233 1460 cum
1249 1404 1329 1460 dives
1345 1408 1422 1460 esset
1433 1405 1471 1475 (u
1485 1406 1545 1462 Cor.
1560 1421 1622 1472 viu,
1638 1405 1683 1477 9);
1701 1408 1729 1461 et
1743 1405 1893 1477 sapientem,

219 1495 301 1566 anri).
320 1494 373 1550 Vir
387 1499 508 1552 sanctus
522 1495 678 1566 Gregorius
690 1494 772 1550 Ponti
788 1493 953 1566 episcopeo,
979 1492 1042 1548 Ori·
1097 1492 1167 1564 quia
1190 1493 1349 1566 proficiebat
1375 1497 1457 1550 alote
1475 1499 1502 1549 et
1525 1496 1664 1566 sopierrtio
1678 1501 1703 1549 et
1725 1495 1810 1565 gratio
1835 1493 1894 1564 oput

218 1583 302 1656 genis
317 1581 468 1640 auditorio
484 1582 662 1655 Metaphrasi
675 1583 866 1647 Ecclesiaste,
895 1582 936 1637 ite
964 1580 1043 1636 hunc
1097 1583 1358 1637 Dalmaticomiues
1373 1582 1449 1653 (Luc.
1483 1599 1514 1637 u.
1543 1583 1600 1654 52).
1635 1582 1690 1638 lste
1716 1583 1894 1639 natusestin

219 1671 809 1744 locuminteilexit:«Egovcropralero
838 1669 1044 1728 adolescentu-
1097 1686 1186 1740 regno
1217 1671 1306 1726 senis.
1336 1674 1369 1725 Et
1401 1669 1509 1726 ideirco
1530 1671 1620 1727 dicit:
1648 1670 1680 1728 se·
1705 1681 1771 1728 esset
1806 1671 1836 1726 de
1859 1671 1895 1726 tu

220 1760 282 1816 lum
298 1775 455 1832 pauperem
473 1763 502 1818 et
516 1759 678 1830 sapientem
692 1760 713 1828 ⁸,
738 1760 800 1831 regi
822 1759 885 1815 seni
900 1763 929 1813 et
943 1757 1042 1828 stulto,
1060 1759 1198 1869 Benenato
1212 1775 1328 1829 repnum
1341 1775 1441 1825 mum,
1458 1761 1581 1818 ministri
1592 1761 1688 1832 utique
1702 1763 1757 1816 mei
1782 1764 1896 1816 certarent

219 1851 435 1920 cuinuuquem
450 1848 620 1905 ssliveoit
649 1849 679 1904 in
708 1853 846 1916 mentem,
876 1847 954 1919 quod
981 1863 1045 1919 pos-
1098 1863 1212 1918 prome,
1229 1853 1259 1904 ut
1287 1863 1342 1903 uon
1367 1847 1491 1904 traderer
1518 1849 1630 1906 tuetaeis.
1656 1849 1734 1904 Nunc
1752 1857 1836 1905 eutem
1854 1865 1896 1904 uon

221 1937 307 1996 sibilo
321 1936 369 2006 sit,
385 1951 564 2008 quemquam
579 1937 615 1992 dc
633 1936 692 2008 his,
708 1954 782 2010 quos
795 1936 936 2004 tinxerat,
948 1937 985 1992 ad
1000 1951 1045 1992 re·
1098 1936 1494 2006 estetelroomuortorepuum
1520 1953 1612 1992 meum
1641 1939 1730 2010 (toan.
1758 1955 1834 2006 xvrrr,
1855 1939 1896 2004 36).

221 2041 312 2098 gnum
328 2025 406 2082 exire
421 2025 456 2082 de
471 2041 595 2094 carcere;
611 2029 640 2082 et
650 2026 780 2098 seipsum
795 2026 831 2081 de
846 2025 948 2098 iniqua
963 2025 1044 2080 deiu-
1100 2023 1131 2079 ln
1146 2022 1226 2078 iliius
1242 2023 1341 2096 itaque
1352 2023 1435 2079 stulti
1450 2023 1529 2080 senis
1549 2027 1650 2098 regno,
1666 2025 1717 2097 qui
1748 2025 1863 2081 ostendit
1879 2025 1898 2079 si

219 2127 291 2186 ceps
307 2117 449 2186 potestate
457 2130 511 2170 sue
526 2129 671 2171 corruere.
687 2115 788 2170 livenit
801 2114 880 2170 enim
896 2113 1043 2170 interdum
1098 2112 1197 2168 omnia
1212 2129 1302 2186 regna
1315 2113 1392 2169 420
1409 2114 1522 2181 mundi,
1539 2117 1568 2168 et
1592 2113 1718 2186 gloriam
1734 2116 1806 2186 ejus,
1832 2117 1900 2170 natus

222 2207 255 2258 ut
269 2202 299 2258 hi
320 2202 369 2275 qui
385 2203 440 2260 suh
456 2201 673 2259 adolescentulo
688 2203 819 2275 sapiente
833 2202 951 2271 luerint,
977 2202 1044 2258 ahs·
1099 2205 1143 2258 est
1157 2199 1287 2274 optimus
1301 2218 1383 2274 puer,
1399 2206 1428 2257 at
1441 2201 1804 2276 dedomovinculatorum,
1815 2203 1900 2275 dequi-

222 2307 279 2364 que
289 2306 412 2348 moerore
427 2291 500 2348 sint:
512 2290 554 2347 ita
567 2294 666 2348 tamen
683 2297 714 2347 ut
729 2292 784 2348 sub
799 2307 868 2348 sene
884 2307 950 2365 rege
978 2295 1045 2348 ante
1098 2291 1155 2346 bus
1168 2289 1311 2346 ieremias
1326 2290 1355 2344 in
1378 2291 1647 2347 Lanrentaticnibus
1659 2291 1900 2365 loquitur,dicens:

220 2381 328 2440 versati
342 2379 411 2438 siat.
428 2380 483 2446 Qui
495 2381 574 2436 enim
590 2384 690 2454 postea
704 2383 764 2436 nati
780 2386 859 2448 sunt,
877 2380 948 2452 quia
968 2379 1045 2436 mala
1100 2381 1132 2436 til
1146 2378 1305 2434 tramitteret
1318 2379 1368 2433 aut
1381 2379 1496 2450 pertitus
1519 2381 1578 2449 eius
1601 2395 1696 2436 omnes
1720 2383 1821 2438 uinctos
1837 2390 1901 2437 terre

222 2469 368 2544 preterita
387 2470 564 2536 nescierunt,
580 2484 633 2524 neo
653 2468 904 2526 adolescentulum
925 2468 1045 2524 laudare
1099 2467 1215 2540 (Three.
1233 2467 1341 2539 uuRt),
1358 2469 1500 2540 prooessit
1524 2469 1560 2524 ad
1586 2483 1723 2542 regnum,
1751 2475 1779 2527 et
1802 2470 1865 2527 abiit
1880 2469 1902 2526 iu

222 2564 356 2631 possunt,
373 2557 424 2631 qui
439 2561 539 2630 postea
553 2556 745 2625 consurrexit,
769 2557 887 2613 adducti
910 2558 1045 2630 opinione
1099 2556 1246 2628 regionem
1263 2555 1467 2629 longinquam,
1483 2561 1512 2613 et
1527 2561 1627 2614 contra
1642 2575 1704 2626 ecs,
1722 2559 1773 2632 qui
1788 2575 1903 2632 superse

222 2663 357 2718 perversa
371 2651 400 2703 et
414 2645 527 2718 impetu
542 2645 665 2719 spiritus
680 2645 894 2702 adversantis.»
1098 2661 1166 2701 eum
1183 2661 1303 2717 regnare
1318 2645 1465 2713 nolebant,
1480 2650 1548 2718 post
1569 2645 1759 2718 aliquantum
1783 2645 1904 2721 temporis

261 2734 443 2791 Laodicenos
458 2734 600 2807 interpres
615 2735 896 2808 lreomagnasbrevi
911 2751 1046 2792 sermone
1100 2750 1148 2789 rex
1163 2750 1295 2790 reversus
1310 2737 1364 2789 cst.
1381 2732 1513 2808 Praesego
1528 2734 1627 2807 itaque
1642 2737 1750 2808 spiritu
1770 2738 1839 2793 vidit
1865 2737 1903 2790 lc·

224 2823 386 2898 exprimere
401 2823 590 2896 contendens,
608 2841 687 2880 moro
702 2824 759 2880 sibi
776 2823 860 2882 solito
888 2823 976 2880 ctiam
999 2823 1046 2878 hic
1100 2822 1248 2878 clesiastes
1264 2839 1366 2878 omncs
1381 2823 1519 2894 viventes,
1536 2823 1722 2896 quipossunt
1733 2823 1905 2882 adolescentis

221 2913 340 2970 loeutus
355 2917 413 2970 ast:
431 2935 445 2964 e
462 2917 500 2970 De
515 2913 755 2981 commutatione,
778 2911 925 2985 inquiens,
957 2913 1046 2969 bono·
1101 2909 1256 2983 participes
1271 2927 1344 2978 esse,
1362 2911 1504 2981 dicentis;
1519 2928 1568 2981 epo
1583 2929 1643 2968 aum
1658 2917 1719 2971 utto
1743 2915 1835 2988 (loon.
1860 2927 1904 2978 ru,

224 3017 291 3058 rum
306 3001 336 3058 iu
352 3000 430 3057 maia
444 3017 523 3056 nunc
538 3001 716 3057 Ecclesiaste
734 3006 889 3069 sermoest‚
905 3000 1048 3073 iusipien—
1099 3000 1138 3071 6),
1155 3003 1183 3055 et
1197 3003 1290 3055 vetere
1310 2999 1399 3056 stulto
1413 3017 1479 3074 rege
1495 3001 1626 3067 dimissu,
1654 3003 1804 3060 christum
1830 2999 1904 3074 sequi.

224 3093 285 3146 tem
298 3089 448 3146 hominem
464 3090 597 3146 conantis
611 3089 783 3162 exprimere,
801 3089 851 3161 qui
867 3089 966 3146 lutura
989 3106 1047 3145 non
1102 3089 1254 3160 Simulque
1270 3088 1328 3144 duo
1340 3105 1374 3144 ex
1389 3089 1478 3146 lsrucl
1493 3089 1593 3162 populi
1609 3091 1827 3159 significantur.
1842 3091 1906 3148 Prior

219 3177 570 3248 'cogitanapresontibus
580 3177 733 3233 etcaduois
744 3169 1084 3250 quasimagnisetquoC
1103 3177 1153 3249 qui
1169 3181 1236 3232 ante
1252 3177 1408 3233 adventurn
1422 3178 1537 3234 Domini
1551 3179 1647 3248 luerit,
1663 3185 1693 3236 et
1710 3181 1849 3254 posterior
1868 3177 1906 3250 qui

224 3263 372 3338 perpetuis
391 3263 561 3320 delectetur.
577 3266 612 3320 Gt
631 3270 696 3326 post
711 3266 825 3321 diversa
838 3267 858 3334 ⁹,
875 3282 939 3337 quae
954 3267 1048 3322 solent
1102 3265 1315 3321 ⁴tntichristum
1331 3266 1505 3339 protlhristo
1521 3271 1716 3340 suscepturus
1732 3275 1793 3329 est:
1805 3275 1832 3328 et
1844 3266 1906 3342 quod

225 3352 395 3409 hominibus
410 3351 540 3409 accidere
550 3353 581 3408 in
596 3355 655 3408 rita
669 3355 1047 3428 sua,atquamutari,quasi
1103 3355 1182 3427 prior
1196 3371 1253 3410 non
1267 3354 1384 3427 penitus
1400 3355 1439 3410 sit
1453 3356 1585 3427 objectus
1613 3359 1724 3430 (prima
1751 3359 1854 3433 quippe
1870 3357 1908 3414 le·
1975 3399 1976 3418 i

224 3440 389 3516 generalem
405 3441 491 3496 insert
506 3441 541 3498 de
555 3445 647 3498 morte
662 3443 849 3510 sententium,
865 3444 944 3515 quod
961 3443 1047 3500 innu-
1102 3442 1190 3498 closia
1204 3461 1238 3498 ex
1249 3443 1358 3499 Judaie
1371 3448 1400 3499 et
1410 3444 1550 3516 apostolis
1565 3454 1746 3520 congregata
1765 3449 1830 3520 cst),
1843 3451 1868 3503 et
1886 3446 1908 3500 ia

226 3529 376 3588 murabilis
403 3528 563 3587 multitudo
587 3531 721 3600 intereat,
746 3537 774 3588 et
789 3531 931 3605 paulatim
946 3549 1049 3590 consu·
1103 3535 1160 3588 line
1174 3531 1340 3603 tuderani
1353 3532 1565 3590 antichristum
1575 3533 1752 3606 prochristo
1762 3533 1908 3608 suscepturi
1975 3587 1976 3613 ,

226 3625 324 3677 matur
338 3623 368 3677 st
382 3624 524 3686 transeat,
550 3636 728 3693 unoquoque
749 3620 779 3676 in
802 3638 856 3678 suo
879 3621 942 3678 loco
957 3621 1047 3678 alium
1104 3626 1183 3688 sunt,
1198 3638 1257 3677 non
1268 3620 1401 3676 latentur
1415 3620 1445 3677 in
1459 3621 1583 3678 Christo.
1975 3685 1976 3690 η

225 3707 418 3783 relinquere,
448 3713 476 3766 et
503 3725 623 3766 rursum
652 3709 755 3782 alium,
780 3727 947 3768 successam
983 3727 1049 3769 mo·
1141 3711 1290 3768 «Custodi
1310 3710 1605 3782 pedemtuum,cum
1633 3714 1719 3771 vadis
1749 3716 1779 3773 in
1808 3716 1909 3771 domun
1975 3701 1976 3716 ¹

226 3799 327 3856 riante
337 3822 351 3852 n
1103 3800 1164 3871 Dei,
1181 3803 1210 3856 et
1223 3799 1436 3874 appropinqua,
1446 3802 1479 3856 ut
1494 3801 1607 3859 audias.
1624 3805 1741 3860 Donum
1756 3803 1834 3860 enim
1850 3799 1909 3858 insi·

263 3887 401 3962 Origenes
413 3893 443 3946 et
456 3887 623 3946 Victorinus
634 3905 693 3948 uon
710 3889 837 3947 multum
852 3890 929 3946 inter
947 3906 978 3948 se
1004 3889 1048 3946 di·
1104 3887 1235 3960 pientum
1251 3887 1426 3944 sacrificium
1440 3889 1467 3956 7;
1484 3889 1554 3959 quis
1564 3887 1908 3964 nesciuntquodiaciuat,

225 4119 437 4193 testatisquam
446 4120 685 4196 posteritatisvoa
693 4123 836 4178 convenit.
850 4121 1047 4195 Interiorquo-
1101 4121 1155 4178 Sed
1171 4118 1326 4178 manifesto
1342 4119 1414 4176 satis
1427 4136 1539 4188 erroro;
1575 4120 1620 4178 uis
1635 4121 1716 4178 enim
1731 4123 1842 4180 nesciat
1855 4121 1909 4176 Gru·

225 4209 282 4265 qus
304 4190 493 4275 expositionis
513 4196 543 4248 S.
562 4191 692 4266 Gregorii
715 4193 955 4250 Necessaricnsis
978 4211 1046 4250 oon·
1121 4192 1216 4275 orium
1233 4191 1313 4248 Ponti
1329 4137 1674 4317 episcopumaugitorem
1691 4195 1798 4262 luisse,
1826 4194 1854 4249 id
1876 4192 1910 4247 est

223 4267 321 4320 textus
334 4281 375 4320 src
387 4264 587 4336 reponendum
603 4265 715 4336 probet.
732 4265 807 4320 Olim
834 4264 977 4320 alcuinus
1003 4266 1044 4322 ita
1101 4211 1279 4336 §tempotum
1295 4262 1428 4334 Origenes
1463 4263 1607 4320 Maerrnu.

223 4333 621 4408 legaratseumutaueratex
638 4335 774 4407 ingenio:
792 4337 884 4404 Quiet
906 4337 936 4390 iu
960 4345 1045 4392 nutu·
1137 4335 1247 4390 -Duo
1275 4333 1400 4390 Palatini
1428 4339 1456 4389 ct
1478 4335 1571 4394 Vatic.
1601 4335 1633 4392 Si
1660 4339 1766 4392 voverit
1788 4334 1854 4394 titud
1879 4329 1910 4388 uei

223 4423 255 4462 ro
269 4423 319 4463 suo
345 4421 451 4479 pauper
477 4409 564 4476 suetus
593 4410 642 4471 est,
672 4422 727 4463 nou
747 4406 848 4462 trabeas
867 4407 1044 4479 sapientium,
1100 4405 1182 4462 illud.

222 4479 298 4534 motu
308 4480 402 4534 omnio
416 4477 571 4549 deserendo,
589 4477 661 4541 teet,
672 4481 727 4533 etc.
1136 4477 1215 4546 ‘Epo
1229 4491 1291 4531 uero
1325 4477 1424 4548 rutero
1440 4475 1682 4548 adolescentulum,
1698 4482 1758 4535 etc.
1787 4477 1910 4534 Erasmus

259 4549 266 4584 ¹
281 4548 423 4604 Aicuinus
437 4552 591 4620 exaggeret
602 4549 636 4604 ad
648 4548 727 4604 hunc
737 4548 873 4603 modurn:
890 4549 1042 4620 Antequam
1057 4538 1079 4603 D
1094 4553 1124 4604 et
1139 4548 1288 4603 Marianus
1303 4492 1489 4628 ficariorum
1500 4565 1621 4620 prorsus
1650 4551 1685 4604 de
1709 4555 1842 4606 raretum
1865 4545 1909 4602 sdi-

220 4619 336 4676 secundo
365 4629 500 4686 cosmate,
529 4629 646 4692 ternpore
671 4619 793 4690 tepitrmo
835 4619 888 4674 duo
917 4620 1041 4678 tornines
1095 4621 1210 4684 derunt,
1227 4617 1431 4690 loguotearm‚
1448 4619 1502 4690 Epo
1522 4637 1585 4676 uero
1615 4567 1748 4694 iutrig'qo
1771 4621 1909 4677 odolescen-

219 4692 333 4762 tuertat.
350 4692 426 4748 Alter
438 4691 569 4757 curuatas,
582 4691 653 4745 atter
669 4689 835 4762 spiritualis.
853 4692 906 4759 Qut
920 4707 980 4747 uero
1006 4693 1042 4748 ort
1095 4692 1184 4746 tutum
1205 4704 1354 4761 pauperem
1368 4693 1393 4744 et
1408 4693 1567 4762 cupientem,
1599 4707 1662 4763 rupe
1688 4708 1756 4748 aene
1784 4693 1909 4747 meliorem

211 4764 345 4828 oetier.
361 4767 415 4820 etc.
432 4763 494 4818 Non
510 4766 555 4818 est
589 4777 665 4828 erro,
692 4762 768 4832 quod
798 4763 1041 4820 moneamYlit-
1095 4760 1562 4818 etrtutto.Hrccnonesllocutus
1591 4763 1750 4836 Gregorius
1781 4761 1910 4818 Thauma-

220 4838 313 4919 teram
330 4835 420 4891 luisse
434 4777 641 4905 antiquisssivii
657 4832 692 4888 ad
714 4832 836 4888 virtutes
866 4837 916 4889 aut
940 4835 976 4890 ad
1002 4835 1041 4889 vi·
1095 4837 1209 4914 turgu's,
1224 4832 1287 4914 secl,
1301 4837 1395 4914 ut'cgo
1411 4831 1535 4901 restitui,
1549 4833 1668 4916 adjutus
1679 4839 1818 4916 contextu
1829 4833 1909 4890 Greco

219 4909 290 5012 ψ
302 4906 555 5050 ἱᾚῖξέῗῐὲὶεεναπη,
572 4979 627 5032 elc.
646 4973 792 5030 Omittunt
812 4990 884 5042 mss,
914 4975 1041 5032 litteram
1095 4906 1609 5050 gargggszrsrprsspp’r,gptnmpppbintpstmirds
1628 4909 1765 5048 8⁰51&ng
1784 4901 1909 5034 ¹222chqu

219 5045 253 5116 Y,
270 5047 337 5129 licet
351 5049 509 5123 aliquando
524 5048 631 5120 scripta
645 5046 801 5128 videretur,
818 5051 852 5101 ul
869 5045 952 5129 tacite
969 5064 1041 5129 pro·
1096 5051 1178 5118 tesero
1193 5045 1252 5101 sive
1265 5047 1393 5128 prefero.
1409 5049 1548 5103 Maaruu.
1867 5115 1872 5126 ι

212 5116 282 5171 bari
298 5123 392 5188 potest
406 5121 574 5178 exlrctione
588 5117 798 5190 exemplarium
809 5117 1040 5185 Corbercnsrum,
1130 5149 1165 5159 -
1179 5117 1258 5173 Unus
1278 5116 1400 5172 Palatia.
1425 5119 1458 5172 Et
1479 5120 1628 5190 eapientem
1646 5117 1792 5175 meliorem
1815 5131 1869 5174 suu
1886 5117 1907 5167 tl

219 5184 251 5238 lit
279 5187 309 5242 iu'
333 5195 393 5259 post
422 5193 543 5248 litteram
571 5190 801 5262 philosopherum.
832 5188 903 5243 Nam
933 5191 1039 5245 exseri·
1095 5192 1164 5260 rapi,
1179 5188 1308 5245 statuite.

239 5257 315 5336 teres
328 5263 439 5332 antiqui
455 5279 512 5319 non
528 5261 725 5334 intelligentes
738 5275 876 5316 arcanum
904 5259 1039 5318 elementi
1130 5260 1320 5316 ‘leodicenus
1345 5261 1489 5331 interpres,
1509 5264 1564 5316 eto.
1587 5260 1768 5334 apollinaris
1784 5265 1828 5316 cst
1852 5257 1908 5311 lae

218 5269 319 5450 gfff*
335 5335 488 5454 {aptarent
504 5351 521 5404 y
537 5334 566 5388 in
581 5333 621 5388 tri.
637 5332 711 5388 ilinc
726 5331 760 5414 5¹¹.
771 5331 950 5415 supradictis
967 5349 1037 5388 mss.
1095 5332 1217 5414 alicenus
1233 5331 1322 5457 Syriis}
1337 5331 1503 5456 episcopari,
1519 5331 1569 5413 qui
1584 5333 1743 5458 injunctas
1755 5331 1906 5456 Scripturas

218 5411 353 5540 irruit}
383 5409 690 5530 esuriuntur
705 5404 1038 5546 ttttttuituiu
1094 5404 1277 5545 utriustri:
1292 5403 1906 5556 tttttttttttlPtut'ittffflt⁰⁸¹¹ffl

216 5543 355 5596 Maaruu.
1128 5547 1251 5614 totpost
1278 5543 1395 5608 elerersu,
1425 5549 1479 5600 elo.
1506 5547 1676 5602 Corbeinscs
1705 5561 1781 5601 mss.
1811 5543 1839 5598 u
1864 5551 1906 5612 pet

252 5611 372 5680 'ilerum
388 5608 466 5664 tronto
476 5612 502 5662 si
517 5610 645 5666 uoluerit.
662 5612 736 5668 Alibi
752 5613 888 5685 legimus,
899 5619 925 5671 ei
946 5620 1038 5674 relue-
1094 5619 1203 5672 stirme
1219 5631 1288 5686 quae,
1304 5619 1348 5671 eto
1364 5615 1507 5671 linarias.

213 5677 397 5746 rruuueeet
410 5677 491 5736 iiiut.
508 5677 541 5732 ur
556 5684 623 5748 post
644 5693 737 5750 peuce
765 5685 894 5753 crusna
919 5689 1038 5764 adjutor.
1136 5689 1256 5747 tuocum
1283 5688 1359 5746 euim
1385 5688 1578 5762 insipientium
1614 5687 1793 5764 sacrificium.
1829 5683 1902 5742 liant
