4078 6162
196 290 252 367 tir
764 303 766 310 ·
822 296 856 358 s,
879 285 1035 360 msera
1056 288 1291 358 nmaorrm.
1839 261 1907 346 rie·

196 453 230 494 eo
246 431 456 509 quoddioatin
471 431 591 490 Hebraeo
615 431 690 488 hano
713 429 864 487 fabulem¹
881 446 939 485 non
966 427 1017 484 ha·
1032 426 1126 500 Αγολρ
1157 421 1182 479 ἦν
1209 427 1249 496 τῷ
1278 417 1413 500 Ἐ6ραϊκῷ
1431 424 1526 477 τοῦτον
1557 419 1594 496 μὴ
1625 417 1693 474 τίνοι
1719 418 1764 473 τὸν
1796 417 1903 490 μῦθον,

195 525 268 594 beri,
284 541 336 582 nen
351 523 505 582 eonveniro
519 537 587 578 oum
600 519 741 578 Hebraico
755 516 931 592 etymologia
951 515 1019 570 ἀπὸ·
1076 512 1147 589 μηδι
1176 513 1297 586 συνᾴδειν
1335 517 1370 587 τῇ
1404 506 1533 589 Ἐὕραϊκῇ
1573 507 1743 584 ἐτυμολογίας
1774 506 1827 562 ἀπὸ
1852 507 1903 560 τοῦ

193 617 242 668 τοῦ
271 612 367 689 σχίνου
396 613 511 687 α’χιοαι1
538 614 585 665 καῖ
624 609 677 664 ἀπὸ
719 612 768 663 τοῦ
810 605 907 683 πρίνου
952 604 1019 681 πρί-
1072 604 1170 680 πρίνου
1193 601 1361 676 πρίοαι,καί
1402 600 1522 656 ἀπὸτοῦ
1546 599 1637 676 σχίσει,
1664 596 1768 674 πχίται,
1787 594 1903 670 πρὸςὸν

196 723 250 772 παι,
266 708 368 760 oontra
382 717 470 774 quem
486 701 601 757 doctam
617 697 799 772 epistolem³
828 696 929 752 scribit
956 695 1019 752 Ori·
1074 691 1309 766 δεδοκιμασμὲνην
1340 687 1486 759 ἐπιστολὴν
1506 690 1604 768 γράφει
1631 687 1783 764 Ὦριγίνης.
1808 686 1901 740 ”Eoris

194 809 294 868 genes.
317 792 417 848 Exstat
445 789 510 861 ejus
534 790 570 844 od
595 787 753 844 Aristidem
777 785 869 843 altera
897 783 1021 857 epistola
1074 782 1156 837 αὐτοῦ
1183 782 1229 836 καί
1257 781 1327 856 πρὸς
1353 775 1523 856 ’Δριατείδην
1553 775 1626 848 ἄλλη
1657 772 1801 844 δπιοτολή,
1830 773 1856 828 tv
1881 773 1902 844 ᾗ

194 882 223 936 in
240 875 561 956 qoaeupordropmalp,
591 892 655 948 quas
673 875 789 932 videtur
821 890 884 931 oeae
912 873 942 929 in
970 889 1019 947 ge·
1073 871 1204 945 περὶτῆς
1224 867 1373 948 διαφωνίας
1395 875 1446 938 τῆς
1469 865 1603 938 δοκούσης
1628 865 1694 922 εἶναι
1711 865 1787 938 ἐντῇ
1806 881 1900 938 γενεα-

194 967 493 1043 neologiafialvatoris
522 965 600 1039 opud
628 964 797 1022 Metthaeum
831 966 859 1019 et
899 963 1018 1027 Lucam,
1075 958 1157 1035 λογίᾳ
1179 963 1228 1014 τοῦ
1257 965 1386 1034 Σωτῆρος
1417 957 1490 1030 παρὰ
1518 955 1655 1012 natator
1683 955 1728 1010 καὶ
1744 957 1837 1009 dosa&
1851 951 1901 1028 tp-

193 1058 364 1132 plsnieeima
379 1055 520 1128 disputat.
1076 1048 1196 1110 αοόντιος
1218 1045 1383 1123 διαλέγεται.

937 1148 1056 1205 CAPUT
1076 1148 1169 1206 LXIV.

228 1244 403 1308 Geminnst,
443 1241 633 1298 Antiocheno
673 1240 808 1298 Ecclesiae
858 1240 1019 1313 presbyter,
1112 1239 1226 1308 Γεμῖνος
1254 1240 1306 1304 τῆς
1338 1236 1407 1289 κατὰ
1437 1231 1606 1310 Ἀντιόχειαν
1635 1227 1798 1300 Ἐκκλησίας
1833 1247 1899 1300 πρε-

192 1347 285 1405 pauoa
298 1330 408 1404 ingenii
425 1330 471 1388 sui
505 1334 697 1386 monumento
724 1328 800 1386 905
831 1326 1017 1399 composuit:
1075 1319 1216 1396 σὸύτερος,
1240 1321 1324 1397 ὀλίγα
1346 1329 1398 1392 τῆς
1426 1322 1529 1384 οἰκείας
1559 1317 1669 1400 εὐροίας
1696 1321 1775 1378 900
1805 1312 1902 1392 βιὸλία

192 1421 299 1477 florens
314 1417 541 1476 enbalemndro
562 1418 703 1491 principe,
728 1422 757 1474 et
772 1417 909 1490 episeopo
934 1415 1017 1470 urbis
1074 1413 1223 1483 συνέταξεν,
1254 1413 1377 1482 όνηήσιις
1404 1409 1448 1466 ἐπὶ
1477 1408 1656 1485 Ἀλεξάνδρου
1681 1413 1729 1463 τοῦ
1754 1404 1900 1482 βασιλέως,

190 1525 250 1566 suo
266 1509 399 1566 Zebenno
414 1509 435 1576 ί,
455 1524 489 1565 eo
508 1507 552 1564 vel
569 1507 694 1564 maxime
710 1509 851 1578 tempore,
874 1521 932 1576 quo
961 1504 1017 1560 He·
1072 1502 1117 1558 καὶ
1148 1502 1193 1557 ἕνεί
1212 1496 1339 1556 Ζιόέννοο
1369 1500 1517 1556 ἐπισκόπου
1545 1507 1596 1569 τῆς
1627 1496 1697 1560 ἰδίας
1723 1494 1844 1566 πόλεως,
1873 1495 1898 1550 ἐν

192 1597 286 1654 raoias
314 1596 513 1654 Alexandriae
541 1596 673 1653 lloolesie
703 1593 833 1668 pontifex
860 1592 1015 1650 ordinatus
1072 1589 1168 1663 ἐκείνῳ
1195 1588 1313 1664 μάλιστα
1335 1594 1375 1662 τῷ
1393 1593 1492 1666 καιρῷ,
1517 1588 1582 1660 ἐνῷ
1607 1583 1742 1663 Ἡρακλᾰς
1756 1591 1809 1654 τῆς
1822 1582 1899 1638 Ἀλε-

191 1691 245 1744 oet.
1071 1677 1208 1756 Εανδρὲων
1227 1677 1390 1750 Ἐκκλησίας
1405 1672 1587 1756 πρεσὸίιτερος
1601 1677 1727 1746 κατέστη.

939 1786 1057 1845 CAPUT
1076 1787 1158 1845 LXV.

225 1881 407 1950 Theodorus,
423 1880 474 1953 qui
485 1883 587 1954 postea
602 1879 759 1955 Gregorius
773 1877 939 1952 appellatus
960 1881 1015 1946 est,
1033 1879 1057 1944 Β
1107 1872 1259 1951 Θεόδωρος,
1285 1876 1314 1937 ὃς
1339 1872 1447 1948 ὕστερον
1474 1871 1576 1944 ἐκλήθη
1599 1869 1761 1949 Γρηγόριος,
1785 1871 1899 1923 Νεοκαι-

190 1969 380 2028 Neocaesarea
412 1970 495 2028 Ponti
529 1969 694 2043 episeopus,
738 1969 897 2026 admodum
920 1967 1017 2026 adole·
1071 1962 1183 2040 παρείας
1210 1961 1368 2032 ἐπίσκοπος,
1393 1963 1453 2025 νὲος
1478 1958 1592 2036 κομιδῆ,
1623 1957 1668 2015 διὰ
1694 1960 1743 2029 τὴν
1757 1954 1895 2012 παίδευσιν

190 2057 628 2129 soens‚obstudiaGraecarum
648 2061 677 2115 et
704 2057 873 2114 Latinarum
904 2057 1018 2114 littera·
1070 2049 1242 2123 Ἑλληνικῶν
1270 2071 1299 2107 τε
1317 2051 1362 2106 καὶ
1382 2056 1542 2123 Ῥωμαϊκῶν
1569 2049 1751 2124 γραμμάτιον,
1780 2047 1901 2116 δτδσῆς

191 2147 670 2221 rum,deCappadooiaiterytum,
701 2145 822 2203 atinde
855 2146 1015 2203 Caesaream
1071 2138 1264 2203 narratoria<
1294 2140 1333 2203 είς
1361 2139 1492 2218 Βηρυτὸν,
1522 2140 1643 2195 κάκεῖθεν
1670 2138 1709 2200 τίς
1739 2137 1899 2209 Καισάρειαν

190 2235 341 2294 Palestinae
357 2236 601 2308 transitionem
626 2234 682 2292 sibi
710 2235 798 2293 tratre
821 2235 1014 2292 Athenodoro.
1070 2237 1121 2299 τῆς
1150 2225 1338 2301 Παλαιστίνης
1364 2223 1453 2300 tetta„
1483 2231 1540 2302 ἅμα
1567 2225 1750 2302 Ἀθηνοδώρῳ
1779 2223 1901 2304 ἀδελφῷ,

190 2326 319 2390 Quorum
335 2335 402 2380 oum
413 2325 559 2397 egregiam
576 2323 706 2381 indolem
720 2323 842 2381 vidisset
865 2324 1015 2398 Origenes,
1071 2319 1193 2374 ὧντινων
1221 2320 1272 2388 τὴν
1302 2318 1435 2394 ἐξαίρετον
1465 2316 1576 2396 εὐφυίαν
1601 2316 1902 2394 ἓυρακὼςὮριγένηε,

190 2411 325 2471 hortatus
336 2417 381 2470 est
395 2429 444 2470 eos
455 2413 491 2470 ad
507 2413 734 2486 philosophiam,
748 2413 779 2470 in
795 2427 853 2486 qna
872 2412 1016 2486 paulatim
1069 2405 1240 2470 retroiret<
1268 2405 1429 2486 φιλοσοφίαν
1459 2409 1656 2483 προετρέψατο,
1684 2405 1823 2461 καὶκατὰ
1855 2403 1904 2478 μὲ-

191 2501 298 2558 Christi
313 2501 400 2558 iidem
416 2503 427 2536 ⁸
442 2500 700 2572 subintroduoens,
716 2501 762 2558 sui
777 2517 894 2574 quoque
922 2505 1014 2557 secia·
1070 2516 1118 2573 ρος
1143 2497 1181 2559 εἰς
1209 2499 1260 2566 τὴν
1288 2501 1337 2551 τοῦ
1367 2501 1485 2572 Χριστοῦ
1504 2495 1593 2551 πίστιν
1615 2496 1732 2571 είσάγων
1748 2539 1755 2566 ,
1772 2491 1907 2564 ζηλωτὰς

189 2594 268 2646 tores
283 2589 419 2646 reddidit.
436 2589 780 2662 Quinquennio'itaque
796 2589 903 2646 eruditi
920 2589 956 2646 ab
981 2607 1014 2647 oo
1071 2582 1157 2648 ίδίουε
1186 2586 1373 2656 κατέστησεν.
1401 2585 1463 2640 Ἐπί
1491 2585 1570 2640 πέντε
1603 2585 1692 2640 τοίνυν
1726 2587 1789 2660 παρ’
1818 2581 1906 2638 αὐτοῦ

191 2677 383 2735 remittuntur
404 2679 441 2735 ad
471 2679 633 2747 marrow,
663 2695 679 2734 e
708 2678 817 2749 quibus
844 2677 1016 2736 Theodorus
1070 2672 1242 2729 παιδευθέντε
1271 2670 1338 2745 ἔτη,
1368 2675 1437 2750 πρὸς
1465 2675 1514 2744 τὴν
1547 2673 1652 2750 μητέρα
1678 2673 1905 2746 ἀποπὲμπυνται,

190 2767 387 2840 proficiscens,
416 2765 600 2843 πανηγυρικὸν
617 2764 793 2842 εὐχαριστίας
815 2766 934 2839 scripsit
952 2767 1015 2822 ori·
1071 2764 1115 2842 ἀφ’
1145 2765 1182 2818 ὧν
1213 2760 1355 2839 Θεόδωρος
1384 2760 1546 2836 ἀποδημῶν,
1576 2760 1762 2838 πανηγυρικὸν
1789 2761 1908 2838 εὔχαρι-

192 2855 277 2928 geni:
294 2858 323 2912 et
337 2859 494 2913 convocata
507 2854 611 2929 grandi
627 2853 800 2927 frequentia,
820 2855 884 2927 ipso
900 2871 1016 2929 quoquo
1072 2851 1147 2914 στίιις
1186 2856 1227 2923 τῷ
1267 2852 1399 2926 Ὠριγὲνει
1436 2848 1560 2928 ἔγραψε,
1587 2851 1632 2906 καὶ
1661 2848 1907 2926 σογκαλεαάμενος

190 2944 337 3018 Origene⁸
370 2949 512 3018 presente
527 2943 668 3012 recitavit,
683 2943 735 3016 qui
751 2943 945 3016 usquehodie
968 2962 1016 3002 ex·
1071 2942 1172 3002 πάνταε
1200 2939 1264 3002 τοὺς
1294 2939 1468 3017 ἐδιχιυρίους,
1503 2939 1584 2995 αὐτοῦ
1613 2961 1644 2994 τε
1671 2943 1720 2994 τοῦ
1742 2939 1909 3015 Ὦριγὲνυυτ

191 3037 259 3090 stat.
276 3032 400 3107 Soripsit
419 3037 447 3089 et
478 3033 642 3109 μετὰρρασιν
662 3031 693 3088 in
720 3031 924 3103 aeclesiasten,
951 3033 1017 3090 bre·
1070 3029 1215 3106 παρόντος,
1244 3032 1340 3085 τοῦτον
1369 3028 1473 3104 ἀνέγνω
1501 3029 1546 3084 τὸν
1563 3025 1659 3104 λόγον,
1673 3029 1748 3091 ὅστις
1764 3025 1830 3105 ἄχρι
1852 3033 1908 3084 τοῦ

192 3139 257 3179 vom
274 3121 556 3195 quidem,oodveldo
572 3121 683 3180 utilem.
699 3119 809 3176 atalia
825 3121 1016 3196 hujusvulgo
1032 3141 1053 3208 C
1071 3118 1205 3195 παρόντος
1240 3119 1380 3195 ὑπάρχει.
1413 3121 1534 3192 Ἔγραψε
1570 3115 1599 3173 δὲ
1626 3123 1673 3173 καῖ
1703 3115 1830 3197 tappetae
1866 3119 1908 3180 εἷς

191 3209 325 3265 feruntur
339 3207 467 3281 epistola
484 3210 515 3277 ¹⁰,
527 3210 578 3267 sed
595 3209 742 3282 preripue
755 3207 839 3282 signa
853 3215 941 3283 atquo
961 3211 1015 3266 rni-
1071 3205 1312 3278 Ἐκκλησιαστὴν,
1342 3205 1487 3284 ἐλάχιστον
1510 3207 1654 3280 pigredo
1687 3203 1716 3262 δὲ
1744 3208 1907 3280 θαυμαστὸν

226 3334 333 3390 ¹iiono
351 3332 486 3406 talaiam.
514 3331 655 3388 Fabulam
670 3332 717 3388 hio
746 3337 829 3389 vocat
858 3333 1012 3391 historiam
1068 3333 1248 3406 aprioribns
1273 3332 1606 3389 studiisnddivinarum
1623 3347 1722 3390 rerum
1733 3329 1908 3388 meditatio-

190 3405 342 3470 Susanna,
358 3405 535 3477 sioutsupra
547 3403 703 3460 historiam
719 3405 871 3461 samsonis
900 3411 928 3462 et
956 3407 1012 3462 Da·
1070 3403 1807 3472 nemuttransirent‚adhortatusest.»i‘roieoto
1839 3403 1910 3476 ipse

190 3475 257 3532 lile.
269 3475 340 3533 Vide
351 3475 478 3532 lndioem
494 3476 600 3547 prioris
617 3475 810 3548 partishuJos
825 3476 907 3532 tomi.
932 3479 1012 3534 δόκει·
1069 3476 1309 3548 'thaumaturgus
1323 3477 1355 3531 in
1370 3477 1523 3548 Nonoupat.
1544 3479 1575 3532 ιἰι
1604 3477 1712 3548 θήρεια.
1743 3491 1774 3532 se
1805 3475 1909 3532 multo

189 3565 266 3604 arara.
283 3547 541 3603 -Fatulomcum
557 3546 628 3603 dicit
644 3548 845 3620 Hieronymus,
867 3564 924 3604 non
954 3554 1012 3606 sta·
1069 3553 1137 3604 ante
1161 3547 1196 3604 ad
1222 3546 1401 3620 agnitionem
1435 3547 1565 3604 veritatis
1605 3545 1908 3620 vonisseprofitstur,

190 3620 244 3676 tim
260 3635 311 3692 pro
322 3619 461 3692 agmento
477 3617 594 3690 aeripe;
612 3619 759 3674 interdum
775 3621 852 3676 enim
868 3627 896 3675 et
911 3621 947 3676 de
967 3639 1014 3677 ve·
1071 3635 1160 3692 quom
1175 3617 1212 3674 od
1236 3619 1391 3691 origenem
1413 3617 1594 3675 accessisset.

192 3691 319 3748 rissimis
333 3691 421 3746 rebus
435 3689 519 3757 dixit,
536 3695 568 3745 ut
584 3689 613 3746 in
629 3689 752 3746 Philam.
780 3693 862 3746 totam
875 3691 1016 3748 Samsonis
1106 3692 1115 3725 ⁷
1132 3689 1325 3745 loitioautem
1341 3690 1528 3746 Eootorr'stioi
1544 3691 1580 3745 ad
1596 3687 1748 3761 Origenem
1778 3687 1849 3760 ipse
1871 3691 1908 3746 de

192 3764 373 3834 sotutom,et
398 3762 498 3830 Queat.
528 3761 607 3816 Hetr.
637 3779 677 3828 τι,
707 3765 753 3832 28,
784 3762 913 3818 tabulam
935 3767 1017 3818 rorat
1071 3761 1646 3844 setestaturtlregoriuejamabortavo
1664 3775 1751 3828 anno,
1786 3761 1908 3818 nedum

192 3833 351 3906 quemdem
378 3832 563 3889 Hebroeorum
591 3833 777 3889 traditionem
807 3834 842 3890 de
869 3834 1016 3890 abraham
1071 3831 1184 3903 quinio,
1201 3833 1348 3888 neminem
1360 3833 1490 3900 audisse,
1505 3832 1563 3888 nisi
1580 3829 1909 3888 admirandosillosri-

192 3903 942 4048 turarii?yreiffzyaeyffliffiffiffg&rittiga
957 3976 1018 4031 νει
1071 3901 1912 4047 {interieritisallodiario‘ooo

194 4046 293 4102 (lroeoa
308 4045 338 4101 in
353 4037 554 4102 vetustissimo
574 4051 674 4102 nostro
703 4046 801 4103 oodioe
825 4047 881 4103 San
904 4063 1015 4103 erman.
1072 4045 1152 4118 nymi
1164 4046 1223 4102 sive
1247 4045 1363 4101 Eusebii
1379 4046 1546 4102 testimonio
1562 4045 1707 4102 adversari
1719 4047 1824 4116 putes:
1844 4062 1910 4103 non

195 4117 269 4174 Vide
298 4117 499 4199 Prolationrm
526 4116 643 4173 Hieron.
683 4117 713 4173 in
741 4117 850 4174 librum
878 4063 1016 4187 danielis,
1072 4117 1152 4172 enim
1165 4131 1255 4189 seper
1270 4117 1439 4172 octennium
1450 4133 1500 4174 eos
1523 4115 1819 4173 audivisseoontinuo
1847 4121 1913 4174 tra·

197 4190 209 4245 i
226 4192 288 4245 tom
303 4189 374 4245 edit.
391 4193 507 4245 nostre.
522 4192 664 4245 Marmar.
1073 4188 1128 4256 dit,
1142 4189 1192 4244 sed
1210 4193 1403 4260 preterquam
1418 4186 1494 4258 illos,
1511 4203 1569 4244 non
1585 4187 1677 4244 alium
1704 4201 1910 4260 quemquam.

229 4261 366 4318 ³Periom
390 4259 482 4332 hrrjus
509 4259 639 4333 epistola
659 4259 784 4316 servavit
812 4258 915 4318 Euaeb.
946 4259 1018 4315 litai
1108 4259 1285 4331 ⁸Perperam
1301 4257 1371 4332 legit
1393 4259 1576 4317 Martianeus
1603 4259 1639 4315 od
1659 4263 1785 4332 patrem:
1813 4275 1911 4332 quem

194 4333 346 4388 ittotai.
372 4331 494 4388 Exstant
512 4347 578 4388 vero
609 4331 774 4404 superiores
803 4330 838 4385 de
879 4333 1019 4387 Susanna
1073 4330 1302 4401 decimoquarto
1317 4329 1808 4401 atatissuesannojamamiserat
1833 4333 1912 4388 Gre-

100 4475 103 4482 Ι
194 4401 661 4476 questionetnmairioani.tum
677 4401 821 4474 origenis.
1074 4401 1185 4474 gorius,
1196 4406 1229 4456 nt
1244 4403 1306 4474 ipse
1330 4401 1359 4457 in
1375 4401 1564 4459 Earlorietico
1579 4402 1615 4458 ad
1628 4401 1782 4475 origenem
1812 4404 1914 4460 testa-

229 4475 241 4510 ⁸
256 4475 393 4541 damiam,
410 4477 464 4529 eto.
485 4475 516 4529 io
539 4473 640 4529 eodem
656 4471 786 4527 Geminos
810 4471 929 4544 ponitur
953 4476 1020 4544 post
1074 4480 1140 4541 tur;
1157 4472 1306 4529 benevero
1321 4478 1376 4542 esi,
1413 4473 1647 4546 uodsuspioatur
1662 4471 1820 4545 legendum
1839 4489 1914 4531 esse

197 4544 372 4614 Theodorum,
392 4544 527 4615 quamvis
547 4544 575 4598 in
606 4543 703 4599 ladioo
730 4542 860 4600 liminari
891 4544 1020 4600 Geminae
1073 4544 1369 4616 adpotrtomsquam
1392 4489 1553 4601 irationem
1583 4544 1697 4617 tipsius
1721 4548 1751 4599 et
1774 4542 1912 4602 Gravius

195 4614 310 4688 positus
324 4616 473 4672 sitordine
488 4615 616 4686 vulgato.
630 4615 772 4670 Marmar.
788 4646 821 4656 -
848 4616 928 4671 liuno
955 4617 1019 4672 eod.
1036 4616 1059 4680 Ι)
1075 4631 1109 4671 ex
1124 4615 1215 4670 Suide
1225 4615 1419 4687 probaverant
1426 4617 1542 4688 jamdiu
1562 4620 1695 4672 antea-⁴-
1711 4615 1915 4684 dominentur

195 4687 343 4743 Gambiao.
364 4687 505 4752 liminum,
527 4685 642 4742 llusebii
669 4685 804 4742 Chronio.
823 4685 1021 4744 Gemoniarum
1075 4685 1240 4758 adpotrem.
1257 4685 1334 4742 odiri
1355 4684 1422 4742 libri
1453 4703 1520 4743 oum
1550 4703 1620 4742 mss.
1641 4702 1700 4743 non
1727 4683 1842 4757 paneis,
1871 4687 1914 4744 od

195 4757 1023 4888 {isspelhiliingermfinfflss’teioeNamnaegpf'simy}
1079 4761 1206 4884 patrem,
1222 4757 1320 4884 atliiMod
1334 4758 1467 4814 Patrem:
1497 4759 1570 4815 sorte
1596 4758 1631 4814 οό
1653 4759 1775 4831 patriam
1798 4756 1916 4833 legen-

196 4845 1023 4982 Mipplrppppopplippmpopfflppaplujppprflaemipprpaeppe·
1102 4845 1271 5027 ιίΠίλιίιξυθιιίέ
1285 4846 1497 4982 didiriqnoe
1521 4899 1636 4957 videtur
1656 4899 1821 4968 abundares
1850 4917 1914 4958 nnn

197 4977 353 5040 mutuaret
374 4987 458 5028 nemo
484 4976 588 5044 preter
624 4972 832 5044 Hieronymum
858 4971 1021 5029 memoriat.
1078 4975 1182 5044 repetit
1217 4971 1525 5028 mVeronensrslrber.

234 5045 365 5102 iVeron.
383 5044 447 5100 eod.
469 5045 620 5110 Zabinaeo,
637 5044 741 5100 duseb.
771 5037 881 5097 Σεόῖνον
951 5042 1023 5100 .alii
1114 5044 1135 5077 ¹⁰
1151 5043 1190 5098 Ex
1204 5043 1250 5100 his
1267 5060 1326 5100 una
1339 5048 1454 5099 tantam
1470 5047 1604 5115 superest
1618 5041 1812 5099 celeberrima
1831 5043 1916 5099 inter

199 5116 367 5172 termarum
381 5119 494 5172 vorant.
510 5115 682 5173 Alexander.
699 5117 763 5171 Sev.
780 5116 815 5171 ab
841 5130 889 5170 an.
914 5113 966 5169 222
986 5114 1022 5169 ad
1077 5115 1235 5170 canonicas
1256 5114 1373 5170 Petrum
1387 5113 1535 5186 epistolas.
1550 5113 1620 5170 Post
1642 5127 1741 5170 rorem
1773 5115 1795 5169 Ε
1817 5115 1917 5173 istotae

199 5187 254 5242 235
270 5187 435 5268 imperavit.
1077 5186 1191 5241 addunt
1208 5185 1354 5242 Suffridne
1370 5185 1456 5252 Petri,
1473 5185 1599 5249 Mirans,
1615 5185 1733 5256 aliique,
1745 5187 1772 5239 el
1805 5201 1821 5242 e
1844 5187 1914 5258 tide,

215 5256 375 5312 Ιίλόίοιιιιο
389 5273 456 5313 vero
471 5257 507 5313 ad
523 5256 629 5313 Christi
645 5256 734 5310 tidem
754 5272 805 5327 per
833 5254 1022 5328 philosophia
1077 5258 1155 5328 apud
1188 5257 1359 5324 Honorium,
1392 5257 1502 5313 αἰολίαι
1529 5257 1564 5312 do
1588 5256 1641 5325 tide
1668 5253 1816 5329 apotolos.
1835 5259 1912 5324 Quos

199 5328 332 5385 stodiam
348 5329 488 5386 convertit
502 5325 1022 5394 illustreshostratresridamontins,
1077 5329 1395 5386 verbaoodioesnostri
1425 5343 1537 5396 omnes,
1562 5326 1669 5400 aliique
1696 5327 1915 5398 vetustissimi,

196 5401 260 5474 jam
288 5398 366 5455 enim
393 5404 478 5457 antea
505 5397 675 5454 Christiano
715 5396 848 5470 religioni
883 5399 1024 5454 dederent
1077 5402 1140 5454 tum
1159 5399 1346 5473 Freoulphua
1361 5403 1391 5456 et
1405 5399 1520 5456 Graecus
1534 5399 1678 5472 interpres
1692 5399 1819 5472 ignorate
1839 5401 1914 5457 Vid.

201 5489 328 5541 nomen;
358 5471 409 5528 sed
420 5469 669 5544 quemadmodum
685 5468 828 5527 Eusebius
843 5469 1022 5527 treditlib.vr
1080 5471 1224 5554 epistiit,
1249 5477 1278 5528 et
1309 5473 1345 5529 od
1376 5471 1514 5546 lingnam,
1544 5469 1708 5528 Comment.
1739 5471 1769 5526 in
1808 5471 1918 5532 serie

200 5543 322 5678 eapti),
338 5542 403 5599 illos
418 5563 434 5593 «
447 5542 477 5598 io
492 5540 606 5597 Grsoas
621 5538 827 5614 Romanasque
850 5541 1023 5616 disciplinae
1079 5545 1200 5602 orestem
1214 5558 1279 5620 oap.
1290 5545 1317 5602 t.
1812 5571 1816 5582 ·

197 5632 233 5698 γε
255 5612 535 5685 ιιοοτιόατλοιειιεοε,
559 5609 667 5688 inserto
689 5627 790 5675 amora
815 5611 1022 5690 philosophie,
