4072 6164
212 309 269 371 111
954 303 1175 370 susanna.
1837 267 1887 376 an

212 460 296 506 nunc
320 441 395 522 quid
409 443 442 506 in
457 439 516 506 hoc
553 443 657 514 terti0,
675 459 711 504 ex
735 457 797 522 quo
824 440 1070 502 Commentarios
1093 439 1304 519 auspicamur,
1341 437 1524 503 adornando
1548 437 1771 519 praestitcrimus
1790 443 1880 506 dicen-

211 541 358 604 dum'est.
1717 531 1725 542 ⁸

250 643 328 702 Cum
343 641 482 720 singulos
498 640 745 702 Commentarios
758 640 797 698 ud
813 657 884 699 eum
900 637 1051 712 ordinem,
1077 656 1169 717 quem
1189 637 1259 715 ipsi,
1276 638 1330 716 qui
1345 638 1541 698 illustrantur
1563 635 1643 696 sacri
1668 635 1737 697 libri
1748 638 1881 714 obtinent,

209 739 361 818 digerere,
379 757 415 799 ac
429 757 588 800 recensere
604 755 728 798 necesse
743 737 859 809 sit,duo
871 742 976 797 tamen
991 735 1159 814 Opuscnle,
1177 755 1311 814 quorum
1326 737 1458 797 alterum
1473 733 1508 796 de
1524 733 1708 806 Nominibus,
1724 735 1841 798 alterum
1853 739 1885 800 de

211 837 380 916 Scriptura
395 836 482 899 Locis
497 837 689 910 inscribitur,
708 835 936 915 preposuimns
950 836 1103 896 universae
1119 832 1305 906 collectioni,
1323 838 1431 913 utpote
1443 851 1512 914 quae
1522 851 1584 894 non
1600 851 1692 892 unam
1713 837 1764 893 aut
1774 833 1886 896 alteram

211 933 379 1014 Scriptura}
394 940 513 1014 partem
530 939 699 1012 exponant,
717 935 769 994 111
785 939 884 994 totam
899 933 932 992 in
947 951 982 994 ea
998 953 1068 1011 quaa
1084 931 1224 1011 subjecta
1237 932 1381 993 materies
1394 937 1450 1000 est,
1468 930 1705 1009 amplectantur,
1720 935 1749 991 et
1770 933 1887 1010 quodam

209 1031 307 1092 veluti
321 1034 491 1110 Apparatu,
509 1038 576 1092 tum
592 1032 650 1111 ipsi
667 1031 846 1110 Scriptura,
873 1050 944 1091 cum
959 1030 1209 1110 Hieronymianis
1230 1029 1468 1090 Commentariis
1492 1029 1589 1107 probe
1604 1027 1805 1106 intelligendis
1816 1029 1889 1090 viam

211 1128 364 1189 muniant.
381 1129 519 1190 Priorem
536 1129 652 1189 librum
667 1134 786 1191 veteres
801 1129 935 1190 editores
959 1128 1089 1188 minoris
1105 1146 1178 1188 sane
1201 1128 1351 1198 lecerunt,
1369 1127 1432 1189 sive
1453 1126 1536 1205 quod
1555 1143 1686 1205 parvum
1701 1145 1719 1185 a
1733 1125 1822 1186 sterili
1833 1144 1890 1186 ma·

209 1226 289 1288 teria
303 1226 362 1287 sibi
375 1225 476 1288 laudis
490 1227 628 1288 fructum
653 1232 824 1305 sperarent,
851 1227 915 1286 sive
938 1226 1020 1305 quod
1045 1225 1196 1304 imperitis
1210 1244 1299 1287 suam
1315 1224 1442 1304 probari
1457 1241 1548 1303 posse
1564 1241 1692 1302 operam
1705 1241 1765 1284 non
1779 1223 1892 1284 arbitra-

208 1330 326 1384 rentur.
344 1325 486 1403 Nuperus
500 1343 574 1387 vero
589 1325 905 1404 Hieronymianarum
921 1324 1134 1394 Quaestionum
1152 1325 1269 1384 Auctor
1283 1327 1401 1396 eum,ut
1417 1328 1447 1383 et
1460 1322 1624 1402 plerosque
1640 1320 1717 1382 alios
1731 1321 1892 1400 Hieronymi

208 1420 342 1492 labores,
359 1421 439 1482 nihil
455 1439 531 1495 esse,
549 1426 603 1482 aut
618 1440 769 1500 perquam
785 1422 905 1500 exigua
937 1421 1077 1482 utilitatis
1092 1420 1269 1482 blateravit.
1295 1421 1350 1482 Cui
1364 1425 1460 1480 tantae
1480 1418 1616 1480 hominis
1631 1418 1794 1479 temeritati
1807 1419 1893 1480 multa

209 1519 348 1598 reposuit
362 1519 561 1581 Martianaeus
576 1519 608 1578 in
623 1519 776 1597 Apologia
793 1537 799 1578 :
817 1518 953 1597 palmari
967 1523 1071 1578 autem
1095 1519 1155 1579 hoc
1171 1537 1233 1579 uno
1248 1523 1435 1598 argumento
1449 1516 1572 1578 retundi
1586 1520 1722 1594 poteret.
1738 1514 1802 1578 Sint
1815 1515 1896 1576 inter-

209 1617 294 1690 dum,
313 1614 426 1686 utvult‚
443 1615 588 1676 violenta>
604 1615 749 1693 qnaedam
764 1614 976 1694 etymologiae,
988 1615 1049 1675 sint
1059 1614 1129 1676 aliae
1143 1617 1360 1692 subabsurda,
1372 1616 1433 1676 sint
1448 1621 1477 1676 et
1488 1620 1597 1676 contra
1608 1614 1725 1693 linguae
1736 1613 1895 1692 ingenium,

208 1731 271 1773 non
285 1713 345 1772 hoc
362 1718 467 1773 tamen
481 1713 556 1774 vitio
572 1717 674 1774 vertas
689 1713 891 1792 Hieronymo,
910 1712 963 1790 qui
979 1713 1060 1772 hanc
1089 1731 1107 1771 a
1123 1732 1154 1772 se
1169 1713 1486 1791 culpamdeprecetur
1499 1711 1531 1771 in
1559 1711 1760 1783 Praelatione,
1777 1713 1896 1789 dumque

171 1853 175 1862 .
209 1808 404 1887 propositum
419 1810 559 1869 Graecum
575 1807 745 1887 exemplar,
762 1815 856 1887 prout
870 1809 984 1879 decuit,
997 1809 1131 1869 fideliter
1143 1810 1248 1880 vertit,
1260 1809 1392 1869 subinde
1406 1808 1499 1869 etiam
1514 1808 1665 1869 lectorem
1676 1827 1766 1869 suum
1780 1807 1898 1878 monuit,

209 1923 247 1966 ne
261 1924 324 1984 qua
338 1905 417 1965 falsa
440 1906 576 1966 nominis
601 1906 858 1985 interpretatione
885 1907 1088 1984 deciperetur.
1119 1907 1300 1966 Hcontrario
1325 1923 1472 1985 magnam
1495 1905 1631 1966 inierita
1655 1905 1747 1966 nobis
1769 1905 1898 1984 gratiam,

209 2003 293 2083 quod
310 2021 381 2064 eum
396 2002 525 2065 Librum
542 2003 649 2064 Latine
663 2004 784 2079 voterit,
801 2024 836 2066 sc
851 2006 963 2083 sapius
978 2004 1161 2077 emendarit,
1180 2023 1241 2083 quo
1257 2004 1484 2084 propemodum
1500 2022 1562 2064 uno
1578 2009 1609 2064 et
1623 2003 1726 2064 Graeci
1739 2002 1860 2082 pridem,
1875 2005 1902 2060 et

210 2107 319 2178 postea
334 2101 437 2160 Latini
450 2100 589 2179 plerique
604 2119 711 2163 omnes
726 2106 909 2162 tractatores
925 2102 971 2161 usi
986 2107 1058 2160 sunt
1073 2102 1112 2161 ad
1128 2101 1313 2179 allegoricos
1328 2120 1446 2175 sensus,
1458 2118 1496 2161 ex
1511 2100 1676 2161 nominum
1693 2097 1902 2178 significatione

208 2198 393 2279 captandos,
410 2205 440 2258 et
455 2218 517 2277 quo
533 2199 611 2259 adeo
628 2205 693 2260 tota
709 2218 818 2261 eorum
842 2199 1025 2278 tropologiae
1042 2201 1132 2271 ratio,
1149 2205 1296 2278 tantaque
1311 2199 1504 2278 antiquitatis
1518 2199 1673 2259 memoria
1691 2197 1871 2259 continetur.

249 2312 309 2384 Qui
323 2313 523 2389 subsequitur
537 2311 572 2373 de
595 2312 762 2374 Palaestina
789 2313 882 2388 Locis,
910 2332 947 2374 ex
972 2315 1095 2374 Eusebii
1118 2316 1237 2388 Gracco,
1261 2332 1353 2393 quem
1369 2333 1431 2375 una
1454 2318 1731 2393 representamus,
1757 2310 1904 2373 Latineab

213 2411 404 2491 Hieronymo
420 2415 466 2470 est
479 2411 637 2471 redditus:
654 2411 735 2471 nihil
749 2431 809 2490 que
818 2411 886 2490 jam
900 2412 971 2472 dico
982 2413 1021 2472 de
1035 2430 1158 2474 summa
1177 2412 1244 2491 ejus
1259 2411 1450 2491 praestantia,
1477 2429 1572 2489 quam
1584 2417 1705 2472 temere
1719 2410 1802 2471 idem
1816 2405 1909 2470 convi·
2012 2465 2013 2468 ,

214 2507 723 2570 1111111111111111.Ε11111111111
739 2528 776 2569 ex
791 2510 851 2570 hac
867 2516 973 2570 nostra
988 2508 1082 2588 hujus
1096 2511 1238 2590 opusculi
1262 2509 1484 2589 recognitione,
1501 2527 1557 2569 cur
1572 2508 1648 2568 satis
1665 2509 1755 2570 illum
1774 2506 1909 2588 poenitcat

209 2624 324 2684 magno
339 2606 529 2684 Hieronymo
542 2606 782 2683 dictissuperbis
796 2607 1072 2667 illussisc.Nullum
1082 2608 1145 2668 fere
1160 2608 1378 2685 locnm‚quem
1389 2607 1443 2668 ille
1454 2605 1640 2684 suggillant,
1655 2607 1792 2668 liberare
1805 2604 1910 2665 calum·
2012 2639 2013 2648 .

209 2704 261 2764 nia
277 2701 531 2782 praetermisimus
546 2703 578 2762 in
606 2703 698 2775 notia,
716 2703 748 2762 in
779 2705 893 2781 quihus
922 2705 995 2765 data
1020 2707 1183 2766 occasione
1198 2705 1374 2776 lectionem,
1403 2704 1762 2784 interpretationemque
1775 2703 1912 2776 Hierony·
2012 2693 2013 2700 '

209 2801 360 2876 misnam,
377 2804 431 2861 aut
445 2799 896 2862 vitiatamscribarumincuria
911 2801 1114 2873 restituimus
1131 2807 1309 2864 auttemere
1324 2803 1483 2881 culpatam
1498 2800 1801 2863 defendimusNam
1811 2805 1842 2860 et
1854 2794 1911 2856 leli·
1969 2865 1973 2876 ¹
2012 2783 2013 2866 1

209 2898 286 2960 11111
301 2917 397 2977 quam
413 2897 468 2958 ulli
484 2904 576 2958 antea
600 2897 755 2958 editorum
779 2898 909 2977 hujusce
932 2899 1005 2959 libri
1020 2899 1195 2977 contigerit,
1223 2901 1349 2962 fortuna
1374 2899 1455 2974 utor,
1477 2899 1617 2978 quicum
1632 2901 1800 2961 Vaticana
1815 2893 1913 2958 biblio·

208 2997 309 3060 thecae
325 2996 445 3056 loculos
461 2995 633 3074 diligentia,
649 3002 766 3074 quanta
794 3003 949 3074 poteram,
966 2997 1103 3057 maxima
1127 2997 1360 3075 perlustrarem,
1377 2998 1458 3058 inter
1481 2997 1554 3070 alia,
1572 3016 1645 3076 quaa
1672 2999 1715 3058 ad
1739 3015 1807 3058 rem
1823 3007 1915 3056 meam
2012 3003 2013 3036 ³

208 3093 357 3166 11111111,
374 3092 539 3154 1111111111
556 3110 680 3172 quoque
694 3099 797 3153 textus
813 3094 972 3172 exemplar
992 3100 1277 3164 monumemtum,
1296 3095 1370 3155 setis
1393 3095 1569 3173 antiquum,
1587 3099 1683 3174 atque
1708 3095 1915 3174 optimarum
2012 3101 2013 3154 l

208 3191 319 3270 primis
334 3195 417 3252 notae
433 3189 623 3260 deprehendi
636 3207 643 3262 ;
661 3187 838 3267 cujusmodi
852 3190 973 3251 nullum
991 3196 1096 3252 extare
1121 3192 1206 3253 docti
1219 3193 1278 3255 viri
1292 3194 1573 3271 conquerebantur.
1603 3192 1767 3255 Nimirum
1781 3197 1842 3253 tres
1854 3193 1917 3247 tan·
2012 3181 2013 3252 1

208 3293 276 3349 tum
299 3291 450 3349 Hactenus
476 3277 676 3348 innotuerant
704 3285 771 3365 ejus
787 3289 934 3367 Opusculi
959 3290 1081 3350 codices
1104 3308 1178 3351 mss.
1195 3309 1329 3369 quorum
1349 3292 1485 3369 primum
1500 3289 1684 3352 Bonfrerius
1700 3310 1717 3352 e
1731 3288 1914 3352 bibliotheca
2012 3273 2013 3338 1

210 3386 306 3466 Regia
320 3385 459 3448 Parisina
474 3384 581 3456 edidit,
598 3384 796 3446 Martianaeus
811 3387 992 3464 recognovit
1007 3406 1014 3446 :
1031 3387 1163 3448 alterum
1179 3387 1363 3448 Oxoniensis
1378 3391 1481 3451 servat
1496 3387 1670 3449 Academia
1683 3387 1834 3450 :tertium
1847 3386 1918 3460 Lug·

211 3485 289 3545 duni
303 3485 492 3546 Batavorum
506 3502 522 3543 e
536 3483 686 3543 Vossiana
702 3482 893 3544 bibliotheca
907 3485 938 3544 in
954 3485 1113 3564 publicam
1133 3485 1200 3564 ejus
1225 3484 1398 3546 Academiae
1427 3491 1586 3546 curatores
1602 3486 1760 3548 dicuntur
1777 3483 1918 3546 intulisse.

212 3583 251 3641 At
274 3581 368 3660 hujus
396 3580 580 3659 inspiciendi
604 3580 727 3658 copiam
760 3581 877 3642 nemini
892 3581 1042 3642 hactenus
1063 3583 1178 3642 iactam
1212 3583 1417 3644 Rhenlerdius
1445 3582 1550 3643 dolet:
1577 3585 1800 3646 Oxonienscm
1826 3593 1923 3642 veroa

210 3677 351 3741 Parisino
380 3684 452 3739 ante
467 3696 583 3757 paucos
596 3696 693 3738 annos
708 3677 801 3737 fuisse
816 3677 1017 3756 descriptum,
1035 3679 1088 3757 qui
1103 3679 1148 3739 illi
1163 3680 1364 3742 Bibliothecae
1379 3686 1519 3759 praesunt
1528 3699 1591 3741 non
1600 3681 1798 3744 diffitentur.
1815 3681 1859 3740 Hx
1869 3690 1922 3734 uno

211 3775 306 3854 igitur
323 3777 417 3855 Regio
433 3776 576 3854 exemplo
592 3777 752 3837 adornatae
780 3775 931 3836 hactenus
954 3777 1104 3838 editiones
1127 3778 1309 3841 derivantur
1324 3797 1330 3838 τ
1347 3779 1425 3838 11111
1448 3796 1522 3840 vero
1545 3779 1599 3841 vix
1617 3779 1711 3841 dictu
1729 3786 1790 3851 est,
1812 3771 1926 3858 quantis
2012 3823 2013 3870 y

213 3879 331 3934 scateat
346 3873 478 3946 mendis,
494 3891 588 3952 quam
606 3873 686 3933 male
700 3873 1035 3948 multatum,luxatum,
1053 3875 1219 3954 multisque
1232 3875 1301 3936 aliis
1317 3876 1417 3937 modis
1432 3876 1564 3954 pessime
1584 3876 1740 3938 habitum
1756 3877 1809 3937 sit.
1826 3876 1926 3934 licon·
2012 3872 2013 3952 1

211 3970 309 4031 trario
325 3971 407 4048 quod
424 3971 502 4030 mihi
517 3971 624 4030 datum
638 3977 684 4031 est
699 3972 844 4050 reperire,
862 3973 985 4032 tametsi
1000 3973 1085 4033 omni
1107 3991 1234 4051 prorsus
1248 3973 1324 4035 vitio
1343 3991 1407 4033 non
1422 3979 1536 4044 careat,
1553 3979 1731 4036 esttamen
1748 3981 1820 4036 tum
1837 3966 1930 4033 1111111

211 4067 312 4128 multo
329 4067 517 4141 vetustioris,
535 4086 667 4146 quaeque
683 4069 837 4129 decimum
854 4070 991 4130 seculum
1009 4075 1192 4142 antevertat,
1210 4090 1281 4131 cum
1295 4069 1388 4150 longe
1403 4071 1630 4150 prestantioris
1645 4081 1738 4134 notae
1751 4097 1759 4136 :
1772 4069 1863 4149 cujus
1877 4079 1929 4142 ope
2012 4059 2013 4146 1

213 4171 259 4226 111
273 4166 393 4229 vitiosae
409 4171 501 4228 antea
515 4166 665 4227 lectiones
689 4167 903 4240 restituuntur,
921 4172 967 4226 tot
980 4168 1164 4246 supplentur
1188 4168 1321 4236 lacunae,
1348 4173 1381 4228 ut
1395 4187 1433 4229 ex
1457 4189 1494 4231 eo
1509 4170 1646 4248 primum
1665 4172 1799 4250 integer
1812 4161 1931 4232 Eusehii
2012 4235 2013 4246 ἵ

214 4270 316 4325 textus
327 4265 358 4324 in
373 4265 473 4324 lucem
489 4265 614 4343 prodire
629 4263 782 4324 videatur.
801 4265 871 4323 Fuit
886 4264 961 4324 olim
978 4265 1035 4326 iste
1051 4267 1208 4345 quantivis
1221 4267 1311 4346 pretii
1336 4285 1392 4326 ms.
1410 4266 1604 4328 celeberrimi
1619 4269 1805 4330 cardinalis
1821 4260 1932 4327 Sirletis
2012 4251 2013 4312 1

211 4379 295 4422 1111
310 4362 391 4422 11111
406 4363 573 4424 Vaticanus
588 4381 751 4423 numerum
767 4364 851 4420 tenet
867 4363 954 4435 1156,
973 4363 1133 4442 multaque
1149 4363 1211 4423 alia
1236 4366 1273 4425 11
1291 4383 1355 4424 rem
1375 4369 1515 4424 nostram
1529 4366 1685 4439 continet,
1704 4386 1783 4447 quaa
1798 4384 1857 4427 suo
1871 4361 1934 4422 loco

212 4459 244 4518 in
259 4459 374 4519 Graecae
389 4460 578 4538 Appendicis
592 4457 813 4519 Admonitiona
830 4476 1050 4520 memoramus

251 4566 268 4627 J
274 4583 324 4624 am
340 4565 454 4625 abhoc
472 4565 639 4626 universali
653 4567 815 4644 Apparatu
831 4565 940 4643 primae
964 4573 1131 4628 occurrunt
1152 4567 1328 4643 Ouoestt'ones
1342 4567 1501 4631 Hebraico
1517 4571 1547 4630 in
1563 4569 1717 4654 Genesim,
1730 4573 1749 4635 J
1754 4572 1936 4634 udaicarum

214 4662 444 4735 Traditionum
463 4662 741 4741 reconditiorisque
753 4663 905 4723 doctrinae
921 4664 1096 4726 thesaurus.
1109 4665 1270 4745 Ejusmodi
1281 4667 1419 4728 laborem
1431 4667 1464 4728 in
1479 4674 1608 4729 cmtcros
1619 4687 1758 4749 quoque
1771 4669 1935 4748 Scriptura

215 4761 312 4822 libros
328 4760 458 4821 adorsus
473 4766 518 4820 est
533 4761 563 4822 S.
581 4761 691 4834 Pater;
709 4760 762 4820 sed
787 4762 1052 4839 quemadmodum
1068 4764 1099 4823 in
1128 4763 1266 4841 generali
1290 4765 1480 4826 Praeiatione
1503 4765 1717 4837 ostendimus,
1739 4764 1939 4836 autminime

199 4859 353 4938 perfecit,
372 4878 442 4937 quae
458 4858 497 4918 ad
513 4858 622 4920 rudem
637 4877 744 4918 earum
759 4865 938 4920 contextum
956 4861 1190 4938 informaverat,
1209 4867 1262 4923 aut
1277 4864 1361 4941 quod
1378 4863 1523 4942 proprius
1538 4863 1577 4923 ad
1594 4863 1693 4924 fidem
1712 4865 1859 4936 videtur,
1878 4877 1939 4920 mu·

210 4961 277 5018 tato
291 4956 508 5028 consilio,cum
524 4961 632 5034 postea
647 4955 894 5016 Commentarios
908 4957 1213 5029 elaboraret,relictis
1227 4959 1373 5038 illisque
1399 4960 1604 5021 tumultuario
1621 4969 1858 5041 congesserat,
1874 4972 1942 5017 usus

213 5060 355 5114 est2aut
369 5055 502 5133 denique
517 5053 669 5132 quidquid
696 5053 773 5114 illud
803 5058 881 5114 esset
909 5055 1012 5132 operis
1045 5056 1127 5117 intra
1151 5057 1338 5118 domesticos
1362 5057 1495 5135 parietes
1518 5057 1673 5129 cohibuit,
1703 5078 1768 5121 nec
1795 5051 1940 5121 editionis

210 5150 324 5214 honori
339 5153 491 5230 permisit.
508 5153 595 5212 Certe
607 5170 677 5213 eum
693 5169 746 5229 per
774 5151 805 5210 id
822 5151 981 5229 temporis,
1000 5172 1062 5231 quo
1077 5155 1114 5214 iis
1130 5154 1359 5225 Quaestionihns
1386 5155 1577 5215 adornandis
1596 5155 1829 5233 incumbebat,
1847 5170 1939 5231 saepe·

213 5263 276 5315 eas,
293 5252 323 5307 et
337 5249 472 5309 maxime
487 5249 518 5309 in
535 5249 614 5310 libro
630 5248 664 5310 de
680 5249 764 5308 Locis
784 5253 945 5322 memoret,
964 5257 1034 5328 post
1063 5253 1183 5330 aliquot
1198 5270 1297 5312 annos
1320 5271 1393 5312 suos
1408 5253 1473 5332 ipse
1488 5254 1584 5314 libros
1599 5253 1631 5314 in
1646 5255 1820 5337 Catalogo
1835 5267 1940 5315 recen·

214 5360 294 5416 sens,
311 5348 427 5422 praeter
440 5345 521 5419 illas,
540 5366 610 5424 quae
628 5351 792 5425 supersunt
804 5346 902 5406 unicae
918 5346 950 5405 in
966 5347 1119 5422 Genesim,
1137 5349 1256 5409 nullam
1267 5348 1489 5410 Hebraicarum
1502 5351 1726 5422 Quaestionum
1745 5354 1941 5422 mentionem

207 5441 303 5513 facit,
321 5447 355 5498 nt
369 5442 533 5502 manifesto
548 5461 612 5504 non
628 5443 704 5505 alias
719 5443 750 5502 in
766 5460 895 5503 suorum
910 5443 1062 5506 librorum
1076 5464 1169 5507 censu
1185 5464 1250 5506 csse
1265 5445 1411 5506 declaret.

253 5555 332 5617 Hinc
347 5557 458 5633 grandi
470 5557 558 5616 hiatu
572 5557 757 5618 intermedio
773 5557 812 5617 ad
830 5557 1060 5623 Cominentorios
1075 5562 1107 5624 in
1121 5561 1153 5624 E
1154 5561 1320 5623 ccleatbsten
1340 5563 1568 5642 progredimur,
1584 5583 1664 5644 quos
1681 5565 1825 5644 plurimi
1836 5565 1942 5626 iecisse

210 5662 279 5740 ipse
291 5657 408 5718 Auctor
421 5653 554 5726 videtur,
571 5654 724 5736 siquidem
739 5655 778 5715 ad
795 5673 848 5717 eos
863 5675 956 5738 saepe,
982 5665 1015 5720 ut
1039 5679 1129 5724 suam
1141 5661 1252 5722 liberet
1269 5660 1374 5738 fidem,
1401 5667 1508 5724 contra
1538 5661 1638 5725 Rufini
1660 5663 1855 5728 calumnias
1874 5679 1930 5746 pro
