4068 6170
208 247 287 329 sees
951 243 1162 316 crannum.
1814 253 1876 332 aar

206 379 289 440 ribus
302 388 488 458 procreatus:
506 383 614 462 quippe
626 384 677 459 qui
692 385 727 446 ds
737 383 825 447 lsrael
837 384 948 446 semine
959 387 1073 455 matt
1123 381 1216 455 (Vera.
1245 382 1343 458 22)·
1376 367 1499 458 italique
1524 387 1622 442 autem
1647 400 1801 455 sermonem
1820 387 1877 446 uris
1972 413 1973 422 ν

243 473 336 543 (Vers.
353 475 410 548 24.)
426 498 440 526 «
457 475 549 536 Omne
568 493 682 552 quoqne
697 493 802 533 aurum
821 480 849 532 et
863 477 1029 548 argentum,
1087 472 1218 545 priorum
1233 477 1261 529 ot
1285 473 1524 542 novissimorum,
1545 473 1648 532 scribit
1671 475 1758 532 lsaiss
1780 477 1877 551 prophe·

207 566 237 619 ct
251 564 387 620 universa
402 580 465 637 quae
481 569 595 638 reperta
609 566 718 621 suntin
730 565 816 620 domo
826 563 943 619 Domini
954 561 1031 636 apud
1086 564 1126 618 ta.
1144 584 1158 612 a
1183 561 1274 620 isaias
1298 565 1326 620 et
1349 564 1491 638 propheta
1514 563 1650 638 scripsit:
1676 587 1691 614 α
1708 565 1738 620 ln
1759 581 1825 622 anuo
1837 583 1879 639 quo
1974 601 1975 608 .

207 651 404 709 obeb-Edem.
427 675 441 705 υ
466 653 549 728 Apud
573 653 760 710 Ohed-Edom
779 671 786 710 ε
810 651 880 726 quis
893 652 957 724 ejus
981 651 1032 708 tilii
1088 655 1223 708 mortuns
1238 655 1283 710 cst
1297 668 1346 708 rex
1361 652 1456 719 Ozias,
1472 653 1531 709 vidi
1556 652 1713 711 Dominum
1729 654 1880 712 sedentem»

210 741 801 816 custodiebantea,etabeodescriptasibi
811 740 1030 815 permanebant.
1088 741 1255 811 (lsc.vr,t):
1282 756 1404 797 scanno
1430 740 1513 797 illurn
1529 742 1882 800 mortuumtuisaedeacri-
1975 739 1976 760 ¹

243 829 326 904 (Vers
341 832 399 902 22.)
415 855 429 882 α
448 831 524 888 Vixit
542 831 675 890 Amasias
694 831 772 887 lilius
790 831 860 887 Joos
875 847 934 897 rex,
950 833 1032 902 post·
1087 827 1140 899 bit,
1156 846 1213 902 quo
1229 828 1309 902 lepra
1328 847 1486 904 persuasus
1501 835 1555 888 cat.

209 937 298 993 quam
319 925 455 978 mortuus
475 925 519 977 est
542 922 612 977 toas
637 920 716 977 lilius
738 919 847 977 Johanz
866 937 916 975 rex
931 917 1031 986 lsrael,
1123 919 1202 991 [Gap.
1225 918 1336 975 XXVli.
1353 917 1480 975 —Vcrs
1505 920 1545 992 3.)
1574 920 1635 976 «at
1661 921 1691 975 in
1717 920 1886 994 murchhel

210 993 485 1082 quihdccim'annis.
499 1031 513 1058 υ
532 1010 572 1065 llo
597 1009 767 1082 temporcin
780 1015 861 1065 utero
873 1008 1034 1064 habebatur
1088 1006 1181 1084 multa
1210 1007 1414 1064 construxit.»
1449 1009 1480 1065 tn
1513 1024 1596 1066 muro
1623 1008 1725 1082 Ophcl,
1750 1011 1885 1068 horestis

208 1097 302 1168 Ozias,
319 1097 369 1170 qui
391 1101 493 1169 postca
516 1099 648 1170 regnavit
668 1098 696 1153 iu
719 1097 892 1154 Jerusalem.
910 1095 991 1153 Unde
1005 1098 1034 1151 et
1088 1113 1173 1152 muro
1188 1097 1306 1166 achotes,
1322 1097 1398 1169 quod
1416 1096 1590 1170 intelligitur
1614 1099 1720 1156 Sancta
1735 1103 1888 1158 sauctorum.

208 1187 356 1252 scribitur,
375 1185 532 1243 «Sedecim
546 1203 690 1244 annorum
715 1192 778 1244 erat
796 1185 890 1256 Ozias,
906 1202 973 1242 cum
989 1201 1032 1240 re·
1088 1183 1231 1242 Dominus
1246 1186 1323 1242 cuim
1338 1185 1420 1254 dixit,
1439 1191 1470 1242 ut
1485 1187 1630 1244 habitaret
1645 1189 1675 1244 in
1690 1187 1803 1246 nebula.

208 1291 298 1350 gnaro
320 1275 466 1349 coepisset.
485 1297 500 1326 υ
528 1277 569 1332 Dx
588 1291 626 1332 eu
649 1280 789 1349 tempore,
815 1292 874 1348 quo
897 1271 1034 1330 discessit
1124 1275 1213 1347 (Vera.
1230 1274 1269 1346 8.)
1285 1297 1298 1324 r
1315 1274 1404 1332 Filius
1419 1275 1522 1350 viginti
1543 1277 1674 1350 quinque
1693 1295 1832 1334 annorum
1844 1287 1892 1338 crat

208 1365 344 1422 Amasiss
371 1382 388 1422 a
416 1363 550 1432 Domino,
580 1363 737 1421 insurrexit
762 1381 852 1437 super
879 1379 1032 1420 eumccn-
1086 1362 1235 1432 lentham,
1252 1380 1319 1419 curn
1350 1381 1473 1439 regnare
1496 1365 1641 1439 eoepisset.
1660 1389 1673 1416 o
1690 1367 1892 1426 Hiectiuitiun

205 1453 316 1526 juratio
340 1454 370 1510 in
395 1453 568 1511 Jerusalem.
593 1454 667 1519 Quia
695 1470 729 1510 ex
751 1471 784 1511 ec
808 1457 950 1526 tempore,
976 1468 1033 1524 quo
1088 1453 1169 1525 regni
1186 1454 1249 1525 ejus
1263 1457 1292 1512 et
1314 1453 1481 1511 innocentio
1504 1453 1696 1512 describitur:
1720 1460 1754 1514 ut
1768 1463 1891 1514 monstra·

209 1542 357 1616 prophetoe
372 1541 528 1600 consilium
552 1560 609 1600 non
631 1541 751 1612 audivit,
768 1559 862 1616 neque
882 1542 918 1598 ad
933 1541 1033 1598 uomi-
1088 1545 1133 1598 ret
1155 1557 1222 1598 cum
1246 1541 1276 1598 in
1301 1541 1469 1600 innocentia
1496 1558 1708 1616 perseverasse,
1739 1562 1797 1618 qua
1815 1547 1893 1620 caepit
1984 1542 1985 1566 ¹

209 1629 1034 1706 numconvertivoluit,preparatioecnjuraticnisillius
1125 1630 1206 1704 (Gap.
1236 1629 1335 1686 Xlttll.
1353 1635 1485 1688 -Vcrs
1513 1635 1555 1702 7.)
1583 1632 1706 1690 Masiam
1736 1634 1826 1690 lilium
1849 1639 1895 1692 lto
1985 1636 1986 1646 ’

209 1722 286 1778 iacta
315 1726 370 1789 est,
386 1725 415 1778 et
427 1725 549 1778 catenam
563 1721 665 1789 dilata,
681 1721 772 1778 donec
787 1721 822 1778 ad
846 1736 1033 1777 consumma·
1050 1718 1165 1828 Bloch,
1183 1743 1194 1772 ι
1213 1719 1242 1775 id
1258 1723 1304 1776 est
1318 1719 1414 1778 lilium
1438 1719 1526 1777 idolis
1549 1723 1685 1790 Ammon,
1702 1723 1781 1795 quod
1795 1725 1896 1780 vocaba-

210 1809 320 1867 ticnem
335 1810 507 1882 perveniret.
1093 1813 1141 1888 tur
1166 1807 1291 1879 Moloch,
1319 1809 1349 1865 id
1378 1815 1423 1866 cst
1450 1827 1510 1867 rex.
1539 1810 1649 1868 idcirco
1664 1811 1744 1868 anim
1760 1811 1898 1884 filinacjus

246 1899 340 1971 (Vera.
356 1899 415 1972 28.)
429 1921 443 1950 «
460 1903 708 1972 deportantesque
724 1915 814 1973 super
834 1915 937 1972 equos,
951 1915 1037 1972 sepe·
1092 1896 1209 1967 dicitur,
1225 1897 1303 1970 quod
1329 1897 1371 1952 illi
1396 1914 1479 1954 sacro
1502 1899 1676 1956 instituebat
1690 1905 1719 1956 et
1735 1900 1839 1957 cultus.
1853 1901 1899 1958 ilcc

212 1988 321 2046 lieruut
335 2004 414 2044 eum.
429 2011 442 2038 «
459 1988 521 2045 Non
537 1987 615 2044 enirn
630 1989 693 2044 sina
706 1986 1038 2060 cnusaScriptorsdicit
1091 1991 1120 2042 et
1139 1987 1168 2042 in
1181 1986 1307 2044 teremia
1322 1987 1413 2044 habes
1429 1988 1464 2045 de
1480 1987 1612 2056 ismaele,
1629 1989 1680 2062 qui
1695 1989 1899 2050 describiturde

211 2093 278 2135 oum
287 2093 376 2150 super
383 2093 483 2149 equos,
492 2077 711 2150 portatum;sed
719 2077 867 2151 colligitur
876 2077 941 2134 ideo
952 2076 1036 2133 illurn
1092 2091 1198 2149 genere
1213 2075 1302 2150 regio,
1318 2092 1386 2132 cum
1402 2094 1460 2133 non
1476 2077 1512 2134 de
1532 2093 1637 2151 genere
1652 2078 1734 2151 regio
1755 2079 1848 2146 luerit,
1861 2077 1900 2136 scd

212 2166 388 2240 portandum
404 2183 493 2239 super
507 2181 598 2238 equos
617 2167 686 2239 quia
710 2167 779 2224 deos
802 2167 905 2234 lidum,
932 2166 982 2240 qui
1007 2166 1036 2221 in
1092 2163 1128 2222 ds
1143 2163 1227 2232 Gcrc,
1244 2165 1662 2242 servoAEgvptotlarcm.xc1,
1685 2168 1811 2241 lecca).

211 2253 296 2327 equis
312 2255 514 2328 portabantur,
529 2255 700 2314 adoraverit.
718 2257 753 2311 ut
772 2255 881 2312 idcirco
897 2272 954 2310 non
970 2271 1037 2328 por·
1126 2251 1219 2325 (Vera.
1234 2253 1274 2324 9.)
1291 2281 1304 2304 u
1322 2254 1361 2310 lla
1373 2258 1546 2328 tempestate
1560 2260 1623 2312 erat
1646 2255 1684 2312 ibi
1706 2256 1848 2329 propheta
1860 2273 1903 2314 no·

211 2347 306 2401 tatum
330 2361 418 2416 super
450 2344 608 2402 humeros:
643 2345 712 2417 quia
742 2344 907 2417 neglexerat
930 2344 1038 2400 servire
1093 2341 1344 2416 mineObeth(b).
1363 2365 1377 2392 υ
1402 2347 1468 2417 lpse
1491 2347 1537 2400 ost
1557 2344 1904 2418 patcrAzcrias,quiAsa

212 2433 270 2492 Dec
286 2431 385 2502 lsrael,
401 2433 487 2506 cujus
502 2433 640 2506 mysteria
657 2451 746 2506 super
769 2433 908 2491 humarus
922 2432 1037 2490 thati·
1093 2428 1153 2504 regi
1170 2431 1360 2504 prophetavit.
1371 2432 1411 2488 Ad
1433 2432 1666 2506 prophetandum
1685 2434 1904 2493 eniminhcma-

211 2526 308 2579 tarum
324 2522 432 2595 portari
446 2523 585 2594 jusserat.
1093 2515 1166 2574 riam
1201 2523 1328 2587 venerat,
1358 2520 1429 2593 quia
1457 2521 1492 2577 de
1519 2520 1598 2578 Juda
1624 2525 1696 2579 crat.
1725 2522 1835 2580 idcirco
1858 2539 1905 2580 nou

247 2612 328 2683 (Dap.
344 2611 441 2669 xxvi.
457 2643 491 2652 -
514 2611 592 2670 Vera.
619 2612 658 2684 l.)
681 2611 765 2670 Ozias
786 2611 816 2668 in
838 2610 1037 2683 ‘Paralipoma-
1092 2606 1181 2664 dixit:
1202 2611 1265 2666 llecc
1288 2611 1353 2666 dicit
1377 2611 1532 2680 Dominas;
1559 2611 1700 2683 quianon
1724 2616 1813 2669 erant
1837 2612 1905 2686 digni

213 2715 290 2774 non:
306 2699 336 2756 in
364 2699 488 2774 Regum,
511 2699 632 2758 Acerina
653 2699 792 2757 scribitur
815 2699 893 2760 iilius
914 2697 1038 2758 Amasis
1092 2713 1227 2754 sermone
1243 2699 1401 2773 prophete.
1418 2699 1513 2756 iratus
1527 2699 1605 2758 enim
1629 2705 1692 2757 arat
1706 2701 1788 2758 Deus
1802 2702 1866 2760 illis.
1882 2706 1907 2757 lo

213 2788 259 2864 (Ν
272 2789 334 2861 licp.
351 2806 408 2859 xvv,
432 2788 490 2862 et.)
513 2788 597 2846 Ozias
621 2789 699 2845 enirn
720 2790 936 2861 interpretatur,
951 2789 1039 2845 virtus
1092 2785 1147 2842 hcc
1164 2785 1224 2843 solo
1243 2787 1304 2844 ioco
1320 2788 1414 2846 Acbaz
1429 2794 1549 2846 vocatur
1575 2806 1625 2846 rex
1640 2789 1726 2848 lsrael
1745 2807 1752 2845 :
1770 2807 1827 2848 non
1841 2790 1908 2863 quod

215 2879 273 2936 Dei.
291 2878 423 2947 Azarias,
446 2878 586 2939 ancilium
610 2879 728 2936 Domini.
754 2879 864 2936 idcirco
886 2877 966 2934 anim
980 2877 1038 2932 vir·
1093 2892 1182 2948 super
1196 2892 1312 2934 omnem
1339 2875 1428 2936 lsrael
1453 2877 1625 2949 regnaverit,
1641 2879 1694 2936 sed
1716 2880 1790 2952 quia
1806 2885 1911 2938 secutus

212 2972 262 3024 tus
284 2967 401 3024 Domini
424 2971 555 3034 vocatur,
579 2966 648 3039 quio
671 2983 778 3040 magna
801 2968 830 3023 in
854 2983 922 3023 eum
945 2966 1039 3022 virtus
1093 2964 1132 3020 sit
1147 2981 1235 3038 opera
1251 2982 1352 3040 regum
1378 2965 1483 3024 lsrael:
1509 2965 1539 3022 in
1563 2970 1678 3022 tantuna
1694 2970 1724 3024 et
1740 2967 1840 3026 nullus
1855 2972 1910 3026 anta

214 3055 332 3114 Domini
355 3060 474 3114 ostensa
498 3059 543 3112 est
566 3055 753 3127 percussione
775 3055 872 3128 lepra,
898 3059 927 3111 et
955 3059 1037 3112 terra
1093 3070 1161 3110 eum
1176 3055 1211 3110 dc
1227 3053 1344 3128 regibus
1360 3055 1484 3128 nequior
1506 3054 1603 3112 tuerit.
1623 3055 1749 3114 Undeet
1764 3057 1911 3114 diciturda

215 3149 295 3202 motu
312 3145 397 3202 tacto.
1052 3136 1074 3198 C
1092 3159 1136 3210 eo,
1153 3143 1231 3230 quod
1247 3144 1389 3202 nudasset
1404 3144 1510 3202 tudam
1523 3145 1674 3218 preceptis
1692 3149 1722 3200 et
1738 3145 1848 3202 auxilio
1858 3145 1909 3214 Dei,

251 3233 345 3304 (Vera.
361 3234 401 3304 5.)
417 3255 431 3282 «
448 3233 609 3304 Exquisivit
623 3233 715 3290 Deum
731 3233 759 3288 in
771 3233 874 3290 diebus
885 3233 1039 3302 Zacharia,
1095 3230 1171 3290 sicut
1185 3233 1220 3288 dc
1234 3235 1328 3290 Aaron
1345 3232 1493 3304 scribitur,
1510 3233 1587 3307 quod
1610 3234 1753 3292 nudasset
1769 3235 1912 3310 populum,

216 3320 408 3392 intelligentis
433 3327 460 3377 et
484 3321 609 3378 videntis
633 3322 735 3378 Deum.
752 3343 765 3371 n
786 3321 940 3378 Zacharias
961 3322 1039 3379 tilius
1095 3321 1181 3377 Auxit
1196 3325 1398 3395 contemptum
1413 3323 1448 3396 (c)
1459 3323 1581 3396 ipserex
1597 3323 1702 3380 Achae.
1714 3324 1801 3391 Quod
1812 3323 1914 3383 videtur

216 3409 370 3478 Zacharia,
387 3409 439 3466 lilii
453 3409 571 3476 Joiadsr,
588 3410 638 3482 qui
655 3415 720 3483 post
739 3419 860 3468 mortem
881 3411 972 3484 patris
987 3427 1038 3467 na·
1094 3409 1179 3482 quasi
1195 3410 1388 3482 superfluum.
1405 3411 1485 3478 Quod
1497 3411 1569 3468 dicit
1578 3411 1651 3484 ipse,
1663 3428 1755 3470 causa
1765 3411 1913 3470 notationis

216 3501 275 3566 tus,
291 3498 468 3571 posthumus
493 3498 583 3570 patris
599 3515 704 3556 nornen
722 3500 843 3558 sortitus
857 3505 911 3558 est.
929 3499 1038 3558 intelli·
1094 3499 1148 3556 boc
1164 3499 1241 3555 iacit.
1258 3499 1345 3556 Notat
1371 3498 1449 3556 enirn
1473 3501 1538 3572 ejus
1553 3499 1709 3565 malitiam,
1724 3501 1807 3558 sicut
1820 3507 1849 3558 et
1861 3516 1913 3558 cra·

215 3602 288 3660 gens
302 3587 380 3646 cuim
394 3593 423 3645 ct
436 3587 538 3645 videns
551 3589 710 3648 dicebatur.
727 3587 906 3662 intelligens,
923 3593 1041 3662 propter
1095 3589 1146 3645 bro
1162 3589 1190 3646 in
1205 3587 1323 3646 laudem
1340 3587 1395 3645 boc
1411 3590 1449 3662 (d)
1464 3605 1624 3662 pronomen
1641 3590 1710 3662 poni
1726 3591 1816 3648 solet.

214 3677 426 3746 sacerdotium
441 3677 554 3743 videns,
569 3682 687 3750 propter
701 3677 895 3752 prophetiam.
1128 3677 1220 3746 (Vars.
1247 3679 1305 3750 27.)
1335 3701 1349 3730 a
1364 3679 1398 3734 itt
1427 3677 1605 3752 sepelierunt
1632 3695 1699 3734 eum
1727 3677 1760 3738 in
1776 3679 1914 3738 civitatem

249 3767 396 3840 (Vers't.)
425 3768 560 3826 «Contra
588 3769 709 3837 Arabes,
739 3767 789 3840 qui
809 3767 980 3824 habitabant
1007 3767 1037 3824 in
1091 3765 1274 3836 Jerusalem;
1292 3766 1914 3842 aquinconsepelieruntcuminsepulcro

211 3854 348 3912 Gurbaal.
367 3879 381 3906 υ
397 3857 464 3927 ipsa
487 3861 532 3914 eat
556 3855 674 3923 Gercra,
700 3856 728 3912 in
748 3872 808 3928 qua
835 3855 1038 3929 peregrinatus
1092 3871 1206 3928 regum,
1222 3855 1271 3912 sed
1289 3855 1320 3911 in
1334 3855 1497 3912 Jerusalem
1514 3855 1631 3912 civitate
1643 3855 1673 3911 in
1685 3855 1742 3912 alio
1754 3856 1831 3914 locu.
1843 3857 1914 3923 Quod

211 3949 257 4002 est
269 3944 427 4010 Abraham.
1091 3961 1158 4000 vero
1173 3943 1259 4001 dicit:
1279 3965 1293 3996 ι(
1308 3945 1371 4000 Νυυ
1395 3948 1568 4018 receperunt
1587 3961 1655 4000 eum
1675 3944 1704 4000 in
1720 3945 1861 4018 sepulcro
1876 3961 1913 4002 ra·

245 4035 338 4108 (Vera.
354 4037 396 4104 D.)
411 4057 426 4086 a
441 4035 602 4094 AEdilrcavit
617 4035 701 4094 Ozias
722 4041 816 4094 turres
831 4035 1035 4092 interneciem
1090 4049 1161 4106 gum
1188 4031 1288 4100 lsrael,
1307 4055 1320 4083 υ
1345 4037 1429 4090 scoot
1452 4033 1482 4089 in
1504 4033 1642 4090 llebraeo:
1668 4033 1749 4106 quod
1764 4035 1855 4108 quasi
1865 4035 1913 4108 ipsi

210 4124 558 4197 superportamtnguli,
579 4128 837 4198 etsuperportom
855 4123 1036 4197 Vallis,por·
1090 4137 1157 4178 curn
1189 4139 1246 4178 non
1275 4123 1446 4196 receperint,
1475 4123 1527 4195 qui
1557 4122 1596 4180 ibi
1626 4123 1733 4195 sepulti
1760 4124 1912 4180 suntzsrd

209 4217 269 4270 tarn
284 4212 430 4282 civitatis,
447 4229 464 4271 a
485 4217 569 4286 porta
588 4213 737 4287 Ephraim,
754 4214 898 4287 usquead
921 4217 1034 4285 portam
1090 4211 1229 4284 quoniam
1242 4210 1348 4268 melius
1358 4209 1480 4284 intelligi
1491 4211 1604 4282 debeat,
1617 4214 1668 4267 sut
1679 4211 1717 4268 sb
1726 4210 1859 4284 aedituis,
1870 4211 1914 4286 qui

209 4302 337 4376 Anguli;
363 4319 451 4377 quam
475 4303 544 4361 tuas
568 4319 616 4360 rea
637 4302 725 4360 lsrael
755 4303 948 4371 destruxerat,
973 4303 1035 4375 ipse
1089 4301 1191 4357 eadem
1207 4299 1342 4375 sepulcra
1357 4299 1573 4370 custodiebant,
1600 4299 1785 4374 prohibitum
1799 4307 1915 4370 est,cut

209 4390 393 4450 instauravit.
409 4415 423 4442 υ
439 4393 555 4448 Portam
570 4391 648 4447 anim
660 4391 931 4464 Ephraimportam
941 4390 1034 4448 Vallis
1088 4387 1145 4447 olio
1160 4389 1259 4463 atiquo
1274 4390 1372 4454 modo,
1393 4388 1543 4448 voluntate
1562 4392 1659 4450 tamen
1675 4389 1733 4446 Dei.

208 4479 350 4536 nominat.
369 4481 399 4536 ln
415 4480 584 4540 aedificando
600 4479 695 4536 noluit
714 4481 778 4552 ejus
793 4497 898 4538 nomen
915 4497 1031 4554 ponere,
1048 4502 1087 4568 D,
1122 4479 1202 4552 (Cap.
1228 4479 1325 4534 XXIX.
1341 4510 1375 4519 -
1388 4478 1466 4536 tiore.
1491 4478 1531 4550 t.)
1558 4501 1568 4530 ι
1586 4477 1697 4536 Nomen
1723 4480 1834 4550 matris
1856 4480 1912 4550 eius

206 4569 285 4640 quud
302 4569 331 4626 in
352 4568 530 4628 destruendo
546 4573 691 4642 posucrat.
707 4569 765 4626 Nec
780 4569 945 4628 immerito:
962 4569 1032 4642 quin
1087 4566 1168 4634 Abia,
1180 4589 1194 4618 υ
1209 4565 1421 4626 filichchariae
1432 4566 1593 4641 posthumi.
1605 4565 1749 4624 Zachariae
1767 4567 1912 4642 propheta

206 4655 256 4729 qui
277 4655 363 4714 idolis
379 4654 561 4727 immolabat,
587 4661 615 4714 at
634 4657 780 4730 particeps
801 4657 830 4714 in
855 4659 1032 4716 destruendo
1086 4659 1115 4712 st
1129 4656 1301 4726 sacerdotis,
1318 4655 1369 4729 qui
1384 4673 1402 4714 a
1415 4659 1470 4714 toa
1483 4671 1549 4730 rege
1564 4655 1733 4716 interiectus
1748 4661 1828 4714 erat.

205 4742 310 4813 luerat,
325 4742 356 4800 in
371 4743 560 4800 edificatione
575 4743 691 4817 proprio
706 4744 825 4802 nomine
851 4763 907 4803 uon
923 4747 1031 4803 meruit
1121 4745 1211 4813 (Vera.
1227 4745 1266 4817 3.)
1282 4767 1296 4794 v
1314 4747 1378 4819 lpse
1402 4744 1433 4800 in
1459 4761 1535 4802 anno
1559 4749 1589 4802 et
1603 4761 1705 4803 meuse
1719 4744 1821 4818 primo
1835 4746 1911 4821 regni

206 4832 381 4905 nuncupari,
404 4833 455 4889 sed
481 4832 598 4890 nomine
630 4833 714 4892 valiis
743 4839 889 4905 censetur,
913 4841 1031 4909 propter
1084 4833 1142 4890 sui.
1160 4835 1221 4890 »ln
1240 4833 1357 4892 Hebros
1377 4832 1483 4906 lingua
1508 4833 1656 4902 idiomate,
1681 4835 1773 4892 etiam
1800 4837 1912 4909 primus

206 4919 450 4982 humiliationem.
849 4963 855 4970 -
1084 4923 1146 4980 dies
1161 4923 1243 4995 regni
1258 4924 1322 4994 eJus
1337 4923 1368 4980 iu
1383 4922 1438 4979 hoc
1453 4922 1647 4996 descriptione
1662 4922 1854 4982 subauditur.

240 5011 331 5081 (Vera.
360 5013 418 5085 21.)
446 5012 478 5068 ln
504 5011 590 5070 domo
619 5016 764 5086 separata,
786 5013 872 5086 juxta
898 5015 976 5087 quod
998 5013 1028 5071 in
1119 5011 1212 5081 (Vera.
1240 5013 1277 5084 t.)
1302 5035 1316 5062 «
1341 5012 1461 5070 Aulerte
1484 5027 1603 5070 omnem
1626 5011 1855 5074 immunditiam
1878 5013 1909 5070 de

206 5097 328 5156 Levitico
343 5101 492 5160 scribitur.
1083 5100 1260 5170 sanctuario,
1278 5121 1289 5152 r
1306 5100 1335 5157 id
1347 5105 1401 5168 cst,
1412 5099 1491 5158 idola
1499 5117 1560 5174 quse
1573 5100 1672 5162 Achab
1682 5105 1837 5175 posuerat,
1849 5117 1908 5175 que

239 5293 277 5364 (a)
293 5295 475 5366 Ambrosias,
506 5301 589 5371 Cujus
616 5301 771 5358 ministerio
797 5317 879 5373 supcr-
901 5303 1025 5360 humeros
1117 5299 1151 5372 (c)
1167 5297 1300 5364 Martisn,
1318 5297 1425 5370 aliique
1441 5296 1521 5362 editi,
1532 5302 1694 5369 procacium,
1711 5297 1909 5360 renitentibus

203 5363 392 5447 Chcctrlorcm
406 5373 514 5437 portare
529 5371 599 5432 tuac
614 5376 716 5434 erant:
731 5373 777 5429 cui
794 5374 948 5445 postremis
964 5380 1025 5430 tan·
1081 5387 1134 5428 ms.
1161 5389 1176 5426 e
1201 5371 1308 5440 quibus
1333 5369 1517 5426 Ambrosian.
1541 5368 1621 5424 duait
1645 5373 1786 5442 praterea
1811 5369 1908 5437 haber,

201 5441 265 5492 turn
281 5437 375 5491 verbus
391 5453 472 5494 meus
488 5456 604 5514 quoque
620 5443 756 5498 concinit.
1079 5459 1130 5516 pro
1144 5444 1236 5499 aucit.

200 5505 480 5638 digmrbrosignil
491 5527 546 5566 ms.
564 5516 675 5572 nornine
688 5515 782 5586 Edam,
804 5520 832 5573 et
847 5515 934 5590 paulo
959 5521 1024 5588 post
1114 5513 1153 5586 (d)
1169 5513 1256 5570 Addit
1270 5511 1466 5570 Ambrosiam.
1486 5512 1535 5568 hoc
1548 5509 1636 5570 modo.

221 5594 237 5640 c
327 5593 409 5651 apro
443 5595 508 5636 aa.
