<?xml version="1.0" encoding="UTF-8"?>
<!DOCTYPE html PUBLIC "-//W3C//DTD XHTML 1.0 Transitional//EN"
    "http://www.w3.org/TR/xhtml1/DTD/xhtml1-transitional.dtd">
<html xmlns="http://www.w3.org/1999/xhtml" xml:lang="en" lang="en">
 <head>
  <title>
</title>
<meta http-equiv="Content-Type" content="text/html;charset=utf-8" />
  <meta name='ocr-system' content='tesseract 3.04.00' />
  <meta name='ocr-capabilities' content='ocr_page ocr_carea ocr_par ocr_line ocrx_word'/>
</head>
<body>
  <div class='ocr_page' id='page_1' title='image "./patrologiaecurs01goog/patrologiaecurs01goog_0686.png"; bbox 0 0 4068 6170; ppageno 0'>
   <div class='ocr_carea' id='block_1_1' title="bbox 134 271 1841 344">
    <p class='ocr_par' dir='ltr' id='par_1_1' title="bbox 134 271 1841 344">
     <span class='ocr_line' id='line_1_1' title="bbox 134 271 1841 344; baseline 0.001 -1"><span class='ocrx_word' id='word_1_1' title='bbox 134 271 217 344; x_wconf 70' lang='lat' dir='ltr'><strong>&#39;laet</strong></span> <span class='ocrx_word' id='word_1_2' title='bbox 698 275 851 340; x_wconf 80' lang='lat' dir='ltr'><strong>NOMINA</strong></span> <span class='ocrx_word' id='word_1_3' title='bbox 871 277 1065 342; x_wconf 80' lang='lat' dir='ltr'><strong>Loooaua</strong></span> <span class='ocrx_word' id='word_1_4' title='bbox 1082 276 1134 340; x_wconf 79' lang='lat' dir='ltr'><strong>ex</strong></span> <span class='ocrx_word' id='word_1_5' title='bbox 1155 277 1280 342; x_wconf 73' lang='lat' dir='ltr'><strong>Actis.</strong></span> <span class='ocrx_word' id='word_1_6' title='bbox 1756 277 1841 344; x_wconf 77' lang='lat' dir='ltr'><strong>laea</strong></span> 
     </span>
    </p>
   </div>
   <div class='ocr_carea' id='block_1_2' title="bbox 139 406 1841 1193">
    <p class='ocr_par' dir='ltr' id='par_1_2' title="bbox 139 406 1841 1193">
     <span class='ocr_line' id='line_1_2' title="bbox 140 406 1841 485; baseline -0.001 -16"><span class='ocrx_word' id='word_1_7' title='bbox 140 413 254 470; x_wconf 90' lang='lat' dir='ltr'><strong>obitum</strong></span> <span class='ocrx_word' id='word_1_8' title='bbox 268 407 374 467; x_wconf 82' lang='lat' dir='ltr'><strong>seculo</strong></span> <span class='ocrx_word' id='word_1_9' title='bbox 388 426 427 467; x_wconf 92' lang='lat' dir='ltr'><strong>vu</strong></span> <span class='ocrx_word' id='word_1_10' title='bbox 443 406 578 468; x_wconf 74' lang='lat' dir='ltr'><strong>Saraceni</strong></span> <span class='ocrx_word' id='word_1_11' title='bbox 592 409 736 468; x_wconf 80' lang='lat' dir='ltr'><strong>Damasco</strong></span> <span class='ocrx_word' id='word_1_12' title='bbox 751 411 839 484; x_wconf 90' lang='lat' dir='ltr'><strong>positi</strong></span> <span class='ocrx_word' id='word_1_13' title='bbox 854 411 933 467; x_wconf 81' lang='lat' dir='ltr'><strong>sint?</strong></span> <span class='ocrx_word' id='word_1_14' title='bbox 944 412 1001 467; x_wconf 91' lang='lat' dir='ltr'><strong>Nec</strong></span> <span class='ocrx_word' id='word_1_15' title='bbox 1017 411 1183 485; x_wconf 62' lang='lat' dir='ltr'><strong>scripsisset</strong></span> <span class='ocrx_word' id='word_1_16' title='bbox 1206 413 1410 485; x_wconf 76' lang='lat' dir='ltr'><strong>Hieronymus,</strong></span> <span class='ocrx_word' id='word_1_17' title='bbox 1429 411 1534 470; x_wconf 83' lang='lat' dir='ltr'><strong>Archia</strong></span> <span class='ocrx_word' id='word_1_18' title='bbox 1554 427 1637 470; x_wconf 79' lang='lat' dir='ltr'><strong>secra</strong></span> <span class='ocrx_word' id='word_1_19' title='bbox 1663 415 1841 485; x_wconf 76' lang='lat' dir='ltr'><strong>iraterpretori</strong></span> 
     </span>
     <span class='ocr_line' id='line_1_3' title="bbox 140 499 1841 574; baseline 0 -16"><span class='ocrx_word' id='word_1_20' title='bbox 140 502 261 558; x_wconf 82' lang='lat' dir='ltr'><strong>dicitur:</strong></span> <span class='ocrx_word' id='word_1_21' title='bbox 275 516 308 556; x_wconf 92' lang='lat' dir='ltr'><strong>eo</strong></span> <span class='ocrx_word' id='word_1_22' title='bbox 323 499 393 572; x_wconf 83' lang='lat' dir='ltr'><strong>qvod</strong></span> <span class='ocrx_word' id='word_1_23' title='bbox 406 501 443 555; x_wconf 83' lang='lat' dir='ltr'><strong>sit</strong></span> <span class='ocrx_word' id='word_1_24' title='bbox 457 501 532 571; x_wconf 78' lang='lat' dir='ltr'><strong>rapio</strong></span> <span class='ocrx_word' id='word_1_25' title='bbox 542 501 680 570; x_wconf 68' lang='lat' dir='ltr'><strong>thurifero</strong></span> <span class='ocrx_word' id='word_1_26' title='bbox 694 500 787 556; x_wconf 84' lang='lat' dir='ltr'><strong>odores</strong></span> <span class='ocrx_word' id='word_1_27' title='bbox 799 516 905 568; x_wconf 79' lang='lat' dir='ltr'><strong>ereans,</strong></span> <span class='ocrx_word' id='word_1_28' title='bbox 933 517 996 572; x_wconf 82' lang='lat' dir='ltr'><strong>que</strong></span> <span class='ocrx_word' id='word_1_29' title='bbox 1012 500 1134 556; x_wconf 89' lang='lat' dir='ltr'><strong>totidem</strong></span> <span class='ocrx_word' id='word_1_30' title='bbox 1149 501 1236 556; x_wconf 88' lang='lat' dir='ltr'><strong>verba</strong></span> <span class='ocrx_word' id='word_1_31' title='bbox 1257 505 1327 556; x_wconf 89' lang='lat' dir='ltr'><strong>sunt</strong></span> <span class='ocrx_word' id='word_1_32' title='bbox 1354 500 1457 566; x_wconf 82' lang='lat' dir='ltr'><strong>Isidori</strong></span> <span class='ocrx_word' id='word_1_33' title='bbox 1483 501 1675 574; x_wconf 80' lang='lat' dir='ltr'><strong>Hispalensis,</strong></span> <span class='ocrx_word' id='word_1_34' title='bbox 1696 503 1841 573; x_wconf 80' lang='lat' dir='ltr'><strong>Oriqinum</strong></span> 
     </span>
     <span class='ocr_line' id='line_1_4' title="bbox 141 588 1841 661; baseline 0.001 -16"><span class='ocrx_word' id='word_1_35' title='bbox 141 589 162 646; x_wconf 93' lang='lat' dir='ltr'><strong>l.</strong></span> <span class='ocrx_word' id='word_1_36' title='bbox 179 607 235 656; x_wconf 85' lang='lat' dir='ltr'><strong>xrv,</strong></span> <span class='ocrx_word' id='word_1_37' title='bbox 252 605 315 661; x_wconf 88' lang='lat' dir='ltr'><strong>cap.</strong></span> <span class='ocrx_word' id='word_1_38' title='bbox 332 588 359 659; x_wconf 84' lang='grc'><strong>3,</strong></span> <span class='ocrx_word' id='word_1_39' title='bbox 376 593 451 644; x_wconf 88' lang='lat' dir='ltr'><strong>utet</strong></span> <span class='ocrx_word' id='word_1_40' title='bbox 467 590 533 656; x_wconf 88' lang='lat' dir='ltr'><strong>ista,</strong></span> <span class='ocrx_word' id='word_1_41' title='bbox 550 588 628 644; x_wconf 76' lang='lat' dir='ltr'><strong>Chios</strong></span> <span class='ocrx_word' id='word_1_42' title='bbox 644 588 749 654; x_wconf 80' lang='lat' dir='ltr'><strong>incolo,</strong></span> <span class='ocrx_word' id='word_1_43' title='bbox 766 590 845 660; x_wconf 84' lang='lat' dir='ltr'><strong>cujus</strong></span> <span class='ocrx_word' id='word_1_44' title='bbox 867 605 967 644; x_wconf 83' lang='lat' dir='ltr'><strong>nomeu</strong></span> <span class='ocrx_word' id='word_1_45' title='bbox 993 589 1064 660; x_wconf 85' lang='lat' dir='ltr'><strong>Syro</strong></span> <span class='ocrx_word' id='word_1_46' title='bbox 1091 589 1186 659; x_wconf 78' lang='lat' dir='ltr'><strong>licque</strong></span> <span class='ocrx_word' id='word_1_47' title='bbox 1207 591 1345 645; x_wconf 74' lang='lat' dir='ltr'><strong>crosticam</strong></span> <span class='ocrx_word' id='word_1_48' title='bbox 1361 590 1494 661; x_wconf 76' lang='lat' dir='ltr'><strong>desiperet,</strong></span> <span class='ocrx_word' id='word_1_49' title='bbox 1523 606 1554 646; x_wconf 87' lang='lat' dir='ltr'><strong>eo</strong></span> <span class='ocrx_word' id='word_1_50' title='bbox 1583 591 1715 661; x_wconf 81' lang='lat' dir='ltr'><strong>quodibi</strong></span> <span class='ocrx_word' id='word_1_51' title='bbox 1738 593 1841 646; x_wconf 77' lang='lat' dir='ltr'><strong>mastix</strong></span> 
     </span>
     <span class='ocr_line' id='line_1_5' title="bbox 140 675 1841 751; baseline -0.001 -16"><span class='ocrx_word' id='word_1_52' title='bbox 140 680 284 750; x_wconf 76' lang='lat' dir='ltr'><strong>qipnitur:</strong></span> <span class='ocrx_word' id='word_1_53' title='bbox 310 681 340 732; x_wconf 91' lang='lat' dir='ltr'><strong>el</strong></span> <span class='ocrx_word' id='word_1_54' title='bbox 368 675 507 749; x_wconf 87' lang='lat' dir='ltr'><strong>pleraque</strong></span> <span class='ocrx_word' id='word_1_55' title='bbox 521 676 578 734; x_wconf 88' lang='lat' dir='ltr'><strong>elia</strong></span> <span class='ocrx_word' id='word_1_56' title='bbox 594 693 628 732; x_wconf 86' lang='lat' dir='ltr'><strong>ex</strong></span> <span class='ocrx_word' id='word_1_57' title='bbox 642 678 744 732; x_wconf 89' lang='lat' dir='ltr'><strong>eodem</strong></span> <span class='ocrx_word' id='word_1_58' title='bbox 757 675 833 732; x_wconf 89' lang='lat' dir='ltr'><strong>libro</strong></span> <span class='ocrx_word' id='word_1_59' title='bbox 845 676 932 748; x_wconf 91' lang='lat' dir='ltr'><strong>paulo</strong></span> <span class='ocrx_word' id='word_1_60' title='bbox 946 676 1111 732; x_wconf 87' lang='lat' dir='ltr'><strong>immutatis</strong></span> <span class='ocrx_word' id='word_1_61' title='bbox 1127 677 1222 732; x_wconf 87' lang='lat' dir='ltr'><strong>verbis</strong></span> <span class='ocrx_word' id='word_1_62' title='bbox 1237 677 1393 750; x_wconf 87' lang='lat' dir='ltr'><strong>descripta.</strong></span> <span class='ocrx_word' id='word_1_63' title='bbox 1408 679 1462 733; x_wconf 88' lang='lat' dir='ltr'><strong>Sed</strong></span> <span class='ocrx_word' id='word_1_64' title='bbox 1478 683 1506 732; x_wconf 88' lang='lat' dir='ltr'><strong>et</strong></span> <span class='ocrx_word' id='word_1_65' title='bbox 1520 695 1555 733; x_wconf 86' lang='lat' dir='ltr'><strong>ex</strong></span> <span class='ocrx_word' id='word_1_66' title='bbox 1570 677 1735 751; x_wconf 72' lang='lat' dir='ltr'>Hieronymi</span> <span class='ocrx_word' id='word_1_67' title='bbox 1746 679 1841 751; x_wconf 89' lang='lat' dir='ltr'><strong>ipsius</strong></span> 
     </span>
     <span class='ocr_line' id='line_1_6' title="bbox 140 763 1841 839; baseline -0.001 -16"><span class='ocrx_word' id='word_1_68' title='bbox 140 763 362 824; x_wconf 78' lang='lat' dir='ltr'><strong>commentariis</strong></span> <span class='ocrx_word' id='word_1_69' title='bbox 377 763 520 820; x_wconf 91' lang='lat' dir='ltr'><strong>nonnulla</strong></span> <span class='ocrx_word' id='word_1_70' title='bbox 536 765 713 836; x_wconf 78' lang='lat' dir='ltr'>delibantur,</span> <span class='ocrx_word' id='word_1_71' title='bbox 730 765 808 838; x_wconf 92' lang='lat' dir='ltr'><strong>quod</strong></span> <span class='ocrx_word' id='word_1_72' title='bbox 824 781 859 820; x_wconf 83' lang='lat' dir='ltr'><strong>ex</strong></span> <span class='ocrx_word' id='word_1_73' title='bbox 873 765 966 838; x_wconf 85' lang='lat' dir='ltr'><strong>Joppe</strong></span> <span class='ocrx_word' id='word_1_74' title='bbox 980 764 1067 821; x_wconf 87' lang='lat' dir='ltr'><strong>tilulo</strong></span> <span class='ocrx_word' id='word_1_75' title='bbox 1084 770 1171 837; x_wconf 88' lang='lat' dir='ltr'><strong>atque</strong></span> <span class='ocrx_word' id='word_1_76' title='bbox 1186 764 1253 820; x_wconf 90' lang='lat' dir='ltr'><strong>aliis</strong></span> <span class='ocrx_word' id='word_1_77' title='bbox 1265 765 1399 836; x_wconf 89' lang='lat' dir='ltr'><strong>subinde,</strong></span> <span class='ocrx_word' id='word_1_78' title='bbox 1430 783 1504 839; x_wconf 88' lang='lat' dir='ltr'><strong>quos</strong></span> <span class='ocrx_word' id='word_1_79' title='bbox 1527 766 1626 823; x_wconf 89' lang='lat' dir='ltr'><strong>lectori</strong></span> <span class='ocrx_word' id='word_1_80' title='bbox 1651 767 1841 823; x_wconf 81' lang='lat' dir='ltr'><strong>conterendos</strong></span> 
     </span>
     <span class='ocr_line' id='line_1_7' title="bbox 143 851 1840 927; baseline -0.001 -16"><span class='ocrx_word' id='word_1_81' title='bbox 143 853 348 927; x_wconf 74' lang='lat' dir='ltr'><strong>relinquimus,</strong></span> <span class='ocrx_word' id='word_1_82' title='bbox 365 851 451 924; x_wconf 91' lang='lat' dir='ltr'><strong>plane</strong></span> <span class='ocrx_word' id='word_1_83' title='bbox 464 853 621 910; x_wconf 75' lang='lat' dir='ltr'><strong>constabit.</strong></span> <span class='ocrx_word' id='word_1_84' title='bbox 638 853 832 917; x_wconf 80' lang='lat' dir='ltr'><strong>Quamobrem</strong></span> <span class='ocrx_word' id='word_1_85' title='bbox 849 852 1066 920; x_wconf 82' lang='lat' dir='ltr'><strong>nonvidemus,</strong></span> <span class='ocrx_word' id='word_1_86' title='bbox 1083 853 1128 908; x_wconf 90' lang='lat' dir='ltr'><strong>cui</strong></span> <span class='ocrx_word' id='word_1_87' title='bbox 1152 853 1249 909; x_wconf 87' lang='lat' dir='ltr'><strong>verius</strong></span> <span class='ocrx_word' id='word_1_88' title='bbox 1277 854 1453 917; x_wconf 87' lang='lat' dir='ltr'><strong>ascribatur.</strong></span> <span class='ocrx_word' id='word_1_89' title='bbox 1483 872 1573 926; x_wconf 93' lang='lat' dir='ltr'><strong>quam</strong></span> <span class='ocrx_word' id='word_1_90' title='bbox 1601 855 1695 921; x_wconf 80' lang='lat' dir='ltr'><strong>Reda,</strong></span> <span class='ocrx_word' id='word_1_91' title='bbox 1718 855 1765 910; x_wconf 91' lang='lat' dir='ltr'><strong>eui</strong></span> <span class='ocrx_word' id='word_1_92' title='bbox 1785 854 1840 912; x_wconf 92' lang='lat' dir='ltr'><strong>hoo</strong></span> 
     </span>
     <span class='ocr_line' id='line_1_8' title="bbox 141 940 1839 1015; baseline -0.002 -14"><span class='ocrx_word' id='word_1_93' title='bbox 141 949 203 1001; x_wconf 88' lang='lat' dir='ltr'><strong>erat</strong></span> <span class='ocrx_word' id='word_1_94' title='bbox 216 943 304 1000; x_wconf 89' lang='lat' dir='ltr'><strong>etiam</strong></span> <span class='ocrx_word' id='word_1_95' title='bbox 322 940 351 996; x_wconf 92' lang='lat' dir='ltr'><strong>in</strong></span> <span class='ocrx_word' id='word_1_96' title='bbox 367 957 449 996; x_wconf 90' lang='lat' dir='ltr'><strong>moro</strong></span> <span class='ocrx_word' id='word_1_97' title='bbox 464 942 605 1015; x_wconf 90' lang='lat' dir='ltr'><strong>positum,</strong></span> <span class='ocrx_word' id='word_1_98' title='bbox 622 945 654 998; x_wconf 89' lang='lat' dir='ltr'><strong>ut</strong></span> <span class='ocrx_word' id='word_1_99' title='bbox 669 959 703 998; x_wconf 85' lang='lat' dir='ltr'><strong>ox</strong></span> <span class='ocrx_word' id='word_1_100' title='bbox 718 940 842 998; x_wconf 88' lang='lat' dir='ltr'><strong>aliorum</strong></span> <span class='ocrx_word' id='word_1_101' title='bbox 859 941 978 1013; x_wconf 90' lang='lat' dir='ltr'><strong>seriptis</strong></span> <span class='ocrx_word' id='word_1_102' title='bbox 993 957 1047 996; x_wconf 91' lang='lat' dir='ltr'><strong>sua</strong></span> <span class='ocrx_word' id='word_1_103' title='bbox 1063 941 1172 1012; x_wconf 86' lang='lat' dir='ltr'><strong>passim</strong></span> <span class='ocrx_word' id='word_1_104' title='bbox 1188 941 1415 998; x_wconf 82' lang='lat' dir='ltr'><strong>consarcinaret.</strong></span> <span class='ocrx_word' id='word_1_105' title='bbox 1434 943 1463 997; x_wconf 91' lang='lat' dir='ltr'><strong>ln</strong></span> <span class='ocrx_word' id='word_1_106' title='bbox 1476 943 1543 998; x_wconf 90' lang='lat' dir='ltr'><strong>cod.</strong></span> <span class='ocrx_word' id='word_1_107' title='bbox 1559 949 1655 998; x_wconf 90' lang='lat' dir='ltr'><strong>autem</strong></span> <span class='ocrx_word' id='word_1_108' title='bbox 1673 947 1772 998; x_wconf 87' lang='lat' dir='ltr'><strong>nostro</strong></span> <span class='ocrx_word' id='word_1_109' title='bbox 1783 958 1839 999; x_wconf 87' lang='lat' dir='ltr'><strong>ms.</strong></span> 
     </span>
     <span class='ocr_line' id='line_1_9' title="bbox 140 1028 1841 1105; baseline -0.002 -17"><span class='ocrx_word' id='word_1_110' title='bbox 140 1047 226 1105; x_wconf 89' lang='lat' dir='ltr'><strong>quem</strong></span> <span class='ocrx_word' id='word_1_111' title='bbox 241 1029 321 1086; x_wconf 92' lang='lat' dir='ltr'><strong>domi</strong></span> <span class='ocrx_word' id='word_1_112' title='bbox 333 1028 489 1097; x_wconf 87' lang='lat' dir='ltr'><strong>babemus,</strong></span> <span class='ocrx_word' id='word_1_113' title='bbox 504 1036 533 1087; x_wconf 89' lang='lat' dir='ltr'><strong>et</strong></span> <span class='ocrx_word' id='word_1_114' title='bbox 547 1031 582 1087; x_wconf 89' lang='lat' dir='ltr'><strong>ad</strong></span> <span class='ocrx_word' id='word_1_115' title='bbox 599 1047 686 1104; x_wconf 88' lang='lat' dir='ltr'><strong>quem</strong></span> <span class='ocrx_word' id='word_1_116' title='bbox 699 1030 850 1104; x_wconf 87' lang='lat' dir='ltr'><strong>vulgatum</strong></span> <span class='ocrx_word' id='word_1_117' title='bbox 866 1030 1027 1102; x_wconf 76' lang='lat' dir='ltr'><strong>exegimus,</strong></span> <span class='ocrx_word' id='word_1_118' title='bbox 1043 1047 1170 1086; x_wconf 88' lang='lat' dir='ltr'><strong>errorem</strong></span> <span class='ocrx_word' id='word_1_119' title='bbox 1188 1030 1253 1102; x_wconf 90' lang='lat' dir='ltr'><strong>ipsa</strong></span> <span class='ocrx_word' id='word_1_120' title='bbox 1268 1037 1352 1086; x_wconf 88' lang='lat' dir='ltr'><strong>oavet</strong></span> <span class='ocrx_word' id='word_1_121' title='bbox 1367 1031 1539 1104; x_wconf 88' lang='lat' dir='ltr'><strong>inscriptio:</strong></span> <span class='ocrx_word' id='word_1_122' title='bbox 1553 1033 1669 1088; x_wconf 83' lang='lat' dir='ltr'><strong>Nomina</strong></span> <span class='ocrx_word' id='word_1_123' title='bbox 1690 1033 1841 1103; x_wconf 76' lang='lat' dir='ltr'><strong>Regionum</strong></span> 
     </span>
     <span class='ocr_line' id='line_1_10' title="bbox 139 1118 1528 1193; baseline -0.001 -16"><span class='ocrx_word' id='word_1_124' title='bbox 139 1125 220 1193; x_wconf 85' lang='lat' dir='ltr'><strong>atqve</strong></span> <span class='ocrx_word' id='word_1_125' title='bbox 232 1119 365 1176; x_wconf 81' lang='lat' dir='ltr'><strong>Locorum</strong></span> <span class='ocrx_word' id='word_1_126' title='bbox 377 1118 411 1175; x_wconf 80' lang='lat' dir='ltr'><strong>de</strong></span> <span class='ocrx_word' id='word_1_127' title='bbox 424 1120 536 1176; x_wconf 70' lang='lat' dir='ltr'><strong>Altibus</strong></span> <span class='ocrx_word' id='word_1_128' title='bbox 550 1121 743 1192; x_wconf 81' lang='lat' dir='ltr'><strong>apostolorum,</strong></span> <span class='ocrx_word' id='word_1_129' title='bbox 758 1135 815 1176; x_wconf 84' lang='lat' dir='ltr'><strong>noo</strong></span> <span class='ocrx_word' id='word_1_130' title='bbox 829 1119 863 1175; x_wconf 85' lang='lat' dir='ltr'><strong>ob</strong></span> <span class='ocrx_word' id='word_1_131' title='bbox 877 1121 1053 1192; x_wconf 79' lang='lat' dir='ltr'><strong>Hieronymo,</strong></span> <span class='ocrx_word' id='word_1_132' title='bbox 1070 1119 1116 1174; x_wconf 85' lang='lat' dir='ltr'><strong>sed</strong></span> <span class='ocrx_word' id='word_1_133' title='bbox 1130 1121 1164 1175; x_wconf 90' lang='lat' dir='ltr'><strong>ob</strong></span> <span class='ocrx_word' id='word_1_134' title='bbox 1180 1118 1236 1175; x_wconf 87' lang='lat' dir='ltr'><strong>otio</strong></span> <span class='ocrx_word' id='word_1_135' title='bbox 1250 1119 1371 1190; x_wconf 84' lang='lat' dir='ltr'><strong>quodem</strong></span> <span class='ocrx_word' id='word_1_136' title='bbox 1384 1119 1528 1192; x_wconf 75' lang='lat' dir='ltr'><strong>descripto.</strong></span> 
     </span>
    </p>
   </div>
   <div class='ocr_carea' id='block_1_3' title="bbox 380 1477 1601 1592">
    <p class='ocr_par' dir='ltr' id='par_1_3' title="bbox 380 1477 1601 1592">
     <span class='ocr_line' id='line_1_11' title="bbox 380 1477 1601 1592; baseline -0.002 -17"><span class='ocrx_word' id='word_1_137' title='bbox 380 1480 568 1576; x_wconf 83' lang='lat' dir='ltr'>LIBER</span> <span class='ocrx_word' id='word_1_138' title='bbox 602 1478 904 1576; x_wconf 79' lang='lat' dir='ltr'><strong>NOMINUM</strong></span> <span class='ocrx_word' id='word_1_139' title='bbox 940 1477 1261 1592; x_wconf 85' lang='lat' dir='ltr'><strong>LOCORUM,</strong></span> <span class='ocrx_word' id='word_1_140' title='bbox 1293 1477 1376 1571; x_wconf 84' lang='lat' dir='ltr'><strong>EX</strong></span> <span class='ocrx_word' id='word_1_141' title='bbox 1408 1479 1601 1574; x_wconf 82' lang='lat' dir='ltr'><strong>ACTIS.</strong></span> 
     </span>
    </p>
   </div>
   <div class='ocr_carea' id='block_1_4' title="bbox 136 1871 1851 5144">
    <p class='ocr_par' dir='ltr' id='par_1_4' title="bbox 136 1871 1851 5144">
     <span class='ocr_line' id='line_1_12' title="bbox 537 1871 1841 1946; baseline 0.008 -24"><span class='ocrx_word' id='word_1_142' title='bbox 537 1875 561 1930; x_wconf 82' lang='grc' dir='ltr'>Α</span> <span class='ocrx_word' id='word_1_143' title='bbox 978 1873 1007 1938; x_wconf 75' lang='grc' dir='ltr'><strong>Α</strong></span> <span class='ocrx_word' id='word_1_144' title='bbox 1057 1871 1329 1944; x_wconf 80' lang='lat' dir='ltr'><strong>Antiochialot.xr‚</strong></span> <span class='ocrx_word' id='word_1_145' title='bbox 1341 1873 1466 1941; x_wconf 80' lang='lat' dir='ltr'><strong>193x1v,</strong></span> <span class='ocrx_word' id='word_1_146' title='bbox 1497 1873 1546 1943; x_wconf 74' lang='lat'><strong>183</strong></span> <span class='ocrx_word' id='word_1_147' title='bbox 1569 1891 1616 1944; x_wconf 87' lang='lat' dir='ltr'><strong>xv,</strong></span> <span class='ocrx_word' id='word_1_148' title='bbox 1646 1873 1702 1946; x_wconf 77' lang='lat'><strong>22),</strong></span> <span class='ocrx_word' id='word_1_149' title='bbox 1728 1873 1841 1932; x_wconf 86' lang='lat' dir='ltr'><strong>civitas.</strong></span> 
     </span>
     <span class='ocr_line' id='line_1_13' title="bbox 177 1959 1844 2035; baseline 0.001 -15"><span class='ocrx_word' id='word_1_150' title='bbox 177 1963 373 2021; x_wconf 85' lang='lat' dir='ltr'><strong>Acheldema¹</strong></span> <span class='ocrx_word' id='word_1_151' title='bbox 403 1963 470 2033; x_wconf 80' lang='lat' dir='ltr'><strong>(Act,</strong></span> <span class='ocrx_word' id='word_1_152' title='bbox 498 1979 518 2030; x_wconf 87' lang='lat'><strong>1,</strong></span> <span class='ocrx_word' id='word_1_153' title='bbox 547 1961 603 2034; x_wconf 83' lang='lat' dir='ltr'><strong>to),</strong></span> <span class='ocrx_word' id='word_1_154' title='bbox 632 1978 702 2035; x_wconf 89' lang='lat' dir='ltr'><strong>ager</strong></span> <span class='ocrx_word' id='word_1_155' title='bbox 727 1960 891 2034; x_wconf 86' lang='lat' dir='ltr'><strong>sauguinis,</strong></span> <span class='ocrx_word' id='word_1_156' title='bbox 916 1959 965 2032; x_wconf 89' lang='lat' dir='ltr'><strong>qui</strong></span> <span class='ocrx_word' id='word_1_157' title='bbox 1020 1961 1108 2032; x_wconf 79' lang='lat' dir='ltr'><strong>Syriae</strong></span> <span class='ocrx_word' id='word_1_158' title='bbox 1124 1960 1225 2030; x_wconf 74' lang='lat' dir='ltr'><strong>Celes,</strong></span> <span class='ocrx_word' id='word_1_159' title='bbox 1240 1961 1270 2016; x_wconf 92' lang='lat' dir='ltr'><strong>in</strong></span> <span class='ocrx_word' id='word_1_160' title='bbox 1287 1979 1346 2034; x_wconf 91' lang='lat' dir='ltr'><strong>qua</strong></span> <span class='ocrx_word' id='word_1_161' title='bbox 1365 1962 1513 2018; x_wconf 87' lang='lat' dir='ltr'><strong>Barnabas</strong></span> <span class='ocrx_word' id='word_1_162' title='bbox 1537 1968 1565 2018; x_wconf 88' lang='lat' dir='ltr'><strong>et</strong></span> <span class='ocrx_word' id='word_1_163' title='bbox 1589 1962 1696 2018; x_wconf 91' lang='lat' dir='ltr'><strong>Paulus</strong></span> <span class='ocrx_word' id='word_1_164' title='bbox 1720 1964 1844 2035; x_wconf 90' lang='lat' dir='ltr'><strong>apostoli</strong></span> 
     </span>
     <span class='ocr_line' id='line_1_14' title="bbox 137 2047 1845 2126; baseline -0.002 -15"><span class='ocrx_word' id='word_1_165' title='bbox 137 2054 228 2111; x_wconf 87' lang='lat' dir='ltr'><strong>bodie</strong></span> <span class='ocrx_word' id='word_1_166' title='bbox 242 2069 359 2126; x_wconf 90' lang='lat' dir='ltr'><strong>quoqne</strong></span> <span class='ocrx_word' id='word_1_167' title='bbox 375 2053 595 2108; x_wconf 87' lang='lat' dir='ltr'><strong>demonstratur</strong></span> <span class='ocrx_word' id='word_1_168' title='bbox 610 2051 639 2107; x_wconf 90' lang='lat' dir='ltr'><strong>in</strong></span> <span class='ocrx_word' id='word_1_169' title='bbox 656 2051 729 2107; x_wconf 81' lang='lat' dir='ltr'><strong>AElia</strong></span> <span class='ocrx_word' id='word_1_170' title='bbox 745 2051 781 2105; x_wconf 89' lang='lat' dir='ltr'><strong>ad</strong></span> <span class='ocrx_word' id='word_1_171' title='bbox 807 2047 965 2106; x_wconf 86' lang='lat' dir='ltr'><strong>australem</strong></span> <span class='ocrx_word' id='word_1_172' title='bbox 1021 2053 1090 2105; x_wconf 89' lang='lat' dir='ltr'><strong>sunt</strong></span> <span class='ocrx_word' id='word_1_173' title='bbox 1104 2051 1240 2105; x_wconf 90' lang='lat' dir='ltr'><strong>ordinati.</strong></span> <span class='ocrx_word' id='word_1_174' title='bbox 1257 2051 1419 2106; x_wconf 80' lang='lat' dir='ltr'><strong>dstantem</strong></span> <span class='ocrx_word' id='word_1_175' title='bbox 1439 2057 1467 2106; x_wconf 87' lang='lat' dir='ltr'><strong>et</strong></span> <span class='ocrx_word' id='word_1_176' title='bbox 1481 2050 1539 2107; x_wconf 87' lang='lat' dir='ltr'><strong>alis</strong></span> <span class='ocrx_word' id='word_1_177' title='bbox 1553 2052 1583 2106; x_wconf 88' lang='lat' dir='ltr'><strong>ia</strong></span> <span class='ocrx_word' id='word_1_178' title='bbox 1596 2052 1706 2108; x_wconf 77' lang='lat' dir='ltr'><strong>Pisidia</strong></span> <span class='ocrx_word' id='word_1_179' title='bbox 1730 2053 1845 2124; x_wconf 90' lang='lat' dir='ltr'><strong>provin·</strong></span> 
     </span>
     <span class='ocr_line' id='line_1_15' title="bbox 138 2136 1842 2218; baseline -0.001 -20"><span class='ocrx_word' id='word_1_180' title='bbox 138 2142 256 2218; x_wconf 78' lang='lat' dir='ltr'><strong>plagam</strong></span> <span class='ocrx_word' id='word_1_181' title='bbox 273 2141 486 2198; x_wconf 88' lang='lat' dir='ltr'><strong>moulisSion:</strong></span> <span class='ocrx_word' id='word_1_182' title='bbox 504 2138 965 2210; x_wconf 80' lang='lat' dir='ltr'><strong>ethacteouajuxtaludaorum</strong></span> <span class='ocrx_word' id='word_1_183' title='bbox 1020 2137 1119 2206; x_wconf 89' lang='lat' dir='ltr'><strong>cia,in</strong></span> <span class='ocrx_word' id='word_1_184' title='bbox 1137 2154 1195 2210; x_wconf 86' lang='lat' dir='ltr'><strong>qua</strong></span> <span class='ocrx_word' id='word_1_185' title='bbox 1214 2136 1302 2194; x_wconf 85' lang='lat' dir='ltr'><strong>iidem</strong></span> <span class='ocrx_word' id='word_1_186' title='bbox 1332 2139 1522 2211; x_wconf 78' lang='lat' dir='ltr'><strong>predicantes</strong></span> <span class='ocrx_word' id='word_1_187' title='bbox 1549 2139 1660 2196; x_wconf 80' lang='lat' dir='ltr'><strong>iudeis</strong></span> <span class='ocrx_word' id='word_1_188' title='bbox 1688 2141 1842 2197; x_wconf 80' lang='lat' dir='ltr'><strong>dixerunt:</strong></span> 
     </span>
     <span class='ocr_line' id='line_1_16' title="bbox 139 2226 1844 2302; baseline -0.003 -12"><span class='ocrx_word' id='word_1_189' title='bbox 139 2231 297 2290; x_wconf 88' lang='lat' dir='ltr'><strong>eonsilium</strong></span> <span class='ocrx_word' id='word_1_190' title='bbox 326 2233 458 2286; x_wconf 88' lang='lat' dir='ltr'><strong>mortuos</strong></span> <span class='ocrx_word' id='word_1_191' title='bbox 485 2227 640 2302; x_wconf 87' lang='lat' dir='ltr'><strong>ignobiles,</strong></span> <span class='ocrx_word' id='word_1_192' title='bbox 665 2227 740 2284; x_wconf 90' lang='lat' dir='ltr'><strong>alios</strong></span> <span class='ocrx_word' id='word_1_193' title='bbox 763 2231 841 2284; x_wconf 88' lang='lat' dir='ltr'><strong>terra</strong></span> <span class='ocrx_word' id='word_1_194' title='bbox 865 2226 965 2299; x_wconf 79' lang='lat' dir='ltr'><strong>tegil²,</strong></span> <span class='ocrx_word' id='word_1_195' title='bbox 1023 2228 1102 2282; x_wconf 78' lang='lat' dir='ltr'><strong>Vota</strong></span> <span class='ocrx_word' id='word_1_196' title='bbox 1117 2228 1254 2299; x_wconf 79' lang='lat' dir='ltr'><strong>oportebat</strong></span> <span class='ocrx_word' id='word_1_197' title='bbox 1265 2229 1388 2300; x_wconf 84' lang='lat' dir='ltr'><strong>primvm</strong></span> <span class='ocrx_word' id='word_1_198' title='bbox 1402 2229 1599 2300; x_wconf 83' lang='lat' dir='ltr'><strong>toquioerbom</strong></span> <span class='ocrx_word' id='word_1_199' title='bbox 1620 2230 1678 2296; x_wconf 85' lang='lat' dir='ltr'><strong>Dei,</strong></span> <span class='ocrx_word' id='word_1_200' title='bbox 1706 2229 1752 2286; x_wconf 81' lang='lat' dir='ltr'><strong>sod</strong></span> <span class='ocrx_word' id='word_1_201' title='bbox 1778 2245 1844 2302; x_wconf 84' lang='lat' dir='ltr'><strong>quo-</strong></span> 
     </span>
     <span class='ocr_line' id='line_1_17' title="bbox 138 2316 1648 2391; baseline -0.003 -13"><span class='ocrx_word' id='word_1_202' title='bbox 138 2320 214 2379; x_wconf 91' lang='lat' dir='ltr'><strong>alios</strong></span> <span class='ocrx_word' id='word_1_203' title='bbox 224 2320 280 2377; x_wconf 89' lang='lat' dir='ltr'><strong>sub</strong></span> <span class='ocrx_word' id='word_1_204' title='bbox 294 2319 362 2375; x_wconf 89' lang='lat' dir='ltr'><strong>divo</strong></span> <span class='ocrx_word' id='word_1_205' title='bbox 377 2318 543 2391; x_wconf 76' lang='lat' dir='ltr'><strong>putrefacit.</strong></span> <span class='ocrx_word' id='word_1_206' title='bbox 1019 2317 1098 2370; x_wconf 84' lang='lat' dir='ltr'><strong>cium</strong></span> <span class='ocrx_word' id='word_1_207' title='bbox 1108 2317 1248 2388; x_wconf 77' lang='lat' dir='ltr'><strong>repulistis</strong></span> <span class='ocrx_word' id='word_1_208' title='bbox 1264 2316 1344 2384; x_wconf 81' lang='lat' dir='ltr'><strong>illud,</strong></span> <span class='ocrx_word' id='word_1_209' title='bbox 1360 2320 1414 2373; x_wconf 89' lang='lat' dir='ltr'><strong>ete.</strong></span> <span class='ocrx_word' id='word_1_210' title='bbox 1432 2317 1499 2390; x_wconf 78' lang='lat' dir='ltr'><strong>(Aet.</strong></span> <span class='ocrx_word' id='word_1_211' title='bbox 1515 2334 1577 2385; x_wconf 89' lang='lat' dir='ltr'><strong>xm,</strong></span> <span class='ocrx_word' id='word_1_212' title='bbox 1592 2318 1648 2389; x_wconf 80' lang='lat' dir='ltr'><strong>lo).</strong></span> 
     </span>
     <span class='ocr_line' id='line_1_18' title="bbox 178 2403 1844 2481; baseline -0.001 -17"><span class='ocrx_word' id='word_1_213' title='bbox 178 2404 966 2481; x_wconf 78' lang='lat' dir='ltr'><strong>Asiaregio(rlct.xv1‚6;xrx,10),quaeoognomina-</strong></span> <span class='ocrx_word' id='word_1_214' title='bbox 1056 2403 1231 2460; x_wconf 82' lang='lat' dir='ltr'><strong>Alexandria</strong></span> <span class='ocrx_word' id='word_1_215' title='bbox 1252 2405 1319 2477; x_wconf 74' lang='lat' dir='ltr'><strong>(rlcl,</strong></span> <span class='ocrx_word' id='word_1_216' title='bbox 1346 2422 1384 2474; x_wconf 87' lang='lat' dir='ltr'><strong>vr,</strong></span> <span class='ocrx_word' id='word_1_217' title='bbox 1415 2405 1454 2476; x_wconf 84' lang='grc'><strong>9),</strong></span> <span class='ocrx_word' id='word_1_218' title='bbox 1483 2405 1587 2462; x_wconf 88' lang='lat' dir='ltr'><strong>civitas</strong></span> <span class='ocrx_word' id='word_1_219' title='bbox 1613 2403 1737 2480; x_wconf 76' lang='lat' dir='ltr'><strong>AEgypti,</strong></span> <span class='ocrx_word' id='word_1_220' title='bbox 1779 2424 1844 2480; x_wconf 82' lang='lat' dir='ltr'><strong>que</strong></span> 
     </span>
     <span class='ocr_line' id='line_1_19' title="bbox 139 2493 1847 2569; baseline -0.001 -14"><span class='ocrx_word' id='word_1_221' title='bbox 139 2504 192 2556; x_wconf 89' lang='lat' dir='ltr'><strong>tur</strong></span> <span class='ocrx_word' id='word_1_222' title='bbox 203 2498 308 2567; x_wconf 87' lang='lat' dir='ltr'><strong>Minor,</strong></span> <span class='ocrx_word' id='word_1_223' title='bbox 325 2495 436 2569; x_wconf 86' lang='lat' dir='ltr'><strong>absque</strong></span> <span class='ocrx_word' id='word_1_224' title='bbox 451 2494 584 2552; x_wconf 87' lang='lat' dir='ltr'><strong>orientali</strong></span> <span class='ocrx_word' id='word_1_225' title='bbox 596 2497 688 2568; x_wconf 87' lang='lat' dir='ltr'><strong>parte,</strong></span> <span class='ocrx_word' id='word_1_226' title='bbox 704 2510 763 2566; x_wconf 88' lang='lat' dir='ltr'><strong>qua</strong></span> <span class='ocrx_word' id='word_1_227' title='bbox 773 2495 808 2550; x_wconf 88' lang='lat' dir='ltr'><strong>ad</strong></span> <span class='ocrx_word' id='word_1_228' title='bbox 820 2494 968 2566; x_wconf 87' lang='lat' dir='ltr'><strong>Cappado-</strong></span> <span class='ocrx_word' id='word_1_229' title='bbox 1021 2494 1170 2565; x_wconf 87' lang='lat' dir='ltr'><strong>quondam</strong></span> <span class='ocrx_word' id='word_1_230' title='bbox 1186 2493 1228 2549; x_wconf 94' lang='lat' dir='ltr'><strong>No</strong></span> <span class='ocrx_word' id='word_1_231' title='bbox 1241 2493 1486 2562; x_wconf 87' lang='lat' dir='ltr'><strong>dicebatur,intor</strong></span> <span class='ocrx_word' id='word_1_232' title='bbox 1496 2495 1662 2568; x_wconf 80' lang='lat' dir='ltr'><strong>AEgyptum.</strong></span> <span class='ocrx_word' id='word_1_233' title='bbox 1676 2495 1801 2552; x_wconf 76' lang='lat' dir='ltr'><strong>Africam</strong></span> <span class='ocrx_word' id='word_1_234' title='bbox 1817 2500 1847 2553; x_wconf 86' lang='lat' dir='ltr'><strong>et</strong></span> 
     </span>
     <span class='ocr_line' id='line_1_20' title="bbox 140 2581 1846 2660; baseline -0.002 -16"><span class='ocrx_word' id='word_1_235' title='bbox 140 2584 611 2660; x_wconf 84' lang='lat' dir='ltr'><strong>eiamSyriamqoeprogreditur,</strong></span> <span class='ocrx_word' id='word_1_236' title='bbox 628 2583 758 2656; x_wconf 92' lang='lat' dir='ltr'><strong>undique</strong></span> <span class='ocrx_word' id='word_1_237' title='bbox 787 2583 967 2639; x_wconf 88' lang='lat' dir='ltr'><strong>circumdata</strong></span> <span class='ocrx_word' id='word_1_238' title='bbox 1022 2583 1199 2654; x_wconf 88' lang='lat' dir='ltr'><strong>maroquasi</strong></span> <span class='ocrx_word' id='word_1_239' title='bbox 1215 2581 1377 2638; x_wconf 87' lang='lat' dir='ltr'><strong>claustrum</strong></span> <span class='ocrx_word' id='word_1_240' title='bbox 1394 2583 1498 2655; x_wconf 90' lang='lat' dir='ltr'><strong>posita,</strong></span> <span class='ocrx_word' id='word_1_241' title='bbox 1515 2583 1543 2638; x_wconf 94' lang='lat' dir='ltr'><strong>in</strong></span> <span class='ocrx_word' id='word_1_242' title='bbox 1573 2601 1631 2656; x_wconf 93' lang='lat' dir='ltr'><strong>quo</strong></span> <span class='ocrx_word' id='word_1_243' title='bbox 1651 2584 1728 2641; x_wconf 87' lang='lat' dir='ltr'><strong>beati</strong></span> <span class='ocrx_word' id='word_1_244' title='bbox 1757 2602 1846 2641; x_wconf 89' lang='lat' dir='ltr'><strong>evan·</strong></span> 
     </span>
     <span class='ocr_line' id='line_1_21' title="bbox 139 2665 1738 2746; baseline -0.003 -13"><span class='ocrx_word' id='word_1_245' title='bbox 139 2674 276 2740; x_wconf 86' lang='lat' dir='ltr'><strong>estmari,</strong></span> <span class='ocrx_word' id='word_1_246' title='bbox 289 2674 375 2745; x_wconf 84' lang='lat' dir='ltr'><strong>cujas</strong></span> <span class='ocrx_word' id='word_1_247' title='bbox 384 2672 623 2746; x_wconf 86' lang='lat' dir='ltr'><strong>provinciaesunt.</strong></span> <span class='ocrx_word' id='word_1_248' title='bbox 636 2671 772 2745; x_wconf 78' lang='lat' dir='ltr'><strong>Phrygia,</strong></span> <span class='ocrx_word' id='word_1_249' title='bbox 785 2669 965 2744; x_wconf 81' lang='lat' dir='ltr'><strong>Pamphylia,</strong></span> <span class='ocrx_word' id='word_1_250' title='bbox 1021 2665 1131 2742; x_wconf 76' lang='lat' dir='ltr'><strong>gelista</strong></span> <span class='ocrx_word' id='word_1_251' title='bbox 1142 2671 1228 2727; x_wconf 86' lang='lat' dir='ltr'><strong>Marci</strong></span> <span class='ocrx_word' id='word_1_252' title='bbox 1245 2670 1379 2727; x_wconf 88' lang='lat' dir='ltr'><strong>tumulus</strong></span> <span class='ocrx_word' id='word_1_253' title='bbox 1394 2671 1538 2745; x_wconf 86' lang='lat' dir='ltr'><strong>hodieque</strong></span> <span class='ocrx_word' id='word_1_254' title='bbox 1552 2679 1708 2730; x_wconf 89' lang='lat' dir='ltr'><strong>veneratur</strong></span> <span class='ocrx_word' id='word_1_255' title='bbox 1717 2675 1738 2729; x_wconf 76' lang='lat'><strong>⁸.</strong></span> 
     </span>
     <span class='ocr_line' id='line_1_22' title="bbox 141 2759 1843 2836; baseline -0.002 -14"><span class='ocrx_word' id='word_1_256' title='bbox 141 2763 253 2836; x_wconf 88' lang='lat' dir='ltr'><strong>Cilicia,</strong></span> <span class='ocrx_word' id='word_1_257' title='bbox 271 2760 564 2836; x_wconf 66' lang='lat' dir='ltr'><strong>Lycaonialialatia,</strong></span> <span class='ocrx_word' id='word_1_258' title='bbox 582 2759 688 2818; x_wconf 77' lang='lat' dir='ltr'><strong>atalia</strong></span> <span class='ocrx_word' id='word_1_259' title='bbox 704 2760 881 2826; x_wconf 81' lang='lat' dir='ltr'><strong>multae,sed</strong></span> <span class='ocrx_word' id='word_1_260' title='bbox 902 2777 967 2832; x_wconf 89' lang='lat' dir='ltr'><strong>spe·</strong></span> <span class='ocrx_word' id='word_1_261' title='bbox 1057 2764 1164 2816; x_wconf 85' lang='lat' dir='ltr'><strong>Azotos</strong></span> <span class='ocrx_word' id='word_1_262' title='bbox 1179 2761 1245 2832; x_wconf 81' lang='lat' dir='ltr'><strong>(let.</strong></span> <span class='ocrx_word' id='word_1_263' title='bbox 1262 2777 1324 2827; x_wconf 86' lang='lat' dir='ltr'><strong>vm,</strong></span> <span class='ocrx_word' id='word_1_264' title='bbox 1340 2761 1397 2832; x_wconf 79' lang='grc'>40),</span> <span class='ocrx_word' id='word_1_265' title='bbox 1413 2761 1553 2834; x_wconf 90' lang='lat' dir='ltr'><strong>oppidum</strong></span> <span class='ocrx_word' id='word_1_266' title='bbox 1569 2761 1685 2834; x_wconf 90' lang='lat' dir='ltr'><strong>insigne</strong></span> <span class='ocrx_word' id='word_1_267' title='bbox 1716 2760 1843 2820; x_wconf 80' lang='lat' dir='ltr'><strong>valasci-</strong></span> 
     </span>
     <span class='ocr_line' id='line_1_23' title="bbox 139 2849 1845 2925; baseline -0.002 -15"><span class='ocrx_word' id='word_1_268' title='bbox 139 2851 254 2910; x_wconf 89' lang='lat' dir='ltr'><strong>eialilor</strong></span> <span class='ocrx_word' id='word_1_269' title='bbox 270 2852 319 2908; x_wconf 91' lang='lat' dir='ltr'><strong>ubi</strong></span> <span class='ocrx_word' id='word_1_270' title='bbox 331 2851 463 2925; x_wconf 87' lang='lat' dir='ltr'><strong>Ephesus</strong></span> <span class='ocrx_word' id='word_1_271' title='bbox 478 2849 582 2906; x_wconf 89' lang='lat' dir='ltr'><strong>civitas</strong></span> <span class='ocrx_word' id='word_1_272' title='bbox 596 2854 650 2916; x_wconf 90' lang='lat' dir='ltr'><strong>est,</strong></span> <span class='ocrx_word' id='word_1_273' title='bbox 662 2849 732 2906; x_wconf 90' lang='lat' dir='ltr'><strong>Asia</strong></span> <span class='ocrx_word' id='word_1_274' title='bbox 747 2853 876 2905; x_wconf 91' lang='lat' dir='ltr'><strong>vocatur.</strong></span> <span class='ocrx_word' id='word_1_275' title='bbox 1022 2865 1075 2918; x_wconf 81' lang='lat' dir='ltr'><strong>na,</strong></span> <span class='ocrx_word' id='word_1_276' title='bbox 1093 2849 1169 2922; x_wconf 93' lang='lat' dir='ltr'><strong>quod</strong></span> <span class='ocrx_word' id='word_1_277' title='bbox 1188 2849 1325 2906; x_wconf 87' lang='lat' dir='ltr'><strong>llebraioe</strong></span> <span class='ocrx_word' id='word_1_278' title='bbox 1349 2850 1458 2906; x_wconf 92' lang='lat' dir='ltr'><strong>dicitur</strong></span> <span class='ocrx_word' id='word_1_279' title='bbox 1478 2850 1584 2917; x_wconf 81' lang='lat' dir='ltr'><strong>Esdod,</strong></span> <span class='ocrx_word' id='word_1_280' title='bbox 1610 2854 1638 2906; x_wconf 87' lang='lat' dir='ltr'><strong>et</strong></span> <span class='ocrx_word' id='word_1_281' title='bbox 1659 2855 1704 2906; x_wconf 91' lang='lat' dir='ltr'><strong>est</strong></span> <span class='ocrx_word' id='word_1_282' title='bbox 1728 2869 1786 2908; x_wconf 89' lang='lat' dir='ltr'><strong>una</strong></span> <span class='ocrx_word' id='word_1_283' title='bbox 1809 2851 1845 2907; x_wconf 86' lang='lat' dir='ltr'><strong>da</strong></span> 
     </span>
     <span class='ocr_line' id='line_1_24' title="bbox 177 2936 1665 3016; baseline 0 -20"><span class='ocrx_word' id='word_1_284' title='bbox 177 2940 288 3016; x_wconf 74' lang='lat' dir='ltr'><strong>AEgypti</strong></span> <span class='ocrx_word' id='word_1_285' title='bbox 308 2939 386 3013; x_wconf 87' lang='lat' dir='ltr'><strong>regio</strong></span> <span class='ocrx_word' id='word_1_286' title='bbox 401 2939 470 3012; x_wconf 84' lang='lat' dir='ltr'><strong>(Act.</strong></span> <span class='ocrx_word' id='word_1_287' title='bbox 484 2955 534 3006; x_wconf 91' lang='lat' dir='ltr'><strong>vu,</strong></span> <span class='ocrx_word' id='word_1_288' title='bbox 560 2939 598 3010; x_wconf 80' lang='grc'><strong>9),</strong></span> <span class='ocrx_word' id='word_1_289' title='bbox 623 2955 640 2994; x_wconf 89' lang='lat' dir='ltr'><strong>a</strong></span> <span class='ocrx_word' id='word_1_290' title='bbox 667 2937 863 3011; x_wconf 85' lang='lat' dir='ltr'><strong>septentrione</strong></span> <span class='ocrx_word' id='word_1_291' title='bbox 887 2953 968 2993; x_wconf 91' lang='lat' dir='ltr'><strong>mare</strong></span> <span class='ocrx_word' id='word_1_292' title='bbox 1021 2939 1153 3010; x_wconf 89' lang='lat' dir='ltr'><strong>quinque</strong></span> <span class='ocrx_word' id='word_1_293' title='bbox 1168 2936 1237 2994; x_wconf 89' lang='lat' dir='ltr'><strong>olim</strong></span> <span class='ocrx_word' id='word_1_294' title='bbox 1254 2939 1421 2995; x_wconf 88' lang='lat' dir='ltr'><strong>civitatibus</strong></span> <span class='ocrx_word' id='word_1_295' title='bbox 1435 2938 1665 3012; x_wconf 71' lang='lat' dir='ltr'><strong>allophylorum.</strong></span> 
     </span>
     <span class='ocr_line' id='line_1_25' title="bbox 140 3026 1844 3105; baseline -0.002 -16"><span class='ocrx_word' id='word_1_296' title='bbox 140 3033 281 3105; x_wconf 84' lang='lat' dir='ltr'><strong>Magnum</strong></span> <span class='ocrx_word' id='word_1_297' title='bbox 298 3029 456 3100; x_wconf 89' lang='lat' dir='ltr'><strong>sinumque</strong></span> <span class='ocrx_word' id='word_1_298' title='bbox 470 3028 636 3096; x_wconf 89' lang='lat' dir='ltr'><strong>Arabicum,</strong></span> <span class='ocrx_word' id='word_1_299' title='bbox 652 3029 689 3083; x_wconf 88' lang='lat' dir='ltr'><strong>ab</strong></span> <span class='ocrx_word' id='word_1_300' title='bbox 705 3027 815 3084; x_wconf 91' lang='lat' dir='ltr'><strong>oriente</strong></span> <span class='ocrx_word' id='word_1_301' title='bbox 834 3027 966 3083; x_wconf 86' lang='lat' dir='ltr'><strong>Rubrum</strong></span> <span class='ocrx_word' id='word_1_302' title='bbox 1056 3026 1163 3083; x_wconf 89' lang='lat' dir='ltr'><strong>Attalia</strong></span> <span class='ocrx_word' id='word_1_303' title='bbox 1187 3028 1402 3100; x_wconf 84' lang='lat' dir='ltr'><strong>(Act.xrv,2l),</strong></span> <span class='ocrx_word' id='word_1_304' title='bbox 1432 3028 1535 3084; x_wconf 87' lang='lat' dir='ltr'><strong>civitas</strong></span> <span class='ocrx_word' id='word_1_305' title='bbox 1555 3029 1730 3102; x_wconf 78' lang='lat' dir='ltr'><strong>Pamphylia</strong></span> <span class='ocrx_word' id='word_1_306' title='bbox 1754 3030 1844 3086; x_wconf 89' lang='lat' dir='ltr'><strong>mari·</strong></span> 
     </span>
     <span class='ocr_line' id='line_1_26' title="bbox 141 3115 1101 3190; baseline -0.007 -11"><span class='ocrx_word' id='word_1_307' title='bbox 141 3135 233 3188; x_wconf 82' lang='lat' dir='ltr'><strong>encre,</strong></span> <span class='ocrx_word' id='word_1_308' title='bbox 249 3137 266 3176; x_wconf 89' lang='lat' dir='ltr'><strong>a</strong></span> <span class='ocrx_word' id='word_1_309' title='bbox 281 3118 402 3174; x_wconf 90' lang='lat' dir='ltr'><strong>meridie</strong></span> <span class='ocrx_word' id='word_1_310' title='bbox 418 3118 576 3186; x_wconf 87' lang='lat' dir='ltr'><strong>Oceanum,</strong></span> <span class='ocrx_word' id='word_1_311' title='bbox 592 3117 628 3173; x_wconf 92' lang='lat' dir='ltr'><strong>ab</strong></span> <span class='ocrx_word' id='word_1_312' title='bbox 645 3132 750 3173; x_wconf 90' lang='lat' dir='ltr'><strong>occasu</strong></span> <span class='ocrx_word' id='word_1_313' title='bbox 766 3117 885 3190; x_wconf 77' lang='lat' dir='ltr'><strong>libyam</strong></span> <span class='ocrx_word' id='word_1_314' title='bbox 915 3115 967 3172; x_wconf 89' lang='lat' dir='ltr'><strong>ha·</strong></span> <span class='ocrx_word' id='word_1_315' title='bbox 1022 3115 1101 3172; x_wconf 88' lang='lat' dir='ltr'><strong>tima.</strong></span> 
     </span>
     <span class='ocr_line' id='line_1_27' title="bbox 139 3203 1846 3281; baseline -0.003 -14"><span class='ocrx_word' id='word_1_316' title='bbox 139 3212 208 3268; x_wconf 89' lang='lat' dir='ltr'><strong>bet:</strong></span> <span class='ocrx_word' id='word_1_317' title='bbox 225 3208 311 3281; x_wconf 92' lang='lat' dir='ltr'><strong>cujus</strong></span> <span class='ocrx_word' id='word_1_318' title='bbox 325 3205 491 3262; x_wconf 82' lang='lat' dir='ltr'><strong>interiorem</strong></span> <span class='ocrx_word' id='word_1_319' title='bbox 507 3211 619 3278; x_wconf 89' lang='lat' dir='ltr'><strong>partem</strong></span> <span class='ocrx_word' id='word_1_320' title='bbox 635 3203 729 3276; x_wconf 91' lang='lat' dir='ltr'><strong>Nilus,</strong></span> <span class='ocrx_word' id='word_1_321' title='bbox 747 3205 863 3262; x_wconf 88' lang='lat' dir='ltr'><strong>dextera</strong></span> <span class='ocrx_word' id='word_1_322' title='bbox 883 3204 968 3260; x_wconf 81' lang='lat' dir='ltr'><strong>leva·</strong></span> <span class='ocrx_word' id='word_1_323' title='bbox 1057 3205 1240 3277; x_wconf 85' lang='lat' dir='ltr'><strong>Amphipolis</strong></span> <span class='ocrx_word' id='word_1_324' title='bbox 1255 3205 1324 3277; x_wconf 84' lang='lat' dir='ltr'><strong>(Act.</strong></span> <span class='ocrx_word' id='word_1_325' title='bbox 1340 3205 1529 3278; x_wconf 87' lang='lat' dir='ltr'><strong>xvn),oivitas</strong></span> <span class='ocrx_word' id='word_1_326' title='bbox 1545 3205 1646 3280; x_wconf 84' lang='lat' dir='ltr'><strong>etipsa</strong></span> <span class='ocrx_word' id='word_1_327' title='bbox 1657 3207 1846 3276; x_wconf 70' lang='lat' dir='ltr'><strong>Macedonia,</strong></span> 
     </span>
     <span class='ocr_line' id='line_1_28' title="bbox 139 3293 1848 3372; baseline -0.002 -17"><span class='ocrx_word' id='word_1_328' title='bbox 139 3314 199 3372; x_wconf 91' lang='lat' dir='ltr'><strong>que</strong></span> <span class='ocrx_word' id='word_1_329' title='bbox 227 3297 351 3363; x_wconf 89' lang='lat' dir='ltr'><strong>divisus,</strong></span> <span class='ocrx_word' id='word_1_330' title='bbox 368 3293 503 3367; x_wconf 87' lang='lat' dir='ltr'><strong>amplexu</strong></span> <span class='ocrx_word' id='word_1_331' title='bbox 533 3311 586 3350; x_wconf 91' lang='lat' dir='ltr'><strong>suo</strong></span> <span class='ocrx_word' id='word_1_332' title='bbox 614 3293 800 3362; x_wconf 86' lang='lat' dir='ltr'><strong>determinet,</strong></span> <span class='ocrx_word' id='word_1_333' title='bbox 824 3293 968 3365; x_wconf 87' lang='lat' dir='ltr'><strong>Canopico</strong></span> <span class='ocrx_word' id='word_1_334' title='bbox 1023 3294 1285 3366; x_wconf 89' lang='lat' dir='ltr'><strong>estaiiaejusdcm</strong></span> <span class='ocrx_word' id='word_1_335' title='bbox 1316 3294 1444 3350; x_wconf 89' lang='lat' dir='ltr'><strong>nominis</strong></span> <span class='ocrx_word' id='word_1_336' title='bbox 1469 3295 1498 3350; x_wconf 93' lang='lat' dir='ltr'><strong>in</strong></span> <span class='ocrx_word' id='word_1_337' title='bbox 1524 3295 1605 3368; x_wconf 85' lang='lat' dir='ltr'><strong>Syria</strong></span> <span class='ocrx_word' id='word_1_338' title='bbox 1629 3294 1793 3368; x_wconf 86' lang='lat' dir='ltr'><strong>Apollonia,</strong></span> <span class='ocrx_word' id='word_1_339' title='bbox 1818 3298 1848 3352; x_wconf 87' lang='lat' dir='ltr'><strong>el</strong></span> 
     </span>
     <span class='ocr_line' id='line_1_29' title="bbox 139 3381 1849 3457; baseline -0.002 -12"><span class='ocrx_word' id='word_1_340' title='bbox 139 3386 218 3445; x_wconf 89' lang='lat' dir='ltr'><strong>ostio</strong></span> <span class='ocrx_word' id='word_1_341' title='bbox 232 3387 268 3442; x_wconf 92' lang='lat' dir='ltr'><strong>ab</strong></span> <span class='ocrx_word' id='word_1_342' title='bbox 283 3385 390 3456; x_wconf 83' lang='lat' dir='ltr'><strong>Alrica,</strong></span> <span class='ocrx_word' id='word_1_343' title='bbox 407 3384 443 3439; x_wconf 88' lang='lat' dir='ltr'><strong>ab</strong></span> <span class='ocrx_word' id='word_1_344' title='bbox 468 3383 537 3438; x_wconf 88' lang='lat' dir='ltr'><strong>Asia</strong></span> <span class='ocrx_word' id='word_1_345' title='bbox 561 3381 721 3448; x_wconf 88' lang='lat' dir='ltr'><strong>Pelusiaco,</strong></span> <span class='ocrx_word' id='word_1_346' title='bbox 746 3385 863 3437; x_wconf 88' lang='lat' dir='ltr'><strong>contum</strong></span> <span class='ocrx_word' id='word_1_347' title='bbox 885 3398 967 3437; x_wconf 84' lang='lat' dir='ltr'><strong>sexa·</strong></span> <span class='ocrx_word' id='word_1_348' title='bbox 1022 3383 1086 3455; x_wconf 89' lang='lat' dir='ltr'><strong>ipsa</strong></span> <span class='ocrx_word' id='word_1_349' title='bbox 1102 3383 1204 3439; x_wconf 88' lang='lat' dir='ltr'><strong>civitas</strong></span> <span class='ocrx_word' id='word_1_350' title='bbox 1218 3383 1409 3440; x_wconf 79' lang='lat' dir='ltr'><strong>Macedonia:</strong></span> <span class='ocrx_word' id='word_1_351' title='bbox 1427 3388 1455 3440; x_wconf 90' lang='lat' dir='ltr'><strong>ot</strong></span> <span class='ocrx_word' id='word_1_352' title='bbox 1470 3388 1515 3440; x_wconf 89' lang='lat' dir='ltr'><strong>est</strong></span> <span class='ocrx_word' id='word_1_353' title='bbox 1538 3384 1629 3441; x_wconf 87' lang='lat' dir='ltr'><strong>altera</strong></span> <span class='ocrx_word' id='word_1_354' title='bbox 1645 3385 1674 3440; x_wconf 88' lang='lat' dir='ltr'><strong>iu</strong></span> <span class='ocrx_word' id='word_1_355' title='bbox 1700 3385 1849 3457; x_wconf 90' lang='lat' dir='ltr'><strong>provincia</strong></span> 
     </span>
     <span class='ocr_line' id='line_1_30' title="bbox 140 3469 1524 3550; baseline -0.002 -19"><span class='ocrx_word' id='word_1_356' title='bbox 140 3475 225 3550; x_wconf 87' lang='lat' dir='ltr'><strong>ginta</strong></span> <span class='ocrx_word' id='word_1_357' title='bbox 238 3489 382 3547; x_wconf 88' lang='lat' dir='ltr'><strong>passuum</strong></span> <span class='ocrx_word' id='word_1_358' title='bbox 397 3470 569 3529; x_wconf 88' lang='lat' dir='ltr'><strong>intervallo:</strong></span> <span class='ocrx_word' id='word_1_359' title='bbox 587 3487 675 3543; x_wconf 90' lang='lat' dir='ltr'><strong>quam</strong></span> <span class='ocrx_word' id='word_1_360' title='bbox 692 3470 729 3526; x_wconf 91' lang='lat' dir='ltr'><strong>ob</strong></span> <span class='ocrx_word' id='word_1_361' title='bbox 747 3485 865 3525; x_wconf 89' lang='lat' dir='ltr'><strong>causam</strong></span> <span class='ocrx_word' id='word_1_362' title='bbox 892 3469 968 3525; x_wconf 91' lang='lat' dir='ltr'><strong>inter</strong></span> <span class='ocrx_word' id='word_1_363' title='bbox 1022 3471 1135 3536; x_wconf 80' lang='lat' dir='ltr'><strong>Alrico,</strong></span> <span class='ocrx_word' id='word_1_364' title='bbox 1152 3488 1216 3543; x_wconf 74' lang='lat' dir='ltr'><strong>quas</strong></span> <span class='ocrx_word' id='word_1_365' title='bbox 1232 3472 1524 3544; x_wconf 86' lang='lat' dir='ltr'><strong>diciturPantapolis.</strong></span> 
     </span>
     <span class='ocr_line' id='line_1_31' title="bbox 138 3558 1847 3635; baseline -0.003 -14"><span class='ocrx_word' id='word_1_366' title='bbox 138 3563 255 3621; x_wconf 90' lang='lat' dir='ltr'><strong>insulas</strong></span> <span class='ocrx_word' id='word_1_367' title='bbox 266 3561 385 3635; x_wconf 88' lang='lat' dir='ltr'><strong>quidam</strong></span> <span class='ocrx_word' id='word_1_368' title='bbox 401 3563 558 3634; x_wconf 82' lang='lat' dir='ltr'><strong>AEgyptum</strong></span> <span class='ocrx_word' id='word_1_369' title='bbox 575 3558 711 3628; x_wconf 89' lang='lat' dir='ltr'><strong>retulere,</strong></span> <span class='ocrx_word' id='word_1_370' title='bbox 729 3559 770 3614; x_wconf 89' lang='lat' dir='ltr'><strong>ita</strong></span> <span class='ocrx_word' id='word_1_371' title='bbox 793 3574 824 3614; x_wconf 91' lang='lat' dir='ltr'><strong>se</strong></span> <span class='ocrx_word' id='word_1_372' title='bbox 840 3558 968 3613; x_wconf 86' lang='lat' dir='ltr'><strong>findente</strong></span> <span class='ocrx_word' id='word_1_373' title='bbox 1057 3559 1174 3616; x_wconf 81' lang='lat' dir='ltr'><strong>Athena</strong></span> <span class='ocrx_word' id='word_1_374' title='bbox 1185 3559 1252 3628; x_wconf 72' lang='lat' dir='ltr'><strong>(rtet.</strong></span> <span class='ocrx_word' id='word_1_375' title='bbox 1268 3576 1337 3628; x_wconf 78' lang='lat' dir='ltr'><strong>xvir,</strong></span> <span class='ocrx_word' id='word_1_376' title='bbox 1354 3561 1501 3628; x_wconf 77' lang='lat' dir='ltr'><strong>l53xv1u,</strong></span> <span class='ocrx_word' id='word_1_377' title='bbox 1522 3561 1555 3632; x_wconf 88' lang='grc' dir='ltr'><strong>ι),</strong></span> <span class='ocrx_word' id='word_1_378' title='bbox 1566 3561 1668 3617; x_wconf 89' lang='lat' dir='ltr'><strong>civitas</strong></span> <span class='ocrx_word' id='word_1_379' title='bbox 1681 3562 1711 3617; x_wconf 94' lang='lat' dir='ltr'><strong>in</strong></span> <span class='ocrx_word' id='word_1_380' title='bbox 1726 3561 1847 3631; x_wconf 86' lang='lat' dir='ltr'><strong>Achaia,</strong></span> 
     </span>
     <span class='ocr_line' id='line_1_32' title="bbox 140 3646 1847 3723; baseline -0.002 -14"><span class='ocrx_word' id='word_1_381' title='bbox 140 3651 209 3710; x_wconf 88' lang='lat' dir='ltr'><strong>Nilo</strong></span> <span class='ocrx_word' id='word_1_382' title='bbox 227 3651 238 3687; x_wconf 78' lang='lat'>⁸</span> <span class='ocrx_word' id='word_1_383' title='bbox 252 3651 411 3722; x_wconf 89' lang='lat' dir='ltr'><strong>utrimque,</strong></span> <span class='ocrx_word' id='word_1_384' title='bbox 427 3653 460 3706; x_wconf 87' lang='lat' dir='ltr'><strong>ut</strong></span> <span class='ocrx_word' id='word_1_385' title='bbox 474 3655 497 3703; x_wconf 88' lang='lat' dir='ltr'><strong>A</strong></span> <span class='ocrx_word' id='word_1_386' title='bbox 513 3648 616 3705; x_wconf 78' lang='lat' dir='ltr'><strong>littora</strong></span> <span class='ocrx_word' id='word_1_387' title='bbox 628 3649 753 3720; x_wconf 86' lang='lat' dir='ltr'><strong>liguram</strong></span> <span class='ocrx_word' id='word_1_388' title='bbox 768 3646 884 3716; x_wconf 83' lang='lat' dir='ltr'><strong>alliciat,</strong></span> <span class='ocrx_word' id='word_1_389' title='bbox 900 3646 969 3702; x_wconf 87' lang='lat' dir='ltr'><strong>inde</strong></span> <span class='ocrx_word' id='word_1_390' title='bbox 1022 3646 1213 3721; x_wconf 83' lang='lat' dir='ltr'><strong>philosophie</strong></span> <span class='ocrx_word' id='word_1_391' title='bbox 1230 3648 1326 3704; x_wconf 89' lang='lat' dir='ltr'><strong>dicata</strong></span> <span class='ocrx_word' id='word_1_392' title='bbox 1340 3649 1465 3705; x_wconf 88' lang='lat' dir='ltr'><strong>studiis:</strong></span> <span class='ocrx_word' id='word_1_393' title='bbox 1478 3665 1541 3720; x_wconf 80' lang='lat' dir='ltr'><strong>quse</strong></span> <span class='ocrx_word' id='word_1_394' title='bbox 1557 3665 1624 3704; x_wconf 91' lang='lat' dir='ltr'><strong>oum</strong></span> <span class='ocrx_word' id='word_1_395' title='bbox 1642 3667 1701 3705; x_wconf 92' lang='lat' dir='ltr'><strong>una</strong></span> <span class='ocrx_word' id='word_1_396' title='bbox 1715 3651 1765 3718; x_wconf 89' lang='lat' dir='ltr'><strong>sit,</strong></span> <span class='ocrx_word' id='word_1_397' title='bbox 1781 3649 1847 3723; x_wconf 93' lang='lat' dir='ltr'><strong>plu·</strong></span> 
     </span>
     <span class='ocr_line' id='line_1_33' title="bbox 143 3734 1850 3813; baseline -0.001 -16"><span class='ocrx_word' id='word_1_398' title='bbox 143 3739 319 3813; x_wconf 88' lang='lat' dir='ltr'><strong>multiquod</strong></span> <span class='ocrx_word' id='word_1_399' title='bbox 332 3739 438 3796; x_wconf 83' lang='lat' dir='ltr'><strong>Graecas</strong></span> <span class='ocrx_word' id='word_1_400' title='bbox 460 3737 562 3794; x_wconf 80' lang='lat' dir='ltr'><strong>littora</strong></span> <span class='ocrx_word' id='word_1_401' title='bbox 590 3737 714 3811; x_wconf 82' lang='lat' dir='ltr'><strong>figuram</strong></span> <span class='ocrx_word' id='word_1_402' title='bbox 738 3734 855 3807; x_wconf 83' lang='lat' dir='ltr'><strong>efficiat,</strong></span> <span class='ocrx_word' id='word_1_403' title='bbox 883 3751 968 3791; x_wconf 91' lang='lat' dir='ltr'><strong>voca·</strong></span> <span class='ocrx_word' id='word_1_404' title='bbox 1022 3735 1076 3793; x_wconf 89' lang='lat' dir='ltr'><strong>rali</strong></span> <span class='ocrx_word' id='word_1_405' title='bbox 1090 3752 1213 3792; x_wconf 91' lang='lat' dir='ltr'><strong>numero</strong></span> <span class='ocrx_word' id='word_1_406' title='bbox 1227 3753 1343 3810; x_wconf 89' lang='lat' dir='ltr'><strong>semper</strong></span> <span class='ocrx_word' id='word_1_407' title='bbox 1357 3736 1498 3810; x_wconf 87' lang='lat' dir='ltr'><strong>appellari</strong></span> <span class='ocrx_word' id='word_1_408' title='bbox 1513 3735 1605 3794; x_wconf 88' lang='lat' dir='ltr'><strong>solat:</strong></span> <span class='ocrx_word' id='word_1_409' title='bbox 1626 3739 1712 3810; x_wconf 88' lang='lat' dir='ltr'><strong>cujus</strong></span> <span class='ocrx_word' id='word_1_410' title='bbox 1740 3738 1850 3796; x_wconf 84' lang='lat' dir='ltr'><strong>Piraeus</strong></span> 
     </span>
     <span class='ocr_line' id='line_1_34' title="bbox 140 3823 1850 3901; baseline -0.001 -15"><span class='ocrx_word' id='word_1_411' title='bbox 140 3827 214 3888; x_wconf 92' lang='lat' dir='ltr'><strong>bulo</strong></span> <span class='ocrx_word' id='word_1_412' title='bbox 228 3826 341 3886; x_wconf 86' lang='lat' dir='ltr'><strong>Deltam</strong></span> <span class='ocrx_word' id='word_1_413' title='bbox 358 3826 550 3900; x_wconf 87' lang='lat' dir='ltr'><strong>appellavere.</strong></span> <span class='ocrx_word' id='word_1_414' title='bbox 566 3825 682 3898; x_wconf 81' lang='lat' dir='ltr'><strong>AEgypti</strong></span> <span class='ocrx_word' id='word_1_415' title='bbox 697 3841 763 3880; x_wconf 90' lang='lat' dir='ltr'><strong>vero</strong></span> <span class='ocrx_word' id='word_1_416' title='bbox 780 3839 919 3880; x_wconf 89' lang='lat' dir='ltr'><strong>mensura</strong></span> <span class='ocrx_word' id='word_1_417' title='bbox 932 3823 968 3879; x_wconf 91' lang='lat' dir='ltr'><strong>ab</strong></span> <span class='ocrx_word' id='word_1_418' title='bbox 1022 3827 1075 3898; x_wconf 82' lang='lat' dir='ltr'><strong>(At.</strong></span> <span class='ocrx_word' id='word_1_419' title='bbox 1097 3825 1232 3896; x_wconf 84' lang='lat' dir='ltr'><strong>Phircus)</strong></span> <span class='ocrx_word' id='word_1_420' title='bbox 1258 3830 1360 3897; x_wconf 88' lang='lat' dir='ltr'><strong>portus</strong></span> <span class='ocrx_word' id='word_1_421' title='bbox 1376 3825 1561 3899; x_wconf 88' lang='lat' dir='ltr'><strong>septemplici</strong></span> <span class='ocrx_word' id='word_1_422' title='bbox 1590 3844 1674 3883; x_wconf 90' lang='lat' dir='ltr'><strong>muro</strong></span> <span class='ocrx_word' id='word_1_423' title='bbox 1699 3829 1850 3901; x_wconf 88' lang='lat' dir='ltr'><strong>quondam</strong></span> 
     </span>
     <span class='ocr_line' id='line_1_35' title="bbox 141 3910 1526 3988; baseline -0.004 -12"><span class='ocrx_word' id='word_1_424' title='bbox 141 3917 256 3976; x_wconf 86' lang='lat' dir='ltr'><strong>unitate</strong></span> <span class='ocrx_word' id='word_1_425' title='bbox 269 3916 353 3988; x_wconf 87' lang='lat' dir='ltr'><strong>alvei,</strong></span> <span class='ocrx_word' id='word_1_426' title='bbox 370 3916 448 3972; x_wconf 91' lang='lat' dir='ltr'><strong>unde</strong></span> <span class='ocrx_word' id='word_1_427' title='bbox 458 3932 489 3972; x_wconf 88' lang='lat' dir='ltr'><strong>so</strong></span> <span class='ocrx_word' id='word_1_428' title='bbox 513 3914 642 3987; x_wconf 90' lang='lat' dir='ltr'><strong>primum</strong></span> <span class='ocrx_word' id='word_1_429' title='bbox 669 3911 754 3968; x_wconf 90' lang='lat' dir='ltr'><strong>lindit</strong></span> <span class='ocrx_word' id='word_1_430' title='bbox 782 3912 833 3983; x_wconf 87' lang='lat' dir='ltr'><strong>[At.</strong></span> <span class='ocrx_word' id='word_1_431' title='bbox 862 3910 970 3983; x_wconf 81' lang='lat' dir='ltr'><strong>tundit]</strong></span> <span class='ocrx_word' id='word_1_432' title='bbox 1023 3916 1222 3972; x_wconf 86' lang='lat' dir='ltr'><strong>communitus</strong></span> <span class='ocrx_word' id='word_1_433' title='bbox 1234 3915 1326 3972; x_wconf 86' lang='lat' dir='ltr'><strong>luisse</strong></span> <span class='ocrx_word' id='word_1_434' title='bbox 1340 3914 1526 3972; x_wconf 88' lang='lat' dir='ltr'><strong>describitur.</strong></span> 
     </span>
     <span class='ocr_line' id='line_1_36' title="bbox 141 4000 1849 4080; baseline -0.001 -16"><span class='ocrx_word' id='word_1_435' title='bbox 141 4009 173 4065; x_wconf 93' lang='lat' dir='ltr'><strong>in</strong></span> <span class='ocrx_word' id='word_1_436' title='bbox 194 4006 285 4063; x_wconf 86' lang='lat' dir='ltr'><strong>latera</strong></span> <span class='ocrx_word' id='word_1_437' title='bbox 299 4006 335 4062; x_wconf 88' lang='lat' dir='ltr'><strong>ed</strong></span> <span class='ocrx_word' id='word_1_438' title='bbox 347 4004 523 4077; x_wconf 83' lang='lat' dir='ltr'><strong>Canopicum</strong></span> <span class='ocrx_word' id='word_1_439' title='bbox 540 4003 648 4058; x_wconf 89' lang='lat' dir='ltr'><strong>ostium</strong></span> <span class='ocrx_word' id='word_1_440' title='bbox 677 4004 795 4058; x_wconf 89' lang='lat' dir='ltr'><strong>centum</strong></span> <span class='ocrx_word' id='word_1_441' title='bbox 820 4000 971 4074; x_wconf 88' lang='lat' dir='ltr'><strong>sexaginta</strong></span> <span class='ocrx_word' id='word_1_442' title='bbox 1059 4013 1228 4078; x_wconf 75' lang='lat' dir='ltr'><strong>areopagus</strong></span> <span class='ocrx_word' id='word_1_443' title='bbox 1243 4005 1310 4076; x_wconf 68' lang='lat' dir='ltr'><strong>(tm.</strong></span> <span class='ocrx_word' id='word_1_444' title='bbox 1326 4022 1395 4075; x_wconf 88' lang='lat' dir='ltr'><strong>xvu,</strong></span> <span class='ocrx_word' id='word_1_445' title='bbox 1412 4005 1467 4077; x_wconf 84' lang='lat'><strong>19),</strong></span> <span class='ocrx_word' id='word_1_446' title='bbox 1478 4004 1660 4063; x_wconf 87' lang='lat' dir='ltr'><strong>Athenarum</strong></span> <span class='ocrx_word' id='word_1_447' title='bbox 1676 4007 1768 4075; x_wconf 89' lang='lat' dir='ltr'><strong>ouria,</strong></span> <span class='ocrx_word' id='word_1_448' title='bbox 1785 4023 1849 4080; x_wconf 74' lang='lat' dir='ltr'><strong>que</strong></span> 
     </span>
     <span class='ocr_line' id='line_1_37' title="bbox 140 4091 1845 4169; baseline -0.002 -15"><span class='ocrx_word' id='word_1_449' title='bbox 140 4112 195 4154; x_wconf 82' lang='lat' dir='ltr'><strong>sex</strong></span> <span class='ocrx_word' id='word_1_450' title='bbox 209 4111 362 4169; x_wconf 83' lang='lat' dir='ltr'><strong>passuum,</strong></span> <span class='ocrx_word' id='word_1_451' title='bbox 378 4095 413 4150; x_wconf 92' lang='lat' dir='ltr'><strong>ad</strong></span> <span class='ocrx_word' id='word_1_452' title='bbox 426 4092 606 4150; x_wconf 89' lang='lat' dir='ltr'><strong>Pelasiacum</strong></span> <span class='ocrx_word' id='word_1_453' title='bbox 618 4091 812 4147; x_wconf 89' lang='lat' dir='ltr'><strong>ducentorum</strong></span> <span class='ocrx_word' id='word_1_454' title='bbox 823 4091 969 4163; x_wconf 91' lang='lat' dir='ltr'><strong>quinqua·</strong></span> <span class='ocrx_word' id='word_1_455' title='bbox 1023 4093 1231 4166; x_wconf 86' lang='lat' dir='ltr'><strong>interpretatur</strong></span> <span class='ocrx_word' id='word_1_456' title='bbox 1244 4094 1312 4149; x_wconf 86' lang='lat' dir='ltr'><strong>villo</strong></span> <span class='ocrx_word' id='word_1_457' title='bbox 1326 4094 1430 4164; x_wconf 81' lang='lat' dir='ltr'><strong>llcrtis,</strong></span> <span class='ocrx_word' id='word_1_458' title='bbox 1446 4095 1523 4166; x_wconf 88' lang='lat' dir='ltr'><strong>quod</strong></span> <span class='ocrx_word' id='word_1_459' title='bbox 1547 4095 1609 4168; x_wconf 91' lang='lat' dir='ltr'><strong>ipsa</strong></span> <span class='ocrx_word' id='word_1_460' title='bbox 1633 4095 1673 4150; x_wconf 95' lang='lat' dir='ltr'><strong>ibi</strong></span> <span class='ocrx_word' id='word_1_461' title='bbox 1695 4096 1845 4168; x_wconf 91' lang='lat' dir='ltr'><strong>quondam</strong></span> 
     </span>
     <span class='ocr_line' id='line_1_38' title="bbox 139 4182 1664 4261; baseline -0.002 -19"><span class='ocrx_word' id='word_1_462' title='bbox 139 4185 225 4261; x_wconf 90' lang='lat' dir='ltr'><strong>ginta</strong></span> <span class='ocrx_word' id='word_1_463' title='bbox 240 4201 300 4242; x_wconf 86' lang='lat' dir='ltr'><strong>sex.</strong></span> <span class='ocrx_word' id='word_1_464' title='bbox 1023 4200 1090 4239; x_wconf 91' lang='lat' dir='ltr'><strong>cum</strong></span> <span class='ocrx_word' id='word_1_465' title='bbox 1106 4182 1403 4239; x_wconf 87' lang='lat' dir='ltr'><strong>ducentisduodecim</strong></span> <span class='ocrx_word' id='word_1_466' title='bbox 1422 4183 1478 4238; x_wconf 88' lang='lat' dir='ltr'><strong>diis</strong></span> <span class='ocrx_word' id='word_1_467' title='bbox 1493 4183 1664 4240; x_wconf 87' lang='lat' dir='ltr'><strong>dicatussit.</strong></span> 
     </span>
     <span class='ocr_line' id='line_1_39' title="bbox 175 4267 1850 4344; baseline -0.001 -14"><span class='ocrx_word' id='word_1_468' title='bbox 175 4272 289 4330; x_wconf 84' lang='lat' dir='ltr'><strong>Arabiae</strong></span> <span class='ocrx_word' id='word_1_469' title='bbox 304 4271 469 4344; x_wconf 73' lang='lat' dir='ltr'><strong>regiolrlct.</strong></span> <span class='ocrx_word' id='word_1_470' title='bbox 498 4288 531 4338; x_wconf 88' lang='lat' dir='ltr'><strong>u,</strong></span> <span class='ocrx_word' id='word_1_471' title='bbox 560 4271 617 4339; x_wconf 91' lang='lat' dir='ltr'><strong>ll),</strong></span> <span class='ocrx_word' id='word_1_472' title='bbox 646 4269 723 4325; x_wconf 89' lang='lat' dir='ltr'><strong>inter</strong></span> <span class='ocrx_word' id='word_1_473' title='bbox 750 4267 847 4324; x_wconf 90' lang='lat' dir='ltr'><strong>sinum</strong></span> <span class='ocrx_word' id='word_1_474' title='bbox 878 4267 969 4324; x_wconf 87' lang='lat' dir='ltr'><strong>maris</strong></span> <span class='ocrx_word' id='word_1_475' title='bbox 1058 4274 1147 4328; x_wconf 89' lang='lat' dir='ltr'><strong>Assso</strong></span> <span class='ocrx_word' id='word_1_476' title='bbox 1160 4273 1284 4343; x_wconf 60' lang='lat' dir='ltr'><strong>(Artax,</strong></span> <span class='ocrx_word' id='word_1_477' title='bbox 1302 4273 1458 4340; x_wconf 78' lang='lat' dir='ltr'><strong>133xxvu,</strong></span> <span class='ocrx_word' id='word_1_478' title='bbox 1475 4272 1529 4344; x_wconf 85' lang='lat'><strong>13),</strong></span> <span class='ocrx_word' id='word_1_479' title='bbox 1551 4271 1653 4328; x_wconf 90' lang='lat' dir='ltr'><strong>civitas</strong></span> <span class='ocrx_word' id='word_1_480' title='bbox 1683 4273 1758 4328; x_wconf 76' lang='lat' dir='ltr'><strong>Asiae</strong></span> <span class='ocrx_word' id='word_1_481' title='bbox 1788 4288 1850 4329; x_wconf 89' lang='lat' dir='ltr'><strong>ma-</strong></span> 
     </span>
     <span class='ocr_line' id='line_1_40' title="bbox 136 4357 1511 4434; baseline -0.003 -14"><span class='ocrx_word' id='word_1_482' title='bbox 136 4361 301 4434; x_wconf 80' lang='lat' dir='ltr'><strong>Rubri,qui</strong></span> <span class='ocrx_word' id='word_1_483' title='bbox 314 4361 460 4430; x_wconf 87' lang='lat' dir='ltr'><strong>Persicus,</strong></span> <span class='ocrx_word' id='word_1_484' title='bbox 474 4365 502 4417; x_wconf 89' lang='lat' dir='ltr'><strong>st</strong></span> <span class='ocrx_word' id='word_1_485' title='bbox 516 4375 585 4416; x_wconf 92' lang='lat' dir='ltr'><strong>eum</strong></span> <span class='ocrx_word' id='word_1_486' title='bbox 601 4360 652 4431; x_wconf 92' lang='lat' dir='ltr'><strong>qui</strong></span> <span class='ocrx_word' id='word_1_487' title='bbox 681 4357 825 4414; x_wconf 87' lang='lat' dir='ltr'><strong>Arabicus</strong></span> <span class='ocrx_word' id='word_1_488' title='bbox 850 4357 968 4424; x_wconf 88' lang='lat' dir='ltr'><strong>dicitur,</strong></span> <span class='ocrx_word' id='word_1_489' title='bbox 1024 4361 1133 4426; x_wconf 89' lang='lat' dir='ltr'><strong>ritima,</strong></span> <span class='ocrx_word' id='word_1_490' title='bbox 1145 4361 1246 4417; x_wconf 89' lang='lat' dir='ltr'><strong>eadem</strong></span> <span class='ocrx_word' id='word_1_491' title='bbox 1261 4359 1412 4433; x_wconf 82' lang='lat' dir='ltr'><strong>Apollonia</strong></span> <span class='ocrx_word' id='word_1_492' title='bbox 1422 4359 1511 4416; x_wconf 89' lang='lat' dir='ltr'><strong>dicta.</strong></span> 
     </span>
     <span class='ocr_line' id='line_1_41' title="bbox 140 4446 1848 4524; baseline -0.001 -16"><span class='ocrx_word' id='word_1_493' title='bbox 140 4449 233 4509; x_wconf 86' lang='lat' dir='ltr'><strong>habet</strong></span> <span class='ocrx_word' id='word_1_494' title='bbox 247 4454 349 4524; x_wconf 90' lang='lat' dir='ltr'><strong>gentes</strong></span> <span class='ocrx_word' id='word_1_495' title='bbox 365 4449 487 4518; x_wconf 89' lang='lat' dir='ltr'><strong>multas,</strong></span> <span class='ocrx_word' id='word_1_496' title='bbox 500 4448 653 4514; x_wconf 87' lang='lat' dir='ltr'><strong>Moabitas,</strong></span> <span class='ocrx_word' id='word_1_497' title='bbox 677 4446 871 4513; x_wconf 89' lang='lat' dir='ltr'><strong>Ammonitas,</strong></span> <span class='ocrx_word' id='word_1_498' title='bbox 902 4446 969 4502; x_wconf 92' lang='lat' dir='ltr'><strong>ldu·</strong></span> <span class='ocrx_word' id='word_1_499' title='bbox 1058 4449 1221 4523; x_wconf 88' lang='lat' dir='ltr'><strong>Antipatris</strong></span> <span class='ocrx_word' id='word_1_500' title='bbox 1236 4450 1302 4522; x_wconf 82' lang='lat' dir='ltr'><strong>(Act.</strong></span> <span class='ocrx_word' id='word_1_501' title='bbox 1315 4467 1397 4520; x_wconf 83' lang='lat' dir='ltr'><strong>xxm,</strong></span> <span class='ocrx_word' id='word_1_502' title='bbox 1413 4449 1479 4517; x_wconf 90' lang='lat' dir='ltr'><strong>3t.),</strong></span> <span class='ocrx_word' id='word_1_503' title='bbox 1491 4449 1593 4506; x_wconf 87' lang='lat' dir='ltr'><strong>civitas</strong></span> <span class='ocrx_word' id='word_1_504' title='bbox 1604 4449 1754 4506; x_wconf 77' lang='lat' dir='ltr'><strong>Palestinae</strong></span> <span class='ocrx_word' id='word_1_505' title='bbox 1770 4467 1848 4507; x_wconf 93' lang='lat' dir='ltr'><strong>nuno</strong></span> 
     </span>
     <span class='ocr_line' id='line_1_42' title="bbox 141 4534 1849 4613; baseline -0.005 -11"><span class='ocrx_word' id='word_1_506' title='bbox 141 4555 245 4610; x_wconf 66' lang='lat' dir='ltr'><strong>motos,</strong></span> <span class='ocrx_word' id='word_1_507' title='bbox 258 4543 429 4602; x_wconf 65' lang='lat' dir='ltr'><strong>Saracenos,</strong></span> <span class='ocrx_word' id='word_1_508' title='bbox 441 4536 573 4609; x_wconf 65' lang='lat' dir='ltr'><strong>aliosque</strong></span> <span class='ocrx_word' id='word_1_509' title='bbox 588 4534 832 4608; x_wconf 84' lang='lat' dir='ltr'><strong>quamplurimos.</strong></span> <span class='ocrx_word' id='word_1_510' title='bbox 862 4534 971 4590; x_wconf 85' lang='lat' dir='ltr'><strong>Arabia</strong></span> <span class='ocrx_word' id='word_1_511' title='bbox 1024 4539 1131 4609; x_wconf 86' lang='lat' dir='ltr'><strong>diruta,</strong></span> <span class='ocrx_word' id='word_1_512' title='bbox 1147 4555 1235 4611; x_wconf 89' lang='lat' dir='ltr'><strong>quam</strong></span> <span class='ocrx_word' id='word_1_513' title='bbox 1252 4539 1380 4595; x_wconf 87' lang='lat' dir='ltr'><strong>Herodes</strong></span> <span class='ocrx_word' id='word_1_514' title='bbox 1395 4539 1564 4594; x_wconf 75' lang='lat' dir='ltr'><strong>recludere</strong></span> <span class='ocrx_word' id='word_1_515' title='bbox 1584 4557 1618 4594; x_wconf 90' lang='lat' dir='ltr'><strong>ex</strong></span> <span class='ocrx_word' id='word_1_516' title='bbox 1633 4540 1725 4613; x_wconf 89' lang='lat' dir='ltr'><strong>patris</strong></span> <span class='ocrx_word' id='word_1_517' title='bbox 1740 4539 1849 4596; x_wconf 90' lang='lat' dir='ltr'><strong>suino·</strong></span> 
     </span>
     <span class='ocr_line' id='line_1_43' title="bbox 142 4611 1281 4699; baseline -0.004 -14"><span class='ocrx_word' id='word_1_518' title='bbox 142 4633 244 4685; x_wconf 85' lang='lat' dir='ltr'><strong>autam</strong></span> <span class='ocrx_word' id='word_1_519' title='bbox 258 4644 339 4684; x_wconf 85' lang='lat' dir='ltr'><strong>suero</strong></span> <span class='ocrx_word' id='word_1_520' title='bbox 353 4625 541 4699; x_wconf 86' lang='lat' dir='ltr'><strong>interpretari</strong></span> <span class='ocrx_word' id='word_1_521' title='bbox 556 4624 682 4681; x_wconf 90' lang='lat' dir='ltr'><strong>dicitur:</strong></span> <span class='ocrx_word' id='word_1_522' title='bbox 700 4640 733 4680; x_wconf 93' lang='lat' dir='ltr'><strong>eo</strong></span> <span class='ocrx_word' id='word_1_523' title='bbox 744 4623 819 4696; x_wconf 92' lang='lat' dir='ltr'><strong>quod</strong></span> <span class='ocrx_word' id='word_1_524' title='bbox 832 4623 870 4680; x_wconf 87' lang='lat' dir='ltr'><strong>sit</strong></span> <span class='ocrx_word' id='word_1_525' title='bbox 893 4621 972 4696; x_wconf 90' lang='lat' dir='ltr'><strong>regio</strong></span> <span class='ocrx_word' id='word_1_526' title='bbox 987 4611 1009 4680; x_wconf 84' lang='lat' dir='ltr'>C</span> <span class='ocrx_word' id='word_1_527' title='bbox 1029 4629 1108 4685; x_wconf 82' lang='lat' dir='ltr'><strong>mino</strong></span> <span class='ocrx_word' id='word_1_528' title='bbox 1121 4634 1281 4686; x_wconf 82' lang='lat' dir='ltr'><strong>vocaverat.</strong></span> 
     </span>
     <span class='ocr_line' id='line_1_44' title="bbox 140 4707 1851 4790; baseline -0.006 -16"><span class='ocrx_word' id='word_1_529' title='bbox 140 4716 299 4786; x_wconf 62' lang='lat' dir='ltr'><strong>thurifera,</strong></span> <span class='ocrx_word' id='word_1_530' title='bbox 315 4716 420 4773; x_wconf 70' lang='lat' dir='ltr'><strong>odores</strong></span> <span class='ocrx_word' id='word_1_531' title='bbox 435 4730 549 4770; x_wconf 71' lang='lat' dir='ltr'><strong>cretius.</strong></span> <span class='ocrx_word' id='word_1_532' title='bbox 575 4712 649 4769; x_wconf 74' lang='lat' dir='ltr'><strong>Hine</strong></span> <span class='ocrx_word' id='word_1_533' title='bbox 674 4729 738 4768; x_wconf 75' lang='lat' dir='ltr'><strong>eam</strong></span> <span class='ocrx_word' id='word_1_534' title='bbox 764 4712 854 4768; x_wconf 77' lang='lat' dir='ltr'><strong>Greci</strong></span> <span class='ocrx_word' id='word_1_535' title='bbox 883 4707 972 4765; x_wconf 72' lang='grc' dir='ltr'>εὖὸαι-</span> <span class='ocrx_word' id='word_1_536' title='bbox 1063 4716 1148 4790; x_wconf 76' lang='lat' dir='ltr'><strong>Appii</strong></span> <span class='ocrx_word' id='word_1_537' title='bbox 1163 4718 1259 4774; x_wconf 78' lang='lat' dir='ltr'><strong>sorum</strong></span> <span class='ocrx_word' id='word_1_538' title='bbox 1282 4717 1351 4788; x_wconf 74' lang='lat' dir='ltr'><strong>(Act,</strong></span> <span class='ocrx_word' id='word_1_539' title='bbox 1373 4735 1473 4784; x_wconf 73' lang='lat' dir='ltr'><strong>mm,</strong></span> <span class='ocrx_word' id='word_1_540' title='bbox 1500 4717 1555 4790; x_wconf 58' lang='lat'><strong>⁴5),</strong></span> <span class='ocrx_word' id='word_1_541' title='bbox 1583 4733 1689 4774; x_wconf 73' lang='lat' dir='ltr'><strong>nomon</strong></span> <span class='ocrx_word' id='word_1_542' title='bbox 1715 4718 1769 4774; x_wconf 75' lang='lat' dir='ltr'><strong>fori</strong></span> <span class='ocrx_word' id='word_1_543' title='bbox 1795 4721 1851 4774; x_wconf 84' lang='lat' dir='ltr'><strong>Ro-</strong></span> 
     </span>
     <span class='ocr_line' id='line_1_45' title="bbox 144 4803 1850 4880; baseline 0.001 -20"><span class='ocrx_word' id='word_1_544' title='bbox 144 4825 229 4880; x_wconf 82' lang='grc' dir='ltr'>μονα,</span> <span class='ocrx_word' id='word_1_545' title='bbox 247 4805 337 4863; x_wconf 83' lang='lat' dir='ltr'><strong>nostri</strong></span> <span class='ocrx_word' id='word_1_546' title='bbox 353 4805 459 4862; x_wconf 76' lang='lat' dir='ltr'><strong>beatam</strong></span> <span class='ocrx_word' id='word_1_547' title='bbox 476 4803 604 4876; x_wconf 72' lang='lat' dir='ltr'><strong>[felicem]</strong></span> <span class='ocrx_word' id='word_1_548' title='bbox 618 4805 802 4857; x_wconf 82' lang='lat' dir='ltr'><strong>vocaverunt.</strong></span> <span class='ocrx_word' id='word_1_549' title='bbox 1027 4823 1091 4872; x_wconf 86' lang='lat' dir='ltr'><strong>ma,</strong></span> <span class='ocrx_word' id='word_1_550' title='bbox 1108 4807 1143 4862; x_wconf 90' lang='lat' dir='ltr'><strong>ab</strong></span> <span class='ocrx_word' id='word_1_551' title='bbox 1158 4806 1247 4879; x_wconf 89' lang='lat' dir='ltr'><strong>Appio</strong></span> <span class='ocrx_word' id='word_1_552' title='bbox 1262 4807 1410 4878; x_wconf 87' lang='lat' dir='ltr'><strong>quondam</strong></span> <span class='ocrx_word' id='word_1_553' title='bbox 1440 4807 1561 4863; x_wconf 87' lang='lat' dir='ltr'><strong>consule</strong></span> <span class='ocrx_word' id='word_1_554' title='bbox 1583 4811 1732 4863; x_wconf 85' lang='lat' dir='ltr'><strong>tractum:</strong></span> <span class='ocrx_word' id='word_1_555' title='bbox 1750 4824 1766 4862; x_wconf 87' lang='lat' dir='ltr'><strong>a</strong></span> <span class='ocrx_word' id='word_1_556' title='bbox 1792 4823 1850 4880; x_wconf 90' lang='lat' dir='ltr'><strong>quo</strong></span> 
     </span>
     <span class='ocr_line' id='line_1_46' title="bbox 180 4889 1517 4968; baseline -0.001 -16"><span class='ocrx_word' id='word_1_557' title='bbox 180 4895 351 4968; x_wconf 81' lang='lat' dir='ltr'><strong>AEtbiopum</strong></span> <span class='ocrx_word' id='word_1_558' title='bbox 369 4892 448 4966; x_wconf 87' lang='lat' dir='ltr'><strong>regio</strong></span> <span class='ocrx_word' id='word_1_559' title='bbox 464 4893 532 4966; x_wconf 85' lang='lat' dir='ltr'><strong>(Act.</strong></span> <span class='ocrx_word' id='word_1_560' title='bbox 548 4907 609 4960; x_wconf 88' lang='lat' dir='ltr'><strong>vm,</strong></span> <span class='ocrx_word' id='word_1_561' title='bbox 636 4891 681 4962; x_wconf 82' lang='lat'><strong>27)</strong></span> <span class='ocrx_word' id='word_1_562' title='bbox 697 4890 732 4946; x_wconf 91' lang='lat' dir='ltr'><strong>ab</strong></span> <span class='ocrx_word' id='word_1_563' title='bbox 762 4889 833 4945; x_wconf 88' lang='lat' dir='ltr'><strong>ludo</strong></span> <span class='ocrx_word' id='word_1_564' title='bbox 853 4889 973 4946; x_wconf 90' lang='lat' dir='ltr'><strong>llumino</strong></span> <span class='ocrx_word' id='word_1_565' title='bbox 1027 4901 1056 4953; x_wconf 79' lang='lat' dir='ltr'><strong>el</strong></span> <span class='ocrx_word' id='word_1_566' title='bbox 1070 4896 1118 4952; x_wconf 88' lang='lat' dir='ltr'><strong>via</strong></span> <span class='ocrx_word' id='word_1_567' title='bbox 1132 4896 1226 4968; x_wconf 83' lang='lat' dir='ltr'><strong>Appia</strong></span> <span class='ocrx_word' id='word_1_568' title='bbox 1241 4896 1448 4968; x_wconf 89' lang='lat' dir='ltr'><strong>cognominata</strong></span> <span class='ocrx_word' id='word_1_569' title='bbox 1463 4901 1517 4952; x_wconf 89' lang='lat' dir='ltr'><strong>ost.</strong></span> 
     </span>
     <span class='ocr_line' id='line_1_47' title="bbox 139 4976 973 5057; baseline -0.011 -13"><span class='ocrx_word' id='word_1_570' title='bbox 139 4999 339 5057; x_wconf 82' lang='lat' dir='ltr'><strong>consurgens,</strong></span> <span class='ocrx_word' id='word_1_571' title='bbox 353 4984 438 5056; x_wconf 85' lang='lat' dir='ltr'><strong>juxta</strong></span> <span class='ocrx_word' id='word_1_572' title='bbox 465 4982 611 5054; x_wconf 76' lang='lat' dir='ltr'><strong>Egyptum</strong></span> <span class='ocrx_word' id='word_1_573' title='bbox 626 4979 703 5035; x_wconf 88' lang='lat' dir='ltr'><strong>iuter</strong></span> <span class='ocrx_word' id='word_1_574' title='bbox 716 4976 814 5034; x_wconf 90' lang='lat' dir='ltr'><strong>Nilum</strong></span> <span class='ocrx_word' id='word_1_575' title='bbox 829 4983 858 5034; x_wconf 88' lang='lat' dir='ltr'><strong>et</strong></span> <span class='ocrx_word' id='word_1_576' title='bbox 884 4983 973 5035; x_wconf 88' lang='lat' dir='ltr'><strong>Ocea-</strong></span> 
     </span>
     <span class='ocr_line' id='line_1_48' title="bbox 141 5043 1454 5144; baseline -0.008 -12"><span class='ocrx_word' id='word_1_577' title='bbox 141 5089 231 5144; x_wconf 89' lang='lat' dir='ltr'><strong>num,</strong></span> <span class='ocrx_word' id='word_1_578' title='bbox 248 5077 277 5129; x_wconf 88' lang='lat' dir='ltr'><strong>et</strong></span> <span class='ocrx_word' id='word_1_579' title='bbox 291 5072 319 5128; x_wconf 89' lang='lat' dir='ltr'><strong>in</strong></span> <span class='ocrx_word' id='word_1_580' title='bbox 335 5071 467 5138; x_wconf 87' lang='lat' dir='ltr'><strong>meridie,</strong></span> <span class='ocrx_word' id='word_1_581' title='bbox 484 5070 539 5126; x_wconf 89' lang='lat' dir='ltr'><strong>sub</strong></span> <span class='ocrx_word' id='word_1_582' title='bbox 554 5069 618 5143; x_wconf 88' lang='lat' dir='ltr'><strong>ipsa</strong></span> <span class='ocrx_word' id='word_1_583' title='bbox 633 5067 704 5124; x_wconf 88' lang='lat' dir='ltr'><strong>solis</strong></span> <span class='ocrx_word' id='word_1_584' title='bbox 718 5067 865 5124; x_wconf 87' lang='lat' dir='ltr'><strong>vicinitate</strong></span> <span class='ocrx_word' id='word_1_585' title='bbox 875 5069 972 5140; x_wconf 85' lang='lat' dir='ltr'><strong>jacet:</strong></span> <span class='ocrx_word' id='word_1_586' title='bbox 1434 5043 1454 5093; x_wconf 72' lang='grc' dir='ltr'><strong>Β</strong></span> 
     </span>
    </p>
   </div>
   <div class='ocr_carea' id='block_1_5' title="bbox 137 5156 1855 5310">
    <p class='ocr_par' dir='ltr' id='par_1_5' title="bbox 137 5156 1855 5310">
     <span class='ocr_line' id='line_1_49' title="bbox 137 5156 1853 5240; baseline -0.01 -3"><span class='ocrx_word' id='word_1_587' title='bbox 137 5176 273 5237; x_wconf 60' lang='lat' dir='ltr'><strong>limium</strong></span> <span class='ocrx_word' id='word_1_588' title='bbox 289 5165 350 5218; x_wconf 58' lang='lat'><strong>“⁰⁸</strong></span> <span class='ocrx_word' id='word_1_589' title='bbox 366 5163 436 5218; x_wconf 64' lang='lat'><strong>⁸⁰⁰²</strong></span> <span class='ocrx_word' id='word_1_590' title='bbox 452 5159 553 5233; x_wconf 74' lang='lat' dir='ltr'><strong>l³⁰l³¹¹¹i</strong></span> <span class='ocrx_word' id='word_1_591' title='bbox 568 5156 693 5232; x_wconf 65' lang='lat' dir='ltr'><strong>AEssll&#39;lb</strong></span> <span class='ocrx_word' id='word_1_592' title='bbox 705 5157 849 5229; x_wconf 77' lang='lat' dir='ltr'><strong>Hesperia</strong></span> <span class='ocrx_word' id='word_1_593' title='bbox 863 5161 892 5213; x_wconf 69' lang='grc' dir='ltr'><strong>θῑ</strong></span> <span class='ocrx_word' id='word_1_594' title='bbox 920 5157 974 5214; x_wconf 78' lang='lat'><strong>00·</strong></span> <span class='ocrx_word' id='word_1_595' title='bbox 1064 5165 1202 5240; x_wconf 80' lang='lat' dir='ltr'><strong>Babylon,</strong></span> <span class='ocrx_word' id='word_1_596' title='bbox 1219 5163 1389 5236; x_wconf 88' lang='lat' dir='ltr'><strong>metropolis</strong></span> <span class='ocrx_word' id='word_1_597' title='bbox 1404 5164 1485 5236; x_wconf 86' lang='lat' dir='ltr'><strong>regni</strong></span> <span class='ocrx_word' id='word_1_598' title='bbox 1502 5163 1716 5231; x_wconf 73' lang='lat' dir='ltr'><strong>Chaldaeorum,</strong></span> <span class='ocrx_word' id='word_1_599' title='bbox 1733 5164 1784 5220; x_wconf 90' lang='lat' dir='ltr'><strong>ubi</strong></span> <span class='ocrx_word' id='word_1_600' title='bbox 1804 5180 1853 5220; x_wconf 93' lang='lat' dir='ltr'><strong>eo·</strong></span> 
     </span>
     <span class='ocr_line' id='line_1_50' title="bbox 138 5234 1855 5310; baseline -0.009 0"><span class='ocrx_word' id='word_1_601' title='bbox 138 5249 285 5310; x_wconf 70' lang='lat' dir='ltr'><strong>sidentis.</strong></span> <span class='ocrx_word' id='word_1_602' title='bbox 1028 5256 1104 5308; x_wconf 84' lang='lat' dir='ltr'><strong>rurrr,</strong></span> <span class='ocrx_word' id='word_1_603' title='bbox 1121 5239 1172 5310; x_wconf 93' lang='lat' dir='ltr'><strong>qui</strong></span> <span class='ocrx_word' id='word_1_604' title='bbox 1186 5235 1370 5292; x_wconf 78' lang='lat' dir='ltr'><strong>edificabant</strong></span> <span class='ocrx_word' id='word_1_605' title='bbox 1381 5237 1496 5304; x_wconf 89' lang='lat' dir='ltr'><strong>turrim,</strong></span> <span class='ocrx_word' id='word_1_606' title='bbox 1512 5234 1618 5308; x_wconf 79' lang='lat' dir='ltr'><strong>lingua</strong></span> <span class='ocrx_word' id='word_1_607' title='bbox 1635 5236 1733 5293; x_wconf 79' lang='lat' dir='ltr'><strong>divisa</strong></span> <span class='ocrx_word' id='word_1_608' title='bbox 1748 5241 1855 5304; x_wconf 61' lang='lat' dir='ltr'><strong>sonte</strong></span> 
     </span>
    </p>
   </div>
   <div class='ocr_carea' id='block_1_6' title="bbox 181 5395 1854 5480">
    <p class='ocr_par' dir='ltr' id='par_1_6' title="bbox 181 5395 1854 5480">
     <span class='ocr_line' id='line_1_51' title="bbox 181 5395 1854 5480; baseline -0.009 -12"><span class='ocrx_word' id='word_1_609' title='bbox 181 5410 365 5468; x_wconf 88' lang='lat' dir='ltr'><strong>¹Meusms.</strong></span> <span class='ocrx_word' id='word_1_610' title='bbox 395 5410 471 5466; x_wconf 87' lang='lat' dir='ltr'><strong>libor</strong></span> <span class='ocrx_word' id='word_1_611' title='bbox 496 5407 695 5465; x_wconf 78' lang='lat' dir='ltr'><strong>Acheldemach</strong></span> <span class='ocrx_word' id='word_1_612' title='bbox 717 5420 842 5480; x_wconf 86' lang='lat' dir='ltr'><strong>moxque</strong></span> <span class='ocrx_word' id='word_1_613' title='bbox 866 5404 974 5462; x_wconf 88' lang='lat' dir='ltr'><strong>rectius</strong></span> <span class='ocrx_word' id='word_1_614' title='bbox 1028 5399 1317 5458; x_wconf 88' lang='lat' dir='ltr'><strong>otiusinmeoms.:</strong></span> <span class='ocrx_word' id='word_1_615' title='bbox 1334 5395 1450 5467; x_wconf 77' lang='lat' dir='ltr'><strong>lateque</strong></span> <span class='ocrx_word' id='word_1_616' title='bbox 1464 5395 1780 5456; x_wconf 73' lang='lat' dir='ltr'><strong>mottiGreeaetitterae</strong></span> <span class='ocrx_word' id='word_1_617' title='bbox 1806 5411 1854 5454; x_wconf 88' lang='lat' dir='ltr'><strong>vo·</strong></span> 
     </span>
    </p>
   </div>
   <div class='ocr_carea' id='block_1_7' title="bbox 138 5469 1527 5680">
    <p class='ocr_par' dir='ltr' id='par_1_7' title="bbox 138 5469 1527 5680">
     <span class='ocr_line' id='line_1_52' title="bbox 138 5469 1500 5555; baseline -0.015 -13"><span class='ocrx_word' id='word_1_618' title='bbox 138 5481 283 5555; x_wconf 79' lang='lat' dir='ltr'><strong>hodieque</strong></span> <span class='ocrx_word' id='word_1_619' title='bbox 296 5490 473 5539; x_wconf 73' lang='lat' dir='ltr'><strong>mocchotor.</strong></span> <span class='ocrx_word' id='word_1_620' title='bbox 1027 5471 1127 5531; x_wconf 81' lang='lat' dir='ltr'><strong>aetolo</strong></span> <span class='ocrx_word' id='word_1_621' title='bbox 1141 5471 1247 5554; x_wconf 71' lang='lat' dir='ltr'><strong>bellom</strong></span> <span class='ocrx_word' id='word_1_622' title='bbox 1261 5469 1445 5555; x_wconf 73' lang='lat' dir='ltr'><strong>appellavere.</strong></span> <span class='ocrx_word' id='word_1_623' title='bbox 1495 5540 1500 5552; x_wconf 24' lang='lat' dir='ltr'><em>q</em></span> 
     </span>
     <span class='ocr_line' id='line_1_53' title="bbox 179 5539 1527 5680; baseline -0.013 -63"><span class='ocrx_word' id='word_1_624' title='bbox 179 5557 193 5595; x_wconf 90' lang='lat'><strong>¹</strong></span> <span class='ocrx_word' id='word_1_625' title='bbox 207 5555 302 5616; x_wconf 84' lang='lat' dir='ltr'><strong>Antea</strong></span> <span class='ocrx_word' id='word_1_626' title='bbox 315 5558 377 5614; x_wconf 86' lang='lat' dir='ltr'><strong>erat</strong></span> <span class='ocrx_word' id='word_1_627' title='bbox 387 5557 534 5628; x_wconf 85' lang='lat' dir='ltr'><strong>corrupta,</strong></span> <span class='ocrx_word' id='word_1_628' title='bbox 548 5551 647 5680; x_wconf 56' lang='lat' dir='ltr'><strong>triepta</strong></span> <span class='ocrx_word' id='word_1_629' title='bbox 1064 5545 1074 5580; x_wconf 80' lang='lat'><strong>⁴</strong></span> <span class='ocrx_word' id='word_1_630' title='bbox 1088 5543 1176 5601; x_wconf 81' lang='lat' dir='ltr'><strong>Addo</strong></span> <span class='ocrx_word' id='word_1_631' title='bbox 1191 5556 1274 5600; x_wconf 87' lang='lat' dir='ltr'><strong>meus</strong></span> <span class='ocrx_word' id='word_1_632' title='bbox 1288 5555 1343 5598; x_wconf 87' lang='lat' dir='ltr'><strong>ms.</strong></span> <span class='ocrx_word' id='word_1_633' title='bbox 1361 5556 1390 5598; x_wconf 83' lang='lat' dir='ltr'><strong>vv</strong></span> <span class='ocrx_word' id='word_1_634' title='bbox 1404 5539 1527 5598; x_wconf 73' lang='lat' dir='ltr'><strong>ecclesio.</strong></span> 
     </span>
    </p>
   </div>
   <div class='ocr_carea' id='block_1_8' title="bbox 182 5619 973 5700">
    <p class='ocr_par' dir='ltr' id='par_1_8' title="bbox 182 5619 973 5700">
     <span class='ocr_line' id='line_1_54' title="bbox 182 5619 973 5700; baseline -0.008 -14"><span class='ocrx_word' id='word_1_635' title='bbox 182 5625 284 5686; x_wconf 73' lang='lat' dir='ltr'><strong>&#39;ilditl</strong></span> <span class='ocrx_word' id='word_1_636' title='bbox 299 5629 395 5694; x_wconf 83' lang='lat' dir='ltr'><strong>antae,</strong></span> <span class='ocrx_word' id='word_1_637' title='bbox 410 5627 540 5700; x_wconf 70' lang='lat' dir='ltr'><strong>tumaces</strong></span> <span class='ocrx_word' id='word_1_638' title='bbox 554 5623 588 5682; x_wconf 81' lang='lat' dir='ltr'><strong>lli</strong></span> <span class='ocrx_word' id='word_1_639' title='bbox 599 5638 625 5692; x_wconf 90' lang='lat' dir='ltr'><strong>o,</strong></span> <span class='ocrx_word' id='word_1_640' title='bbox 650 5619 716 5686; x_wconf 82' lang='lat' dir='ltr'><strong>btox</strong></span> <span class='ocrx_word' id='word_1_641' title='bbox 730 5620 846 5680; x_wconf 85' lang='lat' dir='ltr'><strong>brevius</strong></span> <span class='ocrx_word' id='word_1_642' title='bbox 871 5637 904 5679; x_wconf 90' lang='lat' dir='ltr'><strong>ao</strong></span> <span class='ocrx_word' id='word_1_643' title='bbox 929 5639 973 5680; x_wconf 85' lang='lat' dir='ltr'><strong>re·</strong></span> 
     </span>
    </p>
   </div>
   <div class='ocr_carea' id='block_1_9' title="bbox 0 0 2038 6164">
    <p class='ocr_par' dir='ltr' id='par_1_9' title="bbox 0 0 2038 6164">
     <span class='ocr_line' id='line_1_55' title="bbox 0 0 2038 6164; baseline 0 0"><span class='ocrx_word' id='word_1_644' title='bbox 0 0 2038 6164; x_wconf 95' lang='lat' dir='ltr'><strong> </strong></span> 
     </span>
    </p>
   </div>
  </div>
 </body>
</html>
