4078 6162
158 214 215 297 tte
330 277 333 284 .
557 227 873 302 transcurrere
895 225 1468 300 noueremus-anunente.
1802 227 1865 314 eae

155 359 271 438 κάλλος,
302 363 340 422 ὧν
369 363 404 438 ἥν
432 363 478 424 καὶ
504 367 555 438 τὴς
581 365 703 440 δαπάνης
732 363 812 430 αὐτὸς
840 367 965 444 χορηγός
982 386 988 400 ·
1004 365 1048 422 καὶ
1078 366 1162 422 ταῦτα
1189 365 1408 442 &superuiueret
1436 365 1519 441 αὐτῷ,
1548 359 1669 425 hettelo
1698 365 1777 426 edeta
1794 363 1863 428 drea·

154 457 293 532 porreiras<
318 455 350 511 τὸ
378 450 507 533 {pecul}
531 458 631 513 οὔκαὶ
659 454 845 532 ἐργοδιώκτην
874 455 899 512 ἐν
931 461 980 531 μιᾷ
1001 461 1055 512 τῶν
1086 454 1237 512 ἐπιστολῶν
1267 457 1339 531 παρὰ
1363 455 1517 533 Ὠριγένους
1544 454 1689 528 κληθῆναι.
1725 461 1863 526 Quodsi
1925 483 1932 494 “
1956 479 1968 498 “

153 549 277 619 apparet
290 547 449 606 manifesto
463 548 523 605 hec
538 565 572 605 ex
586 547 636 604 illo
652 547 789 616 describi,
806 551 895 620 atque
906 547 978 603 adeo
994 546 1129 603 Photium
1154 549 1343 624 precesserat
1363 545 1457 603 versio
1477 546 1587 614 isthec,
1607 549 1671 618 jam
1695 565 1753 606 non
1773 549 1861 608 modo

152 651 299 708 nuperum
314 652 388 708 opus
404 653 463 694 non
482 641 536 706 est,
554 638 605 694 sed
621 637 726 694 sabulo
742 641 776 692 ut
788 637 904 694 tardius
918 641 1017 694 octavo
1032 635 1147 692 ineunti
1173 636 1281 694 debeat
1307 635 1443 692 adscribi.
1469 636 1572 692 Utrum
1594 651 1661 692 vero
1685 641 1786 694 auctor
1797 638 1862 712 ipse
1958 649 1964 656 ·

153 723 337 796 Sophronius
354 725 390 783 de
405 725 523 782 nomine
538 726 723 798 apellaretur,
740 743 777 782 an
798 727 853 783 sub
876 725 981 783 veteris
1003 725 1223 799 hieronymiani
1246 725 1414 796 interpretis
1443 741 1568 796 persona
1591 723 1688 793 lateat,
1715 725 1861 786 curiosius

156 813 316 885 exquirere,
333 829 391 870 non
407 829 472 871 esse
486 830 580 888 operae
596 815 723 888 pretium
740 820 811 888 puto
827 833 833 872 :
849 815 968 872 tametsi
981 831 1059 871 uuus
1083 819 1172 888 atque
1195 813 1269 871 alter
1293 813 1475 886 sophronius
1498 828 1551 887 per
1574 813 1604 870 id
1632 812 1774 887 temporis
1786 815 1860 874 vixe-

158 900 228 972 rint,
244 901 335 974 quiid
352 901 410 958 sibi
426 902 533 976 negotii
546 904 616 960 dare
629 903 760 978 potuisse
774 905 927 960 commoda
946 903 1111 962 videantur.

189 1016 286 1074 biam
301 1033 368 1074 vero
383 1034 442 1092 quo
456 1023 588 1093 tempore
601 1019 710 1076 librum
732 1023 853 1076 sanetus
877 1020 979 1076 doctor
999 1018 1140 1087 emiserit,
1168 1019 1324 1075 dicendum
1348 1021 1401 1076 est.
1428 1018 1493 1092 lpse
1514 1021 1612 1074 autem
1637 1018 1731 1092 capite
1753 1016 1858 1078 ultimo

155 1104 187 1160 de
201 1121 234 1161 se
249 1104 386 1178 loquens,
399 1111 482 1165 notat
496 1107 542 1164 his
556 1108 663 1178 verbis,
680 1125 792 1181 cosque
805 1107 835 1165 in
851 1111 1026 1182 presentem
1041 1125 1163 1178 annum,
1180 1107 1209 1163 id
1225 1110 1269 1164 est
1282 1106 1437 1164 Theodosii
1452 1105 1593 1179 principis
1613 1106 1760 1165 decimum
1773 1124 1859 1183 quar·

151 1195 225 1262 tum,
241 1193 304 1251 haec
317 1194 433 1269 scripsi.
450 1217 461 1248 ι
476 1197 654 1254 Concurrere
668 1196 751 1254 illum
768 1213 835 1253 oum
850 1214 925 1254 anno
941 1196 1084 1254 eChristo
1099 1199 1166 1253 nato
1181 1197 1234 1252 392
1249 1213 1307 1252 non
1323 1199 1368 1253 est
1383 1195 1434 1269 qui
1454 1195 1586 1265 dubitet;
1603 1193 1704 1252 malim
1714 1212 1782 1254 vero
1793 1199 1858 1271 ejus

147 1281 218 1338 anni
235 1283 428 1356 posteriorem
443 1284 700 1359 partemintelligi,
716 1290 749 1342 ut
762 1290 865 1342 cetus
880 1285 987 1342 rectius
1001 1289 1147 1359 aptentur.
1164 1283 1302 1359 Colligere
1320 1285 1430 1342 hocest
1452 1301 1488 1342 ex
1509 1284 1677 1343 testimonio
1700 1283 1771 1341 libri
1785 1301 1856 1344 con·

144 1376 188 1430 tra
203 1371 398 1430 Jovinianum
413 1391 504 1448 supra
518 1373 641 1441 laudati,
657 1377 743 1447 cujus
758 1374 879 1447 quidem
896 1375 1077 1432 mentionem
1092 1375 1122 1430 in
1142 1373 1279 1448 catalogo
1302 1391 1360 1431 non
1384 1373 1579 1444 Hieronymus
1602 1372 1680 1442 fecit,
1705 1373 1755 1446 qui
1770 1373 1856 1433 illum

145 1462 282 1518 nondum
299 1463 502 1530 adornaverat,
519 1464 568 1522 aed
587 1479 734 1521 nonnemo
749 1464 900 1521 studiosus
916 1463 966 1537 qui
981 1463 1156 1536 posteriores
1172 1464 1260 1520 etiam
1276 1462 1349 1521 alios
1364 1462 1595 1520 Commentarios
1618 1465 1770 1533 memorat,
1787 1479 1857 1521 eon·

143 1553 188 1607 tra
214 1552 350 1609 auctoris
371 1557 512 1620 mentem,
533 1557 563 1610 et
584 1558 714 1609 veterum
740 1551 987 1626 exemplariorum
1011 1553 1110 1609 fidem.
1138 1553 1252 1609 Rursus
1275 1569 1309 1609 ex
1333 1552 1504 1609 Praelationa
1525 1551 1810 1609 Commentariorum
1825 1553 1855 1610 in

142 1639 266 1707 lenam,
283 1641 334 1696 ubi
350 1641 455 1698 seriem
470 1658 592 1698 suarum
608 1640 864 1699 elucubrationum
880 1657 932 1715 per
945 1641 1105 1698 triennium
1120 1641 1157 1697 ab
1170 1641 1350 1716 expositione
1365 1641 1495 1714 quinque
1511 1639 1720 1713 Prophetarum
1735 1645 1856 1699 sanctus

142 1728 250 1785 doctor
262 1735 428 1796 enumeret,
444 1733 474 1787 et
488 1734 520 1786 ut
535 1730 590 1787 hoc
605 1746 722 1802 quoque
737 1729 885 1801 adjiciam,
899 1745 933 1787 ex
948 1730 1078 1787 secundo
1092 1730 1199 1786 Contra
1223 1728 1364 1786 Rufinum
1388 1728 1474 1796 libro,
1501 1728 1551 1786 ubi
1577 1731 1645 1786 ante
1665 1745 1754 1788 aanor
1766 1729 1857 1806 senne

143 1815 238 1874 &cem
252 1816 335 1874 hunc
349 1817 520 1893 Catalogum
535 1835 567 1875 se
581 1822 706 1875 testatur
717 1818 833 1876 texisse.

177 1933 206 1989 e.
226 1931 360 2004 Denique
375 1933 446 2006 quid
460 1949 513 1990 nos
525 1949 619 2008 opere
632 1937 700 2006 post
714 1936 861 1990 tantorum
877 1933 1031 1991 bominum
1047 1933 1195 1991 solertiam
1210 1933 1247 1991 ad
1262 1933 1352 2006 hujus
1366 1932 1434 1991 libri
1454 1933 1613 1992 editionem
1628 1949 1734 1991 novam
1749 1937 1854 1993 centu-

144 2017 286 2087 lerimns,
299 2021 400 2095 paucis
415 2023 524 2095 accipe.
541 2023 639 2079 Primo
654 2022 783 2079 Graeeam
798 2023 973 2092 versionem,
989 2039 1078 2096 quam
1093 2023 1187 2080 editor
1201 2021 1407 2080 benedictinus
1424 2021 1500 2078 malo
1518 2022 1619 2095 utique
1643 2022 1766 2081 oonsilio
1780 2023 1855 2081 omi·

148 2113 240 2178 serat,
257 2127 403 2184 quamque
417 2111 497 2168 haud
513 2111 636 2169 dubium
649 2115 695 2168 est
708 2111 868 2169 identidem
882 2111 1114 2185 Hieronymlane
1130 2111 1246 2168 lectioni
1271 2110 1422 2185 suppetias
1444 2110 1529 2183 serre,
1553 2111 1692 2168 continuo
1718 2113 1855 2186 apposui·

144 2212 227 2266 mus,
242 2197 282 2254 iis
295 2203 410 2256 matum
425 2200 552 2273 exceptis
568 2201 667 2256 decem
691 2199 865 2258 Nominibus
875 2219 938 2275 que
950 2219 984 2258 ex
996 2201 1208 2275 paraphrastis,
1222 2217 1274 2257 seu
1285 2201 1383 2274 potius
1394 2199 1568 2274 glossatoris
1579 2217 1667 2257 manu
1678 2200 1806 2274 prolecta
1815 2203 1853 2262 ad

145 2285 342 2360 archetypum
358 2290 452 2346 sancti
467 2289 561 2346 Patris
576 2305 628 2344 ron
640 2290 816 2358 referuntur,
829 2294 858 2346 et
868 2307 921 2346 nos
933 2295 1075 2363 tanquam
1086 2288 1226 2346 vernilem
1237 2287 1369 2346 sobolem
1380 2290 1416 2345 ed
1428 2287 1537 2346 calcem
1549 2289 1717 2360 rejecimus.
1731 2289 1853 2364 Deinde,

142 2376 224 2448 quod
240 2375 318 2433 satia
332 2375 473 2434 laudabili
488 2376 640 2450 diligentia
655 2395 785 2451 nuperus
806 2379 899 2435 editor
923 2378 1137 2452 Amburgensis
1161 2383 1228 2435 ante
1250 2394 1304 2434 nos
1328 2375 1471 2450 prestitit,
1496 2377 1538 2433 ita
1563 2377 1662 2450 ipsum
1684 2377 1853 2453 hieronymi

141 2468 258 2522 textum
275 2467 459 2535 excudimus,
476 2471 508 2523 ut
523 2466 637 2540 quoties
652 2466 701 2523 ille
717 2468 816 2524 Greca
830 2467 948 2524 Eusebii
963 2469 1051 2524 verba
1063 2466 1093 2524 in
1109 2467 1164 2524 hoo
1180 2468 1349 2524 adornando
1365 2482 1451 2540 opere
1472 2465 1625 2523 transtulit
1646 2467 1677 2523 in
1704 2466 1852 2538 Latinum,

139 2557 290 2611 autberto
304 2571 410 2627 parum
424 2556 461 2612 ab
477 2557 540 2628 ejus
554 2556 686 2629 vestigiis
702 2555 920 2629 discessit,ipsi
934 2557 1026 2613 textui
1041 2573 1076 2613 ex
1090 2555 1181 2612 altera
1195 2559 1277 2628 parte
1291 2555 1480 2612 sociaremus.
1491 2554 1604 2612 Excuso
1625 2553 1762 2630 Catalogo
1777 2557 1853 2616 duas

142 2642 335 2716 Appendices
349 2644 563 2713 subnectimus,
580 2661 706 2716 quarum
721 2643 813 2701 altera
827 2643 879 2704 illa
890 2649 935 2702 est
948 2645 984 2702 de
996 2645 1071 2702 Vitis
1092 2645 1311 2718 Apostolorum,
1334 2659 1423 2717 quam
1449 2643 1580 2701 versioni
1602 2645 1706 2701 Gracc
1730 2646 1785 2703 sub
1800 2645 1853 2704 So-

143 2731 265 2803 phronii
284 2731 404 2788 nomine
418 2731 448 2787 in
463 2749 516 2789 suo
536 2749 591 2790 me.
606 2734 705 2790 codice
718 2738 857 2790 Erasmus
870 2734 989 2807 reperit,
1004 2739 1032 2790 et
1049 2735 1150 2792 Latine
1165 2738 1211 2790 eat
1234 2733 1453 2807 interpretatus.
1478 2731 1577 2790 Altera
1601 2735 1663 2790 tum
1675 2732 1852 2807 Hieronymo

140 2821 238 2878 lchll
256 2820 423 2876 Ductoribus
446 2821 481 2877 ed
509 2821 688 2890 desideriam,
708 2826 771 2878 tum
800 2823 883 2880 Beda
911 2825 948 2880 Da
963 2823 1158 2879 luminaribus
1172 2823 1302 2881 Ecclesiae
1321 2820 1500 2878 inscribitur.
1528 2825 1625 2895 Atque
1652 2820 1714 2878 hec
1730 2822 1850 2894 quidem

139 2908 210 2966 salis
225 2909 334 2981 inepta
348 2909 604 2968 lucubratiuncula
615 2915 669 2979 est,
687 2915 719 2967 ut
733 2911 763 2967 in
779 2913 895 2984 prefixa
907 2927 1033 2969 censure
1046 2913 1332 2981 animadvertemus;
1349 2911 1400 2968 sed
1410 2910 1503 2966 omitti
1525 2909 1606 2966 nullo
1630 2914 1713 2984 pacto
1736 2911 1849 2979 debuit,

139 3015 175 3054 ne
189 2997 266 3071 quid
284 2995 378 3054 lector
392 3001 442 3054 aut
456 2999 599 3067 eruditus,
611 3003 663 3056 aut
675 2999 840 3057 ineruditus
855 3001 1044 3057 desideraret.
1061 3001 1244 3057 Gennadium
1261 3003 1366 3071 quarto
1380 2999 1443 3056 loco
1458 2999 1575 3070 damus,
1587 2999 1638 3071 qui
1648 2999 1743 3056 sancti
1756 2999 1850 3057 Putris

139 3087 319 3160 Calelogum
335 3086 533 3160 prosequitur,
549 3105 676 3162 eumque
691 3087 801 3161 aliquot
815 3089 887 3146 locis
901 3088 1029 3162 supplet,
1046 3089 1124 3144 uude
1137 3087 1361 3161 llieronymiano
1377 3087 1456 3160 operi
1471 3087 1618 3144 accenseri
1635 3088 1704 3160 jure
1717 3088 1846 3161 quodam

140 3191 194 3232 suo
209 3173 355 3248 postulat,
370 3179 422 3232 aut
435 3175 533 3248 potius
548 3177 585 3232 ab
600 3193 644 3243 ea,
665 3193 755 3250 quam
771 3178 801 3234 in
825 3195 896 3234 mss.
922 3181 951 3234 et
975 3192 992 3233 a
1017 3176 1165 3250 plerisque
1193 3175 1356 3233 editoribus
1384 3174 1521 3246 obtinuit,
1550 3175 1602 3233 sed
1629 3174 1778 3233 exturbari
1790 3192 1849 3233 non

139 3264 264 3336 patitur.
281 3267 341 3320 lios
352 3264 417 3336 ejus
431 3265 526 3338 gratia
539 3265 710 3346 catalogum
725 3267 823 3339 ipsum
840 3266 1098 3339 llieronymianum
1114 3266 1151 3323 ad
1162 3265 1235 3322 tomi
1250 3266 1340 3322 finem
1356 3264 1538 3332 distulimus,
1554 3279 1667 3322 necum
1677 3279 1753 3338 pone
1766 3263 1852 3338 sequi

140 3351 412 3409 Gennadiusvclim
427 3353 532 3410 scriem
548 3354 739 3426 scriptionum
755 3355 1048 3428 hieronymianarum
1064 3353 1236 3427 interrumpi
1252 3370 1370 3411 necesse
1385 3357 1472 3410 esset.
1486 3353 1555 3410 iem
1567 3369 1646 3421 vero,
1660 3352 1739 3426 quod
1750 3351 1853 3426 quinto

141 3439 211 3497 loco
225 3443 579 3512 commemorandumest,
589 3444 625 3499 ad
641 3443 900 3516 prestantissimae
916 3460 987 3501 mss.
1004 3442 1119 3500 codices
1134 3443 1195 3499 heo
1210 3443 1310 3499 omnia
1324 3442 1485 3516 exegimus,
1510 3441 1656 3514 precipue
1676 3456 1853 3499 verounum

146 3525 359 3596 veronensem,
373 3531 422 3604 qui
439 3547 510 3588 sane
524 3547 634 3604 paucos
649 3548 734 3603 pares
748 3531 923 3604 antiquitate
938 3535 966 3588 et
980 3532 1186 3594 emendatione
1200 3529 1288 3586 velim
1303 3529 1435 3587 invenias
1445 3549 1452 3598 ;
1464 3533 1526 3585 tum
1543 3528 1668 3585 alterum
1683 3528 1858 3586 Cistercion·

149 3629 230 3683 sem,
246 3615 306 3674 sive
320 3619 484 3676 monasterii
500 3621 530 3678 S.
547 3620 647 3676 Crucis
662 3620 692 3676 in
707 3621 869 3677 Jerusalem
885 3623 921 3678 da
940 3621 1015 3678 Urbe
1036 3619 1135 3694 magni
1162 3619 1301 3676 socienda
1324 3618 1480 3674 vetustatis
1503 3619 1533 3674 et
1555 3620 1640 3673 nota.
1666 3616 1783 3674 Addam
1798 3617 1858 3673 Lu-

144 3720 281 3775 censem,
295 3706 345 3779 qui
358 3724 469 3764 nonum
483 3708 624 3764 saeculum
645 3707 754 3764 dicitur
773 3713 962 3778 subvertere,
982 3725 1017 3769 ex
1040 3725 1098 3781 quo
1120 3707 1231 3765 seriem
1251 3706 1445 3782 capitulorum
1470 3704 1613 3764 Gennadii
1629 3698 1723 3762 multo
1738 3703 1775 3762 ab
1791 3703 1858 3777 aliis

141 3810 223 3851 msa.
240 3797 326 3868 atque
341 3795 428 3853 editis
440 3795 525 3853 libris
540 3795 685 3854 diversam
701 3799 817 3870 accepi:
843 3801 872 3855 et
896 3797 1083 3864 Corbenaem,
1109 3813 1198 3870 quem
1221 3795 1322 3853 laudat
1343 3793 1544 3867 lrlabillionua,
1566 3797 1595 3852 ct
1608 3794 1695 3866 cujus
1708 3793 1857 3853 variantes

134 3883 288 3953 lectiones
303 3883 340 3940 ad
353 3883 422 3941 libri
435 3885 619 3942 Gennadiani
635 3884 744 3942 calcem
759 3886 948 3942 Martianeus
958 3884 1090 3943 collocat.
1106 3892 1231 3943 Domum
1244 3901 1308 3958 que
1321 3898 1356 3941 ex
1376 3883 1443 3940 aliis
1466 3900 1539 3941 mss.
1555 3882 1606 3940 alii
1630 3886 1699 3940 ante
1724 3899 1779 3942 nos
1794 3883 1860 3941 edi·

145 3977 235 4031 tores
249 3977 363 4040 ιιοιιιιιι,
378 3975 582 4048 expandimus,
598 3980 627 4032 ct
641 3991 693 4048 per
706 3991 756 4032 eos
771 3974 929 4049 aliquando
942 3976 1108 4050 proiecisse,
1124 3981 1223 4050 aperte
1237 3991 1271 4032 ec
1285 3974 1412 4049 ingenue
1426 3973 1609 4032 eonfitemur.
