4066 6162
163 306 237 395 ‚ur
794 307 828 370 s.
850 303 1008 372 ananau
1022 303 1264 374 urnaoarur.
1819 299 1879 372 us

177 457 269 511 rores,
283 439 391 498 dicitur
413 440 567 498 obturasse
594 455 680 497 aures
709 456 790 511 suas,
809 444 839 496 et
852 443 1001 498 auctorem
1016 443 1043 511 Α
1058 440 1142 497 tibris
1158 440 1275 514 proprie
1303 445 1429 509 accuset,
1445 439 1558 516 ignoro.
1575 439 1665 498 Fama
1683 437 1761 496 enim
1775 441 1813 498 ad
1829 455 1878 496 me

175 527 336 588 tantimuli
361 529 521 587 claranum
550 528 729 600 [dicerem]
762 529 901 586 omnibus
930 545 999 586 voce
1054 528 1211 586 criminum
1227 530 1303 600 ejus,
1320 545 1377 585 non
1391 529 1501 603 scripta
1528 533 1740 587 veneruntzet
1761 527 1876 586 stolum

176 618 335 676 damnasse
364 618 384 686 ¹,
412 621 442 674 et
469 616 590 686 dixisse,
609 632 703 689 usque
732 617 768 673 ad
783 615 855 672 illud
881 621 999 689 tempus
1053 623 1098 674 est
1121 619 1207 690 juxta
1236 617 1419 691 Apostolum,
1448 619 1556 693 pugnis
1589 635 1686 676 aerem
1714 618 1879 676 verberare.

175 723 207 764 se
234 704 397 782 ignorasse,
425 705 504 776 quod
530 709 592 762 tum
607 705 719 761 notaria
746 705 906 778 scripserit.
936 706 999 762 Non
1052 712 1162 764 Tamen
1190 706 1220 762 in
1249 705 1395 763 incertum
1418 708 1611 782 respondebo,
1636 709 1729 763 donoc
1751 706 1787 763 ad
1802 707 1883 763 certa

176 811 290 862 recuso,
306 809 360 850 nec
373 791 438 849 dico
454 793 531 864 quod
559 792 635 849 alius
650 793 759 850 diceret
783 793 915 864 torsitan,
940 810 998 850 non
1052 796 1218 867 perveniam
1236 812 1243 850 :
1260 791 1404 864 ἂντίζηλον
1424 813 1524 853 meum
1540 797 1649 854 docebo
1663 798 1674 831 ¹
1689 811 1790 862 senex,
1801 793 1882 867 qu'od

176 882 306 957 potuisse
333 897 402 938 eum
430 881 574 954 ignorare,
600 882 678 955 quod
708 881 917 955 interpretatus
943 886 997 952 est,
1054 899 1126 957 puer
1148 883 1246 951 didici,
1272 883 1365 940 multa
1384 899 1448 941 esse
1463 901 1569 958 genera
1583 884 1746 941 dictionum
1763 901 1770 952 ;
1787 889 1816 940 et
1830 898 1883 956 pro

174 971 261 1044 cujus
275 968 447 1044 apologiam
454 969 594 1044 scriptam
609 970 645 1027 ab
660 970 794 1028 heretico
809 971 865 1027 sub
882 971 999 1028 nomine
1053 972 1197 1045 qualitate
1212 972 1351 1045 materie,
1368 990 1425 1030 non
1456 973 1552 1031 solum
1578 974 1750 1042 sententias,
1778 973 1830 1030 sed
1854 973 1884 1028 et

175 1058 313 1133 martvris
323 1059 415 1116 edidit
430 1077 437 1116 :
453 1060 540 1131 ctq'us
554 1059 753 1116 detensionem
778 1060 866 1118 etiam
881 1061 999 1133 proprio
1053 1060 1270 1134 Scripturarum
1285 1063 1296 1096 ³
1310 1063 1398 1118 verba
1413 1063 1529 1118 variari.

175 1147 325 1206 volumine
351 1147 500 1221 protessus
515 1151 560 1204 est
590 1164 596 1204 ε
627 1148 783 1206 adversum
810 1151 888 1222 quod
908 1149 938 1206 in
953 1165 999 1206 se·
1090 1152 1133 1206 to.
1165 1151 1362 1208 commentarii
1387 1151 1453 1224 qaid
1479 1154 1568 1224 operis
1596 1151 1724 1208 habeant.
1756 1153 1882 1208 Ooactm

176 1236 346 1310 quentibus,
369 1236 395 1291 si
416 1235 546 1293 dictandi
570 1237 699 1310 spatium
715 1238 812 1306 fuerit,
830 1238 998 1312 disputabo.
1051 1241 1202 1312 praeceptor
1215 1240 1386 1313 Hieronymi.
1416 1272 1449 1283 -
1478 1239 1658 1314 Chrysippus
1673 1244 1703 1295 et
1729 1238 1882 1312 Antipater

175 1326 235 1383 ilco
265 1324 377 1400 loquor,
407 1323 454 1381 cui
481 1323 680 1384 contradicere
708 1344 766 1384 non
781 1331 888 1400 potest.
913 1327 1000 1384 Siilli
1054 1328 1130 1384 inter
1143 1327 1259 1400 spineta
1273 1334 1436 1386 versantur.
1453 1329 1662 1386 Demosthenes
1687 1326 1884 1385 etAEschines

174 1413 243 1472 licet
257 1429 315 1471 non
330 1411 507 1470 intellexisse
531 1415 608 1488 quod
634 1414 797 1484 transtulit,
820 1431 911 1488 quare
927 1416 1000 1473 mihi
1054 1421 1155 1472 contra
1169 1433 1200 1474 se
1225 1417 1351 1473 invicem
1367 1417 1535 1474 fulminant.
1552 1416 1655 1490 Lysias
1681 1420 1710 1472 et
1739 1416 1884 1472 isocrates

174 1519 232 1560 non
247 1501 335 1560 liceat
349 1502 501 1576 ignorasse
515 1501 607 1560 libros
622 1503 684 1579 rapt
705 1505 824 1580 Ἀρχῶν,
842 1522 917 1578 quos
932 1509 1000 1561 ente
1054 1504 1179 1562 dulciter
1193 1506 1297 1564 fluunt
1311 1506 1423 1562 Mirain
1438 1505 1565 1580 singulis
1579 1505 1801 1572 diversitas,sed
1817 1519 1885 1560 ‹vm-

174 1589 368 1664 noulegi3et
391 1607 440 1648 eas
466 1595 581 1648 tantum
610 1591 753 1649 Homilios
779 1593 895 1666 legisse,
925 1609 999 1667 quos
1055 1593 1450 1666 nesinsuoperieetisunt,
1467 1594 1596 1668 Legead
1621 1595 1790 1650 limernium
1803 1590 1883 1648 Tulli

174 1679 322 1746 transtuli,
349 1679 378 1735 in
402 1679 510 1752 quibus
535 1679 610 1736 nihil
633 1697 698 1738 esse
714 1680 795 1749 mali,
811 1682 905 1756 ipsius
916 1683 998 1741 testi·
1056 1681 1159 1750 libros,
1173 1682 1238 1756 lege
1250 1684 1404 1741 Rhetoricos
1418 1684 1501 1755 ejus:
1518 1686 1578 1751 sut,
1596 1681 1725 1756 quiailla
1737 1681 1793 1738 sihi
1812 1681 1887 1737 dicit

175 1768 308 1827 monium
324 1773 369 1826 est
382 1768 396 1824 t
410 1769 462 1826 Sin
477 1773 576 1826 autem
591 1775 693 1827 contra
714 1772 889 1828 sententiam
914 1789 999 1829 suam
1054 1770 1192 1828 inchoata
1206 1776 1235 1827 et
1249 1772 1335 1828 rudia
1345 1773 1487 1830 excidisse
1497 1773 1532 1829 de
1546 1770 1811 1839 manibus,rcvolve
1825 1769 1884 1829 tria

174 1857 417 1914 nuncmeineis
433 1857 586 1931 arguitio
606 1859 714 1932 quibus
734 1865 800 1917 aute
821 1860 999 1928 laudaverat,
1054 1859 1205 1917 volumina
1232 1860 1267 1916 de
1286 1861 1409 1929 Oratore,
1439 1861 1469 1917 in
1495 1861 1605 1933 quihus
1634 1858 1793 1916 introducit
1820 1858 1886 1916 elo·

176 1947 308 2020 undique
324 1947 444 2004 strictus
460 1947 614 2004 tenebitur.
640 1953 700 2004 Aut
723 1950 802 2006 onim
824 1949 932 2006 idcirco
955 1967 1001 2006 me
1056 1947 1267 2021 quentissimos
1281 1947 1361 2006 illius
1375 1948 1517 2023 temporis
1532 1953 1672 2015 oratores,
1693 1949 1828 2005 Crassum
1852 1951 1883 2004 et

174 2034 331 2094 beriticum
346 2035 496 2092 hominem
512 2034 724 2110 laudavit‚qoia
739 2037 872 2110 ejusdem
886 2054 1001 2095 mecum
1055 2037 1215 2094 Antonium
1226 2037 1420 2111 disputantes,
1431 2042 1461 2094 et
1474 2042 1612 2110 quartum
1627 2037 1777 2104 Oratorem,
1791 2051 1882 2108 quem

176 2125 324 2198 dogmatis
338 2127 401 2181 erat
413 2141 419 2180 :
431 2129 483 2182 aut
498 2141 576 2182 nunc
591 2127 700 2182 frustra
715 2126 854 2184 inimicus
872 2131 1000 2196 accusat,
1052 2127 1117 2198 jam
1133 2142 1220 2183 senex
1234 2126 1337 2183 scribit
1351 2128 1387 2183 ad
1403 2128 1526 2182 Brutum
1543 2144 1549 2183 :
1565 2131 1635 2183 tuno
1658 2124 1803 2198 intelliges
1832 2123 1887 2180 ali-

176 2229 266 2287 quem
283 2213 364 2286 prius
380 2217 412 2270 ut
426 2212 621 2272 orthodoxum
645 2216 823 2289 predicavit.
836 2216 891 2272 Sed
918 2216 1003 2272 torsi·
1058 2220 1103 2272 ter
1131 2215 1267 2288 componi
1296 2215 1465 2286 Historiam,
1497 2214 1582 2272 aliter
1609 2212 1770 2281 Orationes,
1800 2211 1889 2270 aliter

177 2306 227 2360 tau
244 2305 315 2360 tunc
335 2319 447 2360 errores
471 2319 552 2361 meos
575 2305 660 2377 quasi
689 2305 803 2362 amicus
832 2305 948 2373 tacuit,
975 2309 1004 2361 et
1057 2302 1204 2377 Dialogos,
1233 2303 1317 2360 alitor
1346 2303 1499 2377 Epistolaa
1529 2303 1615 2360 aliter
1642 2302 1886 2359 Commentarios.

178 2409 256 2450 nuno
272 2391 365 2448 iratus
380 2391 491 2465 proiert
505 2393 583 2465 quod
598 2393 681 2465 prius
695 2393 846 2451 celaverat.
1059 2395 1118 2466 ligo
1134 2393 1212 2449 enim
1229 2393 1258 2448 in
1283 2393 1508 2450 Commentariis
1523 2393 1559 2448 ad
1574 2390 1717 2464 Ephesios
1731 2391 1772 2448 sio
1786 2389 1887 2464 Orige-

216 2483 260 2538 15.
276 2481 425 2538 Commeat.
443 2483 474 2536 in
487 2483 564 2554 epist.
581 2481 727 2554 caliphes.
741 2486 842 2540 tuetur.
858 2513 892 2524 -
907 2482 1004 2546 Quan-
1060 2497 1127 2539 nem
1144 2487 1173 2539 et
1192 2481 1349 2555 Didymum
1364 2485 1394 2538 et
1422 2480 1636 2554 Apollinarium
1669 2483 1787 2537 secutus
1815 2495 1885 2536 sum

180 2585 271 2643 quam
286 2585 344 2625 non
360 2571 507 2626 mereatur
531 2569 618 2626 tidem
633 2571 839 2633 inconstantia,
855 2577 882 2626 et
899 2571 1007 2643 proles·
1059 2570 1122 2643 (qui
1136 2573 1213 2626 certe
1225 2571 1371 2628 contraria
1386 2570 1463 2626 inter
1475 2585 1506 2626 se
1525 2569 1634 2626 hahent
1660 2568 1823 2642 dogmata),
1856 2567 1889 2624 ut

180 2674 219 2714 sar
230 2655 363 2713 inimitia
374 2655 571 2728 suspicionem
580 2657 708 2714 habeant
726 2659 869 2716 mendacii
887 2665 1005 2716 :tamen
1060 2659 1127 2716 iidei
1144 2676 1288 2716 memnon
1316 2660 1480 2715 amitterem
1495 2658 1657 2715 veritatem.
1678 2655 1889 2715 commentarii

181 2749 318 2802 aucaoter
344 2743 492 2800 conseram
519 2746 656 2820 gradum,
693 2746 795 2804 volens
825 2748 900 2805 scire
934 2747 1005 2820 quid
1060 2748 1130 2821 quid
1146 2749 1241 2820 operis
1262 2746 1887 2816 hohentittlteriusdictaedisserunt,que

179 2831 350 2889 hereticum
365 2831 544 2905 scripserim,
562 2838 594 2889 ut
607 2837 658 2890 aut
671 2834 802 2891 camillo
817 2850 903 2909 agam
918 2835 1007 2910 poeni·
1061 2837 1184 2894 obscure
1198 2837 1307 2911 scripta
1321 2842 1400 2905 sunt,
1416 2836 1504 2910 plano
1518 2852 1653 2893 sermone
1668 2833 1861 2892 manifestant
1878 2851 1886 2890 :

179 2921 316 2992 tentiam,
331 2925 360 2978 et
374 2921 508 2995 Origenis
524 2922 602 2980 mala
623 2923 774 2996 ignorasse
788 2926 956 2998 majorem,
973 2943 1006 2984 ao
1061 2922 1222 2981 multorum
1233 2924 1393 2982 sententias
1404 2924 1554 2998 replicant,
1566 2927 1595 2980 et
1608 2923 1710 2980 dicunt
1725 2940 1733 2978 :
1749 2921 1886 2980 Hunelo·

178 3027 257 3069 nunc
270 3010 399 3085 primum
415 3029 433 3068 a
446 3028 523 3085 papa
537 3011 699 3085 Theophilo
714 3013 853 3072 didicisse
873 3014 1007 3088 impietu-
1061 3030 1129 3070 oum
1144 3013 1264 3086 quidam
1275 3014 1317 3070 sic
1331 3014 1507 3081 edisserunt,
1520 3011 1570 3070 alii
1582 3012 1623 3069 sic
1634 3013 1885 3085 interpretantur:

177 3105 222 3157 tes
236 3100 301 3172 ejus
315 3117 322 3156 :
337 3104 390 3157 aut
403 3104 480 3158 certe
504 3102 625 3158 doceam
651 3118 697 3158 me
716 3101 835 3174 quidem
851 3102 925 3160 bene
940 3120 1006 3160 sen·
1062 3101 1105 3157 illi
1120 3119 1240 3159 sensum
1256 3119 1343 3158 suum
1355 3107 1384 3158 ct
1397 3102 1620 3176 intelligentiam
1632 3101 1678 3158 his
1694 3099 1886 3170 testimoniis,

182 3187 267 3259 sisse,
283 3189 335 3246 sed
350 3187 434 3245 illum
457 3205 539 3247 mora
562 3205 616 3246 suo
631 3207 690 3247 non
713 3189 886 3265 intelligere.
906 3192 1006 3265 Neque
1021 3181 1043 3248 G
1062 3195 1091 3247 et
1102 3190 1157 3248 hoo
1172 3192 1308 3248 nituntur
1321 3193 1432 3249 ratione
1443 3191 1580 3248 firmare:
1596 3195 1629 3246 ut
1643 3189 1773 3264 prudens
1785 3189 1887 3258 lector,

186 3278 266 3336 enim
281 3277 343 3335 lieri
359 3281 455 3352 potest
477 3283 511 3334 ut
525 3277 554 3334 in
570 3278 680 3336 eisdem
696 3280 732 3335 ad
757 3280 898 3352 Ephesios
912 3279 1008 3352 libris,
1063 3296 1130 3336 oum
1145 3280 1276 3336 diversos
1291 3279 1511 3353 explanationes
1530 3278 1644 3352 legerit,
1669 3283 1698 3335 et
1726 3276 1889 3336 multorum

186 3371 260 3442 quot
274 3371 307 3425 ut
321 3365 635 3439 audio,crimlnotur‚et
649 3368 723 3425 bene
733 3373 763 3425 et
773 3367 848 3426 male
864 3369 986 3428 dixerim
997 3390 1008 3435 ,-

185 3464 214 3516 et
229 3457 265 3516 de
275 3458 377 3515 eodem
393 3457 487 3514 fronte
501 3455 586 3513 dulce
599 3473 794 3530 amorumque
808 3461 983 3530 processerit
999 3477 1006 3516 ι

185 3546 458 3619 utquitctoopcre
486 3545 688 3604 damnaverim
715 3563 775 3616 eos,
805 3548 854 3620 qui
884 3550 1007 3606 credunt

181 3633 297 3692 animas
326 3633 485 3708 exangelio
513 3635 657 3704 conditas,
685 3636 784 3692 subito
812 3636 869 3693 mci
898 3638 1007 3696 oblitus

182 3726 255 3781 m
273 3724 303 3782 id
318 3724 502 3783 defenderem
528 3723 607 3796 quod
635 3729 703 3782 anie
722 3725 869 3781 damnavi.
900 3727 1007 3783 Stulti·

181 3812 253 3870 tiam
269 3812 342 3868 mihi
352 3812 479 3885 objicere
489 3829 547 3870 non
558 3816 664 3886 potest,
676 3829 764 3886 quem
776 3814 1006 3872 disertissimum

182 3904 212 3958 et
225 3899 502 3972 eloquentissimum
528 3901 558 3956 in
585 3901 647 3958 suis
671 3902 822 3976 opusculis
835 3903 1004 3977 predicavit.

181 3987 300 4060 Alioqui
323 3991 404 4045 stota
427 3989 598 4059 verbositas,
614 3990 722 4048 rabula
734 3992 833 4065 potius
848 3997 877 4048 ct
895 3993 1005 4065 garruli

180 4074 320 4147 hominis,
341 4092 429 4149 quam
444 4074 609 4150 eloquentis
641 4081 771 4153 putanda
799 4086 852 4138 est.
881 4081 1005 4146 Ouidio

218 4275 227 4311 ¹
243 4274 291 4332 Sic
305 4274 430 4334 habetur
442 4275 471 4332 in
488 4277 709 4350 synodicanum.
734 4279 751 4330 2
781 4293 787 4331 :
820 4299 834 4327 a
854 4275 1005 4332 Obturavi·

180 4363 252 4406 mus
266 4363 353 4404 aures
368 4351 496 4417 nostras,
511 4352 539 4404 et
554 4353 614 4404 tam
629 4348 794 4421 Origenem,
811 4363 901 4418 quam
916 4346 1005 4402 disci-

180 4417 267 4493 pulos
279 4419 354 4491 ejus,
370 4435 497 4474 consona
510 4435 581 4476 voce
595 4417 810 4482 damnavimus,
829 4439 843 4468 a
859 4422 915 4472 etc.

1061 3369 1105 3426 vel
1120 3369 1279 3442 probanda,
1307 3368 1352 3425 vel
1381 3367 1576 3441 improbanda
1600 3366 1747 3436 didicerit,
1772 3367 1888 3439 judicet

1062 3457 1132 3530 quid
1148 3457 1244 3514 verius
1256 3456 1295 3514 sit
1310 3475 1317 3513 :
1334 3462 1363 3513 et
1376 3455 1462 3529 quasi
1481 3457 1576 3513 bonus
1595 3455 1747 3529 trapezita,
1775 3454 1888 3512 adulte-

1062 3546 1131 3602 rine
1146 3549 1269 3603 monete
1285 3545 1439 3620 pecuniam
1454 3545 1597 3618 reprobet.
1614 3544 1690 3600 Num
1706 3544 1827 3602 diverse
1844 3544 1891 3600 in-

1061 3634 1276 3708 terpretationis
1303 3636 1324 3703 ⁴,
1350 3640 1378 3692 et
1406 3633 1619 3691 contrariorum
1644 3633 1722 3690 m
1750 3633 1830 3690 iuter
1859 3650 1890 3690 se

1061 3741 1202 3782 sensnum
1216 3723 1351 3782 terrebiur
1376 3740 1453 3789 reus,
1483 3722 1534 3796 qui
1562 3723 1592 3779 in
1621 3737 1783 3796 unoopere
1807 3723 1887 3796 quod

1060 3813 1402 3887 edisserit‚expositiones
1417 3811 1548 3887 posuerit
1571 3810 1794 3884 plurimorum?
1815 3811 1891 3868 Puto

1060 3903 1219 3976 quodpuor
1233 3901 1338 3976 legeris
1351 3902 1435 3973 aspri
1451 3903 1480 3958 in
1496 3900 1652 3974 Virgilium
1667 3905 1696 3957 et
1710 3897 1887 3958 Sallustium

1060 3992 1302 4049 Commentarios.
1327 3990 1452 4046 Vulcatii
1480 3990 1510 4046 in
1546 3989 1699 4047 Orationes
1725 3987 1887 4056 Ciceronis,

1060 4078 1200 4137 Victorini
1211 4079 1241 4134 in
1257 4077 1391 4150 Dialogos
1406 4078 1470 4149 ejus
1486 4081 1514 4134 et
1529 4079 1559 4134 in
1570 4077 1696 4137 Terentii
1706 4074 1887 4144 Comoedias,

1059 4281 1153 4350 ptum,
1168 4275 1244 4347 quod
1261 4273 1385 4330 retineat
1398 4273 1442 4330 vel
1457 4275 1612 4348 cotipclon,
1628 4275 1673 4332 vel
1687 4273 1887 4338 uictimarios:

1060 4347 1109 4405 sed
1126 4362 1228 4402 omnes
1244 4361 1315 4401 mss.
1346 4349 1462 4402 nostros
1491 4347 1618 4420 codices,
1633 4348 1757 4404 retinere
1778 4362 1890 4419 purum

1058 4419 1180 4474 verbum
1195 4417 1352 4484 octiaelort3
1367 4415 1412 4473 vel
1428 4416 1500 4473 illud
1516 4419 1700 4490 apertissime
1720 4417 1890 4475 renuntiare

218 4484 402 4557 ’Ἄντίζηλον
430 4505 521 4544 meum
547 4489 655 4546 docebo.
686 4489 726 4542 lla
751 4487 806 4542 boo
834 4488 896 4544 loco
925 4485 1004 4544 haud
1060 4485 1890 4560 investigiisGroecorumelementorumstsvrttqlocvero

180 4557 307 4616 multum
323 4558 435 4614 difficili
451 4559 536 4616 velim
546 4564 577 4614 ut
590 4558 735 4632 intelligat
750 4557 841 4614 lector
853 4558 1005 4616 studiosus
1020 4550 1236 4632 heteronyma,
1251 4559 1280 4614 id
1294 4565 1347 4626 est,
1361 4561 1476 4616 emotus
1504 4565 1533 4616 et
1551 4561 1691 4634 zelotypus
1719 4561 1776 4618 luit
1803 4559 1887 4616 Run-

181 4632 292 4704 quanta
319 4628 358 4684 sit
380 4629 453 4685 fides
482 4646 515 4685 ac
542 4629 667 4685 eruditio
696 4632 828 4684 veterum
856 4630 1002 4687 aditorum
1055 4631 1454 4702 nus,utinvectivaejuset
1473 4629 1624 4688 calumnie
1653 4631 1886 4704 probassetiam

179 4697 359 4772 Hieronymi,
374 4699 425 4770 qui
441 4695 586 4766 ἀντίζηλον
606 4699 738 4756 omnium
767 4716 839 4758 mss.
856 4703 1001 4760 oodtctum
1056 4701 1359 4775 stultispossunt.llx
1387 4702 1476 4758 Lavit.
1505 4704 1796 4770 xv111,18:llxorem
1826 4719 1889 4758 non

179 4787 325 4834 consensu
340 4788 357 4827 a
372 4769 457 4826 nobis
478 4771 658 4839 restitutum,
675 4773 1001 4844 neooonjeoturaasse·
1055 4776 1115 4832 coci
1133 4776 1172 4830 iet
1208 4790 1290 4846 super
1327 4789 1447 4829 sororem
1488 4775 1578 4847 ejece,
1620 4770 1778 4844 ἀντίζηλον,
1814 4773 1890 4830 Vide

179 4845 409 4919 quipotuerunt.
435 4841 696 4924 Sicigiturlocum
732 4849 884 4901 rosentem
914 4845 1003 4903 resti·
1056 4791 1135 4904 1.th
1153 4845 1297 4901 ltlaarma.
1318 4843 1512 4902 -Viotorius
1537 4842 1696 4913 ἀντίπαλον,
1713 4845 1774 4902 suis
1787 4844 1819 4901 in
1834 4861 1888 4903 co-

179 4917 237 4973 tuit
263 4920 293 4972 et
306 4912 424 4972 scholiis
439 4913 501 4971 suis
517 4911 674 4970 illustravit
722 4915 840 4972 arianus
855 4916 1002 4973 Victorius
1057 4916 1171 4972 dicibus
1185 4917 1256 4973 dicit
1269 4915 1427 4984 invenisse,
1439 4921 1491 4972 aut
1506 4914 1668 4992 ἀντίμαχον,
1680 4918 1758 4990 quod
1774 4921 1890 4973 utrum·

180 4959 381 5054 rodselmus
397 5002 488 5042 meum
501 4984 608 5068 docebo.
624 4986 722 5056 Senes,
738 4988 810 5060 quod
822 5004 893 5060 puer
905 4987 1001 5044 didici.
1057 5005 1113 5062 que
1134 4988 1333 5044 adversarium
1348 4991 1453 5054 sonat,
1469 4987 1780 5060 simulqusllrasmum
1796 4988 1888 5044 casti·

177 5057 384 5114 adversarium
401 5058 460 5114 baso
475 5073 528 5114 vox
548 5059 705 5131 significat,
725 5058 782 5132 hpc
809 5065 854 5115 est
883 5055 1000 5112 ivavrlov
1057 5064 1117 5133 gat,
1133 5059 1184 5132 qui
1200 5058 1256 5130 legi
1272 5075 1358 5132 posse
1374 5059 1495 5129 putabat
1509 5057 1595 5132 ὁμογὲ
1616 5059 1737 5129 ovrc,vel
1751 5057 1887 5132 ἀθηνογὲ·

176 5127 222 5180 καὶ
238 5125 359 5250 ἐχθῖόνε
383 5128 521 5202 idemque
538 5145 659 5202 prorsus
684 5135 729 5212 est
749 5147 865 5212 sensus,
882 5129 905 5184 si
923 5134 1002 5199 lega·
1058 5150 1149 5206 ροντα.
1166 5131 1353 5186 Martianaeus
1379 5130 1506 5187 restituit
1532 5077 1709 5199 &satiri-eve
1732 5129 1889 5212 suismss.

177 5197 323 5269 turdvep
363 5217 404 5253 ov.
434 5199 516 5264 Quod
540 5206 638 5258 autom
660 5199 716 5274 legr
736 5207 830 5274 possit
844 5199 887 5256 vel
901 5199 1003 5274 ὁμογὲ-
1093 5201 1171 5258 ³Sed
1185 5205 1211 5258 et
1226 5201 1440 5272 Scripturarum.
1458 5203 1487 5257 ln
1504 5201 1638 5273 pluribus
1654 5217 1727 5258 mss.
1743 5201 1887 5274 legimus,

179 5285 261 5343 ροντα
280 5215 547 5344 velscihqvoqtpovrc,
569 5271 717 5328 somnium
736 5277 779 5329 est
799 5271 1002 5328 Crasmianum
1056 5274 1105 5330 sed
1123 5280 1150 5329 et
1163 5271 1461 5350 stucturorvmcerbo
1487 5275 1597 5329 citiori.
1618 5273 1764 5329 Maurus.
1783 5301 1821 5316 -
1854 5273 1889 5329 ln

177 5355 247 5396 nam
263 5343 456 5411 preterquam
469 5343 547 5423 quod
559 5359 646 5399 sensu
658 5348 737 5400 caret
750 5343 811 5400 haee
826 5342 1002 5414 lectio,apud
1058 5343 1193 5416 pluribus
1214 5359 1286 5398 mss.
1314 5340 1370 5413 legi
1398 5345 1525 5399 testatur
1557 5344 1753 5410 Martianaeus,
1782 5344 1832 5401 sed
1860 5354 1890 5402 et

177 5415 283 5468 cuneta
309 5425 373 5482 qua
389 5426 442 5466 nos
456 5412 585 5468 vidimus
600 5430 666 5470 oum
682 5415 837 5487 impressa,
850 5419 912 5469 tum
929 5429 1001 5470 mss.
1057 5418 1259 5471 structurarum
1283 5411 1373 5467 verbo.
1402 5414 1471 5470 Mihi
1495 5415 1588 5489 magis
1617 5415 1766 5486 arrideret,
1782 5415 1829 5474 sed
1844 5419 1889 5476 esc

179 5451 372 5555 exemplaria,
393 5485 445 5537 aut
471 5478 619 5537 ἀντίπαλον
645 5485 823 5556 invenimus,
850 5489 901 5541 aut
930 5482 1002 5538 ἀντὶ·
1056 5483 1364 5545 sententiarumverho.
1380 5489 1435 5541 eto.

183 5571 220 5628 pa
243 5572 282 5610 ov.
313 5551 470 5625 Hucusque
497 5553 666 5625 Marianus;
683 5556 798 5613 culeo
828 5556 1001 5629 respondeo,
1092 5555 1207 5616 ‘Vetus
1223 5554 1304 5624 edit,
1321 5556 1378 5613 lton
1393 5555 1508 5616 diverse
1522 5558 1768 5634 interpretationis.

180 5571 297 5716 poium
312 5623 390 5704 apud
414 5641 468 5696 nos
486 5639 640 5704 superesse
664 5573 814 5706 scampis
837 5628 1001 5690 manuscri-
