4068 6170
95 269 175 342 uico
574 269 785 338 uxrosrrto
806 222 1112 336 rnruruurnmms
1133 271 1237 336 uram
1259 271 1340 336 iou.
1470 288 1474 298 ·
1724 263 1801 331 ιιιο

133 408 227 485 (Vens.
243 410 301 479 22.)
316 431 331 460 «
356 409 439 466 Anno
463 408 557 482 primo
578 407 642 482 Cyri
659 408 698 481 (o)
723 407 800 482 regis
822 407 922 464 Perea·
937 415 964 480 Α
979 407 1111 466 dixerat:
1131 410 1193 466 llaec
1225 409 1292 464 dicit
1325 408 1454 464 Dominus
1486 405 1588 463 cbristo
1617 421 1677 462 meo
1710 404 1799 479 Cyro:

96 501 227 568 rum,ad
244 499 422 574 explendum
443 514 607 556 sermonem
632 496 747 554 Domini
775 513 862 569 quem
878 496 920 554 lo·
976 515 1055 570 cuque
1073 499 1240 570 apprehendi
1272 496 1516 568 monnumtllisdr.
1551 497 1581 568 ι).
1599 497 1685 552 liures
1704 495 1801 551 scriba

96 589 295 648 cutustuerat
319 604 369 661 per
392 604 426 644 os
447 587 591 656 ieremiae,
614 585 922 644 suscitavitliomiuus
977 587 1175 660 eihaeclegit‚
1209 587 1360 643 etidcirco
1393 585 1466 641 dixit
1481 585 1570 640 sibia
1601 585 1725 641 Domino
1746 585 1801 640 hoc

97 679 236 755 spiritum
251 676 317 752 Cyri
332 675 409 750 ragis
426 677 590 742 Persarum,
608 677 658 748 qui
670 675 763 746 jussit
773 676 922 748 praedicari
979 680 1157 750 preceptum
1172 678 1208 732 do
1223 676 1338 732 cunctis
1359 675 1478 748 regibus
1502 679 1657 730 terrarum.
1683 673 1717 728 Hi
1741 674 1798 728 duo

98 770 130 826 iu
147 768 282 824 universo
298 781 387 840 regno
403 782 467 837 suo,
493 765 581 822 etiam
607 781 658 836 per
680 763 861 836 Scriptorum
877 765 924 820 di·
980 783 1031 838 per
1044 765 1229 838 prophetiam
1262 769 1418 836 antequam
1453 768 1651 834 nascerentur,
1672 763 1798 835 propriis

98 873 188 915 cene:
204 857 269 912 ileo
285 855 457 928 dicitCyrue
468 871 518 910 rex
527 855 682 910 Persarum
694 871 700 910 :
712 853 818 909 Omnia
834 870 925 926 regua
980 854 1151 910 nominibus
1166 854 1257 909 vocati
1274 860 1353 920 sunt,
1372 854 1399 908 id
1415 859 1459 909 est
1473 853 1567 908 iosias
1583 857 1611 908 et
1634 853 1736 924 Cyrus.
1751 852 1803 907 io·

97 943 365 1004 terraededitmibi
385 942 924 1014 DominusDcascoeli‚ctipseprae·
980 941 1380 1011 siaa,utdestruerctidola,
1402 940 1557 996 cicuitum
1575 941 1799 997 Deironova'ret.
1893 990 1899 1002 ,

71 1034 264 1109 ,cepitmibi
293 1038 326 1089 ut
354 1033 530 1090 aedilicarem
563 1032 722 1088 cidamum
756 1031 924 1088 inierusa·
980 1030 1605 1105 Cyrus,utruinastempliinstauraret(t).

97 1125 167 1183 lom.
187 1148 197 1174 ι
225 1122 367 1179 Audierat
381 1121 460 1178 enim
493 1120 677 1194 prophetiam
711 1119 803 1192 Isaiae,
819 1120 850 1176 in
866 1138 925 1192 que

139 1280 927 1356 (ol'l'otaisthaecsacritextuspcricopeseptemiere
981 1281 1366 1350 Sichabeutmeus‚atque
1386 1279 1571 1334 Anrbrosiau.
1611 1296 1666 1333 ms.
1694 1279 1724 1335 ln
1741 1295 1805 1334 meo

101 1371 240 1412 versuum
255 1369 351 1427 usque
366 1353 401 1408 ad
418 1352 543 1419 verba,et
558 1354 615 1423 ipse
629 1353 758 1422 precepit
772 1353 854 1420 milei,
871 1358 926 1408 etc.
982 1357 1081 1407 autem
1098 1352 1331 1422 subsequuntur,
1348 1352 1377 1405 in
1401 1351 1524 1406 liubocuc
1549 1351 1706 1422 proplietam
1724 1351 1805 1419 Que-

102 1429 283 1484 iumeoms.
319 1429 447 1491 nonest,
483 1439 577 1495 neque
610 1421 638 1477 in
674 1422 929 1480 imbrosianuzet
982 1425 1091 1479 stiones.
1110 1423 1284 1494 Hieronymo
1309 1422 1453 1492 ascripta,
1483 1420 1805 1492 quarumhoccstini-

11 1555 12 1558 ,
102 1500 205 1555 abesse
220 1497 339 1570 quidem
356 1495 474 1561 rectius,
491 1495 598 1550 aeduum
611 1494 722 1566 absque
738 1494 928 1566 expositionis
983 1493 1057 1550 tium
1075 1511 1080 1548 :
1099 1495 1256 1564 Ubicunque
1271 1508 1338 1548 onius
1352 1493 1428 1548 uerbi
1438 1493 1546 1547 Domini
1556 1493 1679 1562 ponitur,
1687 1493 1806 1560 procedo

101 1570 239 1627 subnexae
254 1569 301 1623 dis
322 1565 409 1622 endio
428 1572 535 1638 potest.
983 1566 1015 1620 in
1042 1564 1190 1636 prophetin
1222 1565 1273 1618 itio
1307 1565 1443 1632 siqnotur.
1478 1563 1653 1618 SedHicron
1675 1564 1806 1618 mianum

139 1639 256 1713 (b)(llio
281 1584 412 1695 addens:
439 1638 599 1709 Expliciunt
622 1637 790 1704 Quaestionea
814 1636 930 1693 inlibro
985 1652 1091 1691 nomen
1109 1635 1227 1691 mentiri
1260 1633 1378 1690 illarum
1412 1638 1573 1702 auctorem,
1593 1580 1726 1690 nihilest
1754 1635 1808 1690 du·

106 1712 313 1778 Debre-iamin,
327 1708 454 1776 Vallare,
464 1707 613 1765 submittit
624 1711 723 1764 notam
736 1712 930 1780 sequentem.)
987 1707 1079 1764 bium.

100 1999 1798 2064 Μ

751 2284 1161 2385 ADMONITIO

497 2551 533 2608 ΙΝ
549 2549 831 2616 SUBSEOUENTCM
842 2545 1104 2605 CXPOSlTlONEM
1122 2541 1413 2599 inuuublnunnuu

776 2775 866 2901 un
930 2721 1173 2902 sou(

142 3285 247 3344 Nullos
260 3285 290 3342 in
305 3285 413 3344 bobum
430 3285 662 3343 Commentarios
678 3286 872 3359 Hieronymus
888 3286 984 3343 cudit:
1002 3287 1057 3344 nisi
1075 3287 1099 3344 ei
1116 3288 1189 3344 torte
1208 3304 1275 3344 cam
1292 3288 1460 3358 Quaestionca
1487 3287 1632 3344 Hebraico-s
1654 3286 1684 3342 in
1698 3285 1815 3342 uuiver-

104 3393 171 3434 sam
187 3375 368 3448 Scriptorum
385 3376 586 3444 meditaretur,
602 3393 675 3448 quas
691 3380 802 3446 tamen,
818 3377 946 3448 exceptis
962 3393 1025 3448 que
1042 3378 1070 3433 iu
1086 3378 1222 3435 Genesim
1238 3384 1317 3444 sunt,
1333 3383 1446 3434 mutato
1466 3377 1598 3444 oonsilio,
1619 3381 1671 3433 aut
1696 3375 1812 3450 penitus

105 3464 276 3538 dereliquit,
293 3468 344 3521 aut
356 3464 437 3526 iutra
450 3463 625 3520 domesticos
642 3465 768 3539 parietes
785 3465 878 3540 perire
893 3465 1008 3535 meluit,
1026 3467 1056 3522 in
1079 3467 1186 3523 iubam
1198 3484 1315 3539 quoque
1337 3467 1405 3523 licia
1420 3467 1554 3539 qaedam
1577 3482 1610 3521 ac
1631 3463 1816 3538 subtegmina

103 3553 232 3612 texendo
248 3553 328 3628 operi
343 3553 524 3626 preparavit.
541 3557 601 3610 Hoc
618 3560 713 3611 ratum
730 3559 899 3627 certumque
916 3561 946 3612 ut
961 3555 1009 3627 sit,
1025 3554 1119 3628 longis
1135 3557 1164 3610 in
1180 3561 1335 3629 utromque
1347 3559 1458 3628 portem
1470 3555 1720 3627 disputationibus
1730 3568 1812 3608 exsu-

111 3643 291 3714 larey'ussis,
307 3659 366 3699 una
381 3642 441 3698 beo
456 3643 576 3698 demum
592 3658 681 3700 causa
696 3643 857 3716 prevaleat.
874 3645 1031 3717 Nunquam
1057 3644 1201 3715 ejusmodi
1218 3643 1423 3700 Commentarii
1441 3646 1491 3699 aut
1517 3642 1650 3698 meminit
1675 3643 1814 3713 llierouy·

106 3749 179 3789 mus
192 3732 279 3789 verbo
293 3736 391 3798 uuus,
407 3734 459 3786 aut
473 3747 549 3804 pone
564 3736 729 3788 secutorum
746 3736 910 3805 temporum
926 3731 1094 3789 testimonia
1109 3749 1210 3788 eorum
1227 3733 1277 3805 qui
1292 3731 1424 3803 legerint,
1445 3735 1495 3787 aut
1518 3730 1644 3787 viderint
1658 3738 1816 3789 occurrunt

103 3821 181 3889 ulla,
196 3819 222 3876 ei
237 3820 344 3876 Bedam
360 3819 506 3892 excipias:
524 3823 575 3875 aut
590 3820 716 3892 denique
731 3821 895 3894 fragmenta
927 3819 987 3878 alla
1002 3825 1053 3876 aut
1068 3819 1195 3892 reliquia
1230 3825 1399 3892 supersunt,
1416 3835 1479 3892 quae
1495 3820 1594 3892 γνήσια
1627 3819 1688 3875 sint
1703 3837 1735 3877 ac
1750 3837 1816 3877 vere

103 3908 345 3982 Hieronymiana.
361 3908 476 3966 Criticis
485 3912 582 3965 nutem
598 3909 695 3983 magui
709 3909 836 3966 nominis
847 3909 988 3983 imposuit
998 3909 1130 3966 ialsalooi
1142 3909 1297 3981 cujusdem
1307 3908 1590 3965 Commentariorum
1602 3909 1632 3966 S.
1642 3909 1773 3966 Doctoris
1784 3907 1814 3965 in

105 3997 207 4056 Amasi
223 4014 288 4072 cap.
304 4014 321 4053 v
335 3996 431 4066 lectio,
449 4013 513 4070 qua
528 3998 640 4054 dudum
657 3999 775 4067 serebat,
791 3999 882 4056 Notos
897 4001 926 4054 in
941 4000 988 4055 iob
999 4000 1155 4072 appelletur
1165 3999 1564 4071 Levintlrondecnjnanotnru,
1575 4001 1601 4054 et
1612 4007 1715 4056 tenore
1725 4001 1816 4056 mulii-

102 4087 178 4161 plici
188 4087 299 4159 plenius
313 4088 371 4158 ipso
385 4087 526 4142 volumine
538 4086 672 4155 dicimus,
684 4103 752 4143 oum
765 4088 882 4161 penitus
892 4088 1006 4144 diverso
1019 4105 1119 4156 seusu,
1130 4089 1260 4144 discimus
1271 4087 1419 4160 scripserit
1431 4087 1471 4142 ibi
1481 4089 1510 4144 S.
1524 4088 1607 4143 Pater
1617 4104 1669 4159 pro
1682 4087 1815 4160 diximus,

103 4174 360 4248 quemadmodum
377 4179 406 4230 et
420 4174 609 4231 Martiuuaeus
623 4192 637 4232 e
653 4177 768 4233 duobus
784 4193 855 4234 mss.
873 4177 1010 4245 restituit,
1027 4181 1055 4233 et
1069 4195 1123 4234 nos
1137 4195 1152 4234 e
1168 4176 1301 4250 pluribus
1316 4176 1391 4242 eliis,
1416 4179 1503 4248 etque
1526 4175 1562 4233 iis
1586 4193 1656 4232 sane
1670 4176 1816 4249 antiquis·

103 4263 205 4328 simis,
222 4279 281 4319 uuo
295 4262 325 4318 S.
341 4262 442 4319 Crucis
457 4261 488 4319 iu
503 4262 666 4321 Jerusalem
682 4265 718 4321 de
732 4264 808 4321 Urbe
823 4265 899 4321 circa
914 4282 1024 4322 anuum
1039 4265 1331 4340 septingentesimum
1348 4265 1465 4337 scripto,
1482 4265 1598 4321 duobus
1614 4264 1817 4322 Palatino-Va-

101 4351 214 4408 ticanis
228 4351 316 4424 paulo
331 4351 477 4425 sequioris
492 4352 643 4426 temporis,
659 4359 746 4426 atque
761 4354 838 4422 aliis,
860 4371 933 4426 quos
948 4356 983 4410 ad
1000 4371 1067 4410 eum
1091 4354 1188 4410 locum
1211 4353 1408 4422 laudabimus,
1431 4369 1482 4426 pro
1506 4357 1583 4410 certo
1606 4353 1768 4409 asserimus
1789 4357 1818 4410 et

106 4439 334 4498 confirmamus.
355 4440 520 4498 Germanus
535 4440 590 4498 loci
605 4444 669 4516 ejus
684 4459 789 4500 seusus
803 4443 851 4499 hio
866 4447 928 4500 est:
945 4461 979 4500 ex
993 4444 1057 4516 ipso
1072 4443 1137 4500 Jcbi
1151 4443 1309 4512 volumine,
1330 4440 1384 4499 hou
1407 4445 1451 4497 est
1475 4441 1568 4514 eapite
1591 4441 1817 4514 quadragesimo

105 4529 297 4601 obsequenti,
314 4546 401 4604 posse
415 4547 469 4588 nos
485 4531 521 4587 de
535 4536 640 4588 natura
654 4537 822 4604 terroreque
843 4531 998 4606 multiplici
1025 4532 1181 4589 Leviathan
1205 4549 1238 4588 ao
1263 4530 1397 4588 Beemoth
1423 4528 1538 4604 plenius
1559 4529 1669 4603 aliquid
1694 4531 1817 4600 discere,

104 4616 232 4674 minime
243 4635 312 4674 varo
327 4618 450 4689 editum,
467 4621 527 4676 sive
542 4619 746 4678 elucubratum
763 4621 815 4678 abe
830 4621 1005 4695 Hieronymo
1019 4621 1049 4676 in
1064 4622 1117 4677 tob
1132 4620 1390 4677 commentarium.

143 4706 292 4762 Heroum
308 4707 349 4763 ita
364 4708 550 4781 rehabeant,
566 4726 657 4766 uuum
675 4711 820 4784 reliquum
836 4715 891 4782 est,
908 4713 944 4766 de
959 4727 1060 4767 eorum
1086 4711 1136 4784 qui
1162 4712 1217 4766 sub
1240 4709 1408 4784 Hieronymi
1435 4709 1552 4764 nomino
1576 4708 1819 4764 circumferentur

101 4794 394 4853 Commentariorum
410 4797 439 4854 iu
455 4813 523 4854 eum
539 4796 647 4855 librum
663 4805 780 4857 auctore
796 4799 973 4872 perquirere.
987 4802 1050 4866 Qua
1065 4801 1094 4855 in
1110 4816 1140 4856 re
1155 4799 1227 4855 illud
1243 4815 1308 4855 oum
1325 4799 1429 4872 primis
1451 4801 1494 4854 est
1515 4796 1817 4868 animadvertendum,

101 4883 256 4954 ejusmodi
272 4884 368 4958 operis
384 4890 510 4958 quatuor
523 4890 734 4962 propemodum
761 4906 834 4957 cese,
852 4895 884 4945 at
915 4904 968 4964 ego
983 4889 1102 4962 quidem
1136 4889 1247 4962 opinor,
1266 4888 1353 4944 unius
1386 4886 1553 4959 scriptionis
1586 4884 1771 4958 exemplaria,
1788 4890 1820 4943 ut

100 4969 197 5044 uulgo
213 4975 310 5029 autem
327 4975 508 5044 existimant,
524 4977 638 5034 diversa
653 4983 847 5052 syntagmata.
864 4979 1008 5046 Primum,
1024 4980 1101 5052 quod
1118 4978 1411 5051 llieronymianorum
1428 4976 1553 5048 Operum
1570 4979 1716 5048 postremo
1741 4979 1819 5031 tomo

102 5059 188 5116 inter
201 5060 329 5120 aeeititia
344 5070 513 5123 recensetur
527 5067 601 5140 (suis
614 5068 693 5124 euim
709 5069 941 5142 unumquodque
956 5068 1033 5126 uotis
1056 5069 1209 5142 designare
1234 5070 1369 5139 oportet),
1384 5071 1512 5122 ioannes
1534 5065 1693 5122 Sichardus
1717 5080 1732 5120 e
1752 5064 1818 5126 Ful.

103 5147 196 5204 densi
211 5148 389 5210 bibliotheca
403 5154 490 5222 eruit,
506 5156 692 5230 vulgavitque
707 5157 833 5214 Busilaee
849 5160 989 5224 an.1527,
1006 5156 1137 5230 illudque
1161 5156 1284 5228 Pilippo,
1301 5156 1350 5227 qui
1378 5156 1406 5211 S.
1432 5153 1598 5226 Hieronymi
1626 5152 1750 5225 insignis
1765 5170 1818 5209 au-

101 5234 188 5292 ditor
202 5235 268 5302 luit,
285 5255 339 5296 uec
354 5241 440 5315 plane
455 5243 614 5313 immerito,
631 5247 796 5315 ascribitur,
812 5249 927 5302 tametsi
946 5246 1048 5304 alienis
1065 5245 1210 5301 interdum
1228 5245 1414 5318 glossematis
1438 5241 1605 5315 interpolari
1631 5242 1818 5314 perspicuum

96 5324 152 5380 sit.
171 5323 316 5383 Alterum.
333 5330 357 5385 ei
376 5331 460 5388 modo
476 5351 493 5388 a
508 5334 605 5406 priore
621 5352 714 5408 usque
730 5337 801 5392 adeo
818 5336 965 5392 diversum
981 5340 1036 5402 est,
1055 5336 1082 5390 in
1102 5335 1183 5390 Beda
1199 5335 1324 5407 Operum
1342 5331 1513 5388 collectione
1535 5335 1613 5386 torno
1629 5329 1820 5386 lViuvcnitur

100 5410 243 5469 Nectario
259 5415 389 5486 auidam,
407 5425 457 5477 aut
473 5421 613 5490 locterio,
629 5423 688 5478 sive
704 5424 813 5488 abbati,
830 5423 889 5480 sive
910 5423 1045 5496 episcopo
1070 5423 1256 5495 inscriptum,
1281 5421 1396 5477 auctius
1412 5419 1592 5488 Prul'atioae,
1611 5417 1818 5491 nonnullisque

102 5499 139 5555 in
156 5497 221 5571 ipso
238 5519 325 5575 opere
345 5523 380 5564 ex
407 5509 490 5566 Beda
505 5508 623 5583 ingenio
638 5514 829 5570 assumentis.
846 5514 975 5571 'lentium
991 5511 1192 5569 Martianeum
1207 5510 1399 5584 appellemus,
1416 5509 1589 5581 estquebsao
1605 5507 1820 5582 ipsaquaeaub·

100 5587 249 5656 nectitur,
265 5592 455 5654 lntcrtinenria
469 5600 621 5670 depositio,
638 5617 726 5674 quam
744 5601 873 5676 primum
890 5601 969 5660 illae
986 5599 1153 5660 Corbeieusi
1169 5600 1297 5673 quodam
1313 5615 1369 5656 ms.
1387 5596 1478 5656 edidit
1502 5601 1531 5654 et
1554 5597 1671 5656 laudato
1687 5593 1818 5664 Philippo
