4066 6162
143 315 202 383 aar
711 319 869 384 consae
882 305 1066 381 rosanus
1088 313 1293 410 arenosos.
1791 323 1854 388 ses

142 445 212 528 gnte
222 453 391 524 subnectis,
404 455 435 509 et
448 451 607 527 prudenter
623 469 790 526 precavens
801 451 973 509 dissimulas
986 452 1014 517 Α
1028 450 1177 508 firmitatis
1193 455 1281 524 etque
1295 451 1412 508 virtutis
1428 451 1584 509 beatudine
1599 453 1779 525 induamur;
1799 472 1852 513 vo·

141 541 216 600 scito
231 556 288 598 nos
307 539 547 614 intelligereflis
558 541 637 598 enim
663 539 840 598 testimoniis
869 541 974 596 verita-
1029 537 1123 595 lentes
1134 555 1191 594 non
1201 539 1321 612 spoliari
1332 557 1428 608 earne,
1440 540 1491 596 sed
1506 542 1694 614 supervestiri
1702 543 1732 599 iu
1744 543 1850 618 glorie,

140 637 200 688 tem
212 631 441 688 resurrectionis
461 631 580 703 probas,
594 630 703 703 quibus
725 629 860 704 Origines
876 634 973 702 negat,
1030 627 1249 683 etdomioilium
1266 633 1411 694 nostrum,
1425 629 1503 702 quod
1514 629 1550 685 de
1566 629 1636 686 coelo
1651 633 1852 705 est,superin·

139 725 169 778 et
182 721 222 777 de
238 718 336 777 dubiis
352 718 466 776 incerta
487 720 681 789 confirmans,
696 723 805 776 certam
832 718 900 775 ildei
927 719 977 774 do·
1029 715 1080 771 dui
1093 716 1305 786 desiderantes,
1320 722 1354 773 ut
1366 718 1521 775 devoretur
1535 718 1658 776 mortale
1673 719 1771 775 avita.
1782 720 1851 777 Cer-

140 825 242 875 mum,
259 809 354 866 subite
368 811 544 881 tempestate
569 808 725 865 subvertis.
751 831 766 858 ι
793 807 974 874 Seminatur,
1029 809 1057 860 te
1068 806 1397 878 nemesuperinduitur,
1418 807 1474 863 nisi
1487 807 1538 880 qui
1551 812 1618 864 ante
1646 808 1771 866 vestitus
1798 813 1853 868 est.

142 896 256 972 inquit,
276 913 380 970 corpus
404 895 550 954 animale:
576 901 677 970 surget
687 911 794 969 eorpus
809 895 974 968 spirituale.
1030 892 1078 948 Sic
1088 898 1116 949 et
1126 893 1267 950 Dominus
1277 895 1526 952 nosterinmonte
1536 897 1856 970 transfiguretusestin

145 984 338 1059 Neqaeenim
356 985 590 1058 audentesque
616 985 789 1042 nubentur:
819 984 870 1040 sed
889 986 976 1040 erunt
1030 980 1459 1054 gloria(llattt.xvn‚etMore.
1486 985 1535 1054 rx),
1552 1001 1610 1040 non
1638 988 1671 1041 ut
1687 1001 1795 1042 manus
1824 1001 1857 1042 sc

141 1073 326 1147 sicntengeli
342 1073 373 1131 iu
388 1071 504 1148 omlis(l
513 1072 564 1130 Cor
574 1089 622 1143 xv,
633 1073 686 1140 443
718 1071 816 1130 Mettis.
832 1089 903 1141 ssu,
920 1074 974 1142 50;
1030 1071 1119 1142 pedes
1134 1073 1295 1144 crebreque
1309 1072 1441 1128 membra
1457 1074 1599 1145 perderet,
1616 1077 1645 1130 et
1660 1074 1758 1130 subito
1772 1075 1801 1128 in
1813 1089 1858 1129 ro·

142 1167 272 1232 tecm,
283 1163 343 1234 35).
358 1185 373 1212 ιι
389 1164 457 1230 Qun
472 1161 532 1218 alis
546 1160 681 1234 exempla
696 1177 875 1232 assumeres,
892 1161 918 1218 si
930 1178 974 1218 re·
1029 1160 1176 1216 tunditate
1203 1160 1247 1216 vel
1270 1159 1412 1229 solis‚vel
1440 1161 1561 1234 sphaere
1590 1162 1775 1219 volveretur:
1805 1163 1855 1220 sed

136 1251 362 1309 surrectionem
378 1250 591 1324 negares‘lVis
606 1251 852 1308 resurrectionem
867 1250 975 1319 curnis,
1030 1248 1132 1304 eedem
1149 1248 1368 1305 membrasolis
1384 1248 1675 1322 fulgorerutilantia,
1705 1250 1857 1324 apostolo·

139 1339 310 1396 veritateet
322 1355 384 1396 non
395 1339 535 1412 putative,
547 1343 581 1396 ut
594 1338 735 1410 loqueris,
751 1339 894 1396 confiteri.
909 1339 977 1396 Post
1031 1352 1097 1392 rum
1122 1336 1223 1394 oeulos
1250 1338 1490 1411 praestringerent
1507 1355 1513 1394 :
1531 1339 1609 1394 unde
1625 1342 1654 1394 et
1681 1339 1858 1396 vestimenta

138 1427 208 1498 illa,
232 1427 348 1500 quibus
374 1427 575 1502 ignorantium
604 1427 757 1485 blanditus
785 1443 817 1484 es
843 1427 975 1500 auribus,
1030 1426 1094 1497 ejus
1107 1429 1220 1482 mutata
1235 1431 1306 1482 suut
1321 1426 1350 1482 in
1365 1427 1533 1493 eandorem,
1550 1444 1608 1483 uon
1625 1427 1655 1484 in
1681 1443 1798 1495 aerem3
1816 1443 1854 1483 ne

136 1517 215 1591 quod
225 1517 258 1573 in
274 1516 355 1589 ipsis
367 1517 552 1589 corporibus,
568 1516 599 1572 in
615 1516 725 1589 quibus
741 1516 849 1573 mortui
872 1533 976 1573 sumus
1030 1514 1104 1570 forte
1119 1517 1147 1569 et
1161 1519 1256 1570 vestes
1271 1516 1333 1586 ejus
1347 1531 1463 1572 asseres
1483 1515 1675 1588 spirituales:
1705 1520 1738 1574 st
1767 1518 1854 1587 socies

134 1603 974 1680 etsepulti,resurgamus,boopotiusadjunge,etdic¹:
1029 1601 1608 1676 ejus,inquit,futpcbotsteutsotlllottb.
1642 1622 1713 1674 xvn,
1728 1605 1768 1677 2).
1799 1604 1854 1662 Ubi

135 1693 293 1759 Quomodo
322 1691 468 1748 Dominus
494 1695 561 1764 post
587 1692 835 1749 resurrectionem
864 1694 975 1749 fixuras
1030 1691 1233 1748 autemsaeies
1253 1691 1431 1762 nominetur,
1454 1693 1661 1766 aestimoquod
1692 1696 1721 1750 et
1748 1698 1855 1750 cetera

138 1781 294 1840 clavorum
309 1780 440 1838 osoeudit
455 1781 641 1850 inmanibus,
653 1781 762 1838 vulnus
772 1780 880 1838 lancea
891 1799 973 1839 mou·
990 1806 1014 1875 B
1031 1780 1164 1836 membra
1174 1785 1331 1853 conspecta
1345 1781 1414 1850 sint,
1445 1781 1543 1838 iinoeh
1559 1781 1722 1838 translatos
1752 1786 1797 1838 est
1821 1781 1852 1838 in

136 1871 244 1929 stravit
258 1871 293 1927 in
303 1869 817 1944 latere,etdubitentibusapostolis,
830 1872 908 1944 quod
920 1887 973 1944 pu·
1030 1885 1117 1926 carue
1132 1869 1208 1942 (Gen.
1219 1886 1247 1938 v,
1258 1870 1314 1942 et).
1329 1869 1405 1927 Elias
1418 1887 1542 1928 carneus
1556 1875 1658 1944 raptus
1682 1875 1727 1928 est
1741 1871 1770 1928 in
1798 1888 1852 1928 ce·

134 1965 236 2019 tarent
251 1959 435 2034 phantasma
450 1973 481 2014 se
500 1958 609 2029 videre,
634 1957 796 2031 respondit,
817 1982 831 2010 ι
858 1959 975 2032 Pslpate
1029 1956 1090 2014 lum
1106 1959 1228 2030 (li'ltep.
1241 1976 1272 2026 ιι,
1290 1959 1501 2030 tl):necdum
1530 1959 1649 2030 mortui,
1666 1962 1695 2016 et
1723 1959 1853 2032 paradisi

140 2065 192 2105 me
206 2048 352 2116 studete,
363 2047 507 2120 quoniam
522 2047 645 2120 spiritus
662 2064 766 2104 carnes
782 2052 811 2104 et
826 2064 894 2104 ossa
914 2065 973 2105 uon
1024 2046 1318 2118 jamcoloni,bsbeut
1334 2048 1465 2105 membra
1480 2065 1547 2104 eum
1562 2048 1672 2121 quibus
1687 2049 1763 2121 rapti
1784 2051 1854 2106 sunt

142 2136 248 2204 habet,
260 2135 334 2192 sicut
348 2151 394 2192 me
404 2135 629 2192 videtisbabere
653 2135 821 2208 (lunum,
847 2137 929 2208 39).»
944 2142 973 2194 et
1027 2139 1116 2208 atque
1145 2136 1292 2193 translati.
1321 2137 1402 2202 Quod
1418 2153 1472 2193 nos
1498 2137 1632 2194 imitatur
1652 2137 1780 2209 jejunio,
1810 2135 1853 2193 illi

141 2223 482 2298 propriead'l'bomam:
498 2247 509 2273 ι
528 2222 739 2298 inierdigitum
764 2229 850 2281 tuum
863 2224 893 2281 in
909 2240 971 2282 ma·
1027 2224 1179 2296 possident
1192 2224 1243 2282 Dei
1259 2225 1415 2282 consortio.
1432 2225 1596 2282 Veseuutur
1622 2225 1732 2282 ooelesti
1763 2241 1851 2298 pane,

137 2330 197 2371 nos
207 2329 303 2382 meas,
314 2317 344 2369 et
359 2328 482 2369 manum
497 2315 579 2370 tuam
595 2313 624 2368 iu
636 2312 717 2370 lalus
732 2327 842 2385 meum,
855 2318 884 2370 et
912 2313 972 2371 noli
1026 2316 1055 2369 et
1069 2317 1241 2369 saturantur
1255 2313 1335 2369 omni
1351 2314 1436 2370 verbo
1462 2313 1524 2378 Dei,
1540 2313 1677 2371 cumdem
1706 2314 1850 2374 babentes

134 2400 403 2471 ascincredulua
414 2401 465 2457 sed
478 2400 574 2458 fidelis
589 2405 742 2474 itonam,
753 2402 798 2476 27)
810 2423 818 2476 3
832 2425 847 2454 ιι
874 2403 923 2460 εἰσ
942 2407 971 2460 et
1026 2401 1195 2473 Dominum,
1212 2418 1300 2474 quern
1316 2407 1344 2458 et
1359 2401 1469 2457 eibum.
1498 2401 1574 2457 Audi
1600 2399 1780 2456 salvatorem
1805 2401 1850 2456 di-'

134 2507 189 2549 nos
201 2494 273 2564 post
286 2489 534 2546 resurrectionem
549 2489 653 2546 eadem
669 2489 848 2548 babebimus
877 2508 970 2549 mem·
1025 2493 1138 2548 centem
1156 2509 1162 2546 :
1180 2513 1194 2540 u
1210 2491 1245 2546 st
1260 2506 1327 2546 caro
1343 2506 1406 2546 mea
1421 2489 1579 2562 requiescit
1593 2489 1622 2545 in
1640 2490 1788 2563 spsffsut.
1802 2507 1848 2557 xv,

135 2581 198 2648 bre,
214 2579 332 2652 quibus
344 2577 554 2646 nuncutimur,
565 2578 684 2636 easdem
695 2596 799 2637 carues
814 2581 971 2655 etsengui-
1024 2580 1062 2652 9).
1078 2599 1093 2633 ι
1111 2581 1145 2636 Et
1159 2578 1190 2634 in
1206 2579 1262 2636 alio
1273 2577 1337 2635 loeo
1354 2597 1360 2635 :
1381 2602 1390 2630 ι
1406 2578 1477 2635 Caro
1493 2580 1558 2650 ejus
1572 2596 1630 2636 uon
1646 2577 1719 2634 vidit
1746 2595 1848 2635 corru-

134 2685 202 2726 nem
213 2672 243 2725 et
259 2683 334 2724 ossa
345 2683 353 2721 τ
365 2682 492 2740 quorum
507 2666 536 2722 in
553 2667 715 2739 Scripturis
730 2669 841 2725 sanctis
870 2685 969 2742 opera,
1024 2669 1153 2742 ptionem
1166 2669 1233 2742 (Act.
1250 2684 1283 2736 11,
1298 2669 1355 2737 31).
1373 2689 1385 2720 ι
1403 2669 1438 2724 st
1453 2685 1571 2725 rursum
1589 2686 1595 2724 :
1618 2691 1631 2718 u
1650 2667 1755 2724 Omnis
1782 2685 1849 2724 earo

135 2761 323 2814 nosnatura
338 2755 803 2829 damnntur.Deniqueintieuesi
827 2758 969 2831 scriptum
1023 2757 1132 2816 videbit
1146 2757 1274 2814 salutare
1289 2757 1340 2814 Dei
1362 2758 1418 2830 (lan
1444 2774 1491 2826 xa,
1505 2759 1544 2830 5).
1577 2780 1588 2807 ι
1620 2760 1700 2814 littu
1730 2772 1848 2829 semper

136 2851 181 2903 est
192 2863 199 2902 :
211 2869 226 2896 (ι
237 2845 306 2902 Non
318 2844 505 2918 permanebit
514 2843 643 2916 Spiritus
654 2861 738 2902 meus
749 2846 779 2901 in
799 2845 970 2904 bominibus
1024 2846 1303 2920 corpusiugeminas
1318 2846 1332 2901 l
1348 2845 1447 2902 Profer
1461 2845 1555 2918 magis
1572 2844 1712 2914 Ezechiel,
1729 2845 1780 2917 qui
1796 2861 1844 2901 os-

135 2935 214 3002 istis,
223 2934 381 3008 quiscere
392 2931 548 3003 sunttden.
558 2949 598 3002 vr,
611 2933 651 3004 3).
664 2955 679 2984 ιι
692 2937 726 2990 Et
735 2933 844 2991 Paulus
854 2939 968 3009 aposto·
1024 2938 1197 3010 sejungens
1212 2934 1330 2992 ossibus
1340 2939 1368 2992 et
1378 2935 1506 2992 educens
1519 2951 1553 2990 ea
1567 2935 1602 2990 de
1613 2933 1757 3006 sepulcris
1768 2935 1844 3003 suis,

135 3021 183 3080 lus
215 3024 254 3081 ds
283 3037 379 3096 preve
407 3020 542 3078 doctrine
569 3026 597 3078 et
608 3022 747 3095 operibus
776 3022 967 3082 iudeorum:
1022 3024 1256 3098 et-superpedes
1276 3023 1488 3089 stareiaoieus,
1517 3021 1654 3079 carnibus
1683 3023 1840 3094 nervisque

138 3115 220 3169 «lion
232 3109 386 3184 acquievi,
397 3108 447 3177 ait,
459 3109 541 3166 carni
553 3113 582 3167 et
592 3110 730 3184 sanguini
743 3112 845 3184 (Galat.
858 3129 880 3180 1,
892 3112 966 3184 16).»
1023 3113 1208 3186 constringit,
1224 3117 1253 3170 et
1267 3116 1332 3168 cute
1347 3112 1473 3185 desuper
1486 3111 1559 3184 tegit
1572 3112 1583 3146 ²
1598 3111 1706 3182 (liceat.
1732 3129 1841 3178 sxsvu,

134 3201 215 3259 stne
232 3203 369 3268 meros,
391 3197 558 3271 quietique
584 3199 613 3255 iu
630 3215 718 3256 carne
745 3205 839 3270 erant,
870 3201 964 3258 dicit:
981 3173 1003 3240 G
1023 3204 1036 3258 1
1053 3203 1147 3275 sopp).

137 3289 222 3347 nvos
237 3293 342 3346 sutem
356 3288 388 3343 in
404 3303 492 3344 carue
503 3305 561 3345 non
577 3287 669 3358 estis;
687 3289 739 3347 sed
752 3290 781 3346 iu
797 3291 923 3364 spiritu:
941 3291 966 3348 si
1055 3291 1101 3347 30.
1116 3290 1278 3348 lobatlaleto
1290 3290 1418 3348 decbries
1431 3289 1653 3346 antechristum.
1666 3289 1713 3346 lob
1728 3289 1844 3346 evidetur

134 3377 296 3436 menssei
307 3376 434 3450 spiritus
449 3375 562 3433 habitat
576 3377 605 3433 iu
621 3377 703 3434 vobis
719 3378 806 3450 (Rom.
822 3396 884 3449 vur,
898 3379 938 3453 9).
952 3403 966 3428 ιι
1020 3388 1117 3438 contro
1133 3382 1261 3450 [uturum
1289 3379 1436 3448 Oripenem
1459 3379 1586 3435 scribere.
1603 3409 1635 3418 -
1664 3379 1757 3434 Tenet
1785 3377 1841 3434 Job

134 3468 257 3542 Negans
273 3466 355 3522 enim
369 3481 420 3522 eos
435 3465 465 3521 in
476 3481 574 3535 carne,
585 3482 661 3538 quos
673 3466 704 3522 in
720 3483 808 3524 earne
822 3483 966 3526 essenon·
1021 3472 1232 3526 tormentorum
1248 3469 1351 3537 vietor,
1362 3473 1389 3524 et
1407 3471 1480 3524 testa
1494 3467 1600 3523 radens
1629 3467 1752 3538 putride
1777 3481 1841 3522 cnr-

140 3555 256 3624 stsb'st,
271 3570 333 3610 non
347 3555 441 3611 carnis
455 3554 664 3624 substantiam,
683 3556 734 3612 sed
749 3561 869 3629 peccota
883 3557 965 3615 darn·
1021 3558 1068 3615 uis
1081 3557 1203 3626 saniem,
1216 3555 1349 3613 miserias
1358 3572 1428 3612 suas
1439 3554 1661 3612 resurrectionis
1672 3571 1723 3628 spe
1734 3559 1761 3610 et
1772 3553 1844 3610 veri-

142 3643 251 3700 nabet.
1021 3650 1080 3703 tate
1091 3645 1220 3703 soletur:
1235 3667 1246 3696 ι
1263 3645 1333 3709 Quis
1342 3644 1413 3700 mihi
1429 3645 1488 3712 det,
1500 3644 1605 3717 inquit,
1618 3647 1650 3698 ut
1670 3642 1839 3698 scribentur

176 3731 224 3788 2⁹.
242 3733 313 3790 Vera
325 3735 532 3790 retaurationis
550 3735 692 3805 consentu.
710 3735 787 3791 Elias
814 3743 841 3792 et
863 3735 965 3793 Enoch.
1022 3753 1172 3794 sermones
1187 3732 1426 3801 meiiQuismibi
1438 3735 1497 3801 det,
1509 3733 1744 3800 utexarenturin
1763 3732 1841 3788 libro

137 3851 173 3864 -
186 3821 393 3879 Hmestvera
407 3822 631 3880 resurrectionis
660 3823 816 3894 confessio,
832 3842 896 3898 quo
924 3826 967 3882 sic
1022 3826 1096 3899 stylo
1106 3825 1249 3888 lerreo,et
1264 3822 1377 3896 plumbi
1386 3820 1565 3890 lamina,vel
1586 3819 1680 3878 celte¹
1704 3819 1846 3893 sculpan-

135 3911 264 3986 gloriam
281 3910 366 3967 carni
382 3911 496 3980 tribuit,
526 3915 560 3967 ut
579 3927 637 3967 uon
667 3911 781 3969 auferat
804 3913 966 3971 veritatem.
1021 3915 1111 3971 turia
1127 3912 1305 3969 silicersuo
1320 3912 1399 3968 enim
1415 3912 1493 3984 quod
1508 3911 1685 3983 Redemptor
1700 3927 1784 3968 meus
1800 3912 1841 3967 vi-

139 4001 221 4066 Quod
236 4016 307 4058 vero
322 3999 396 4056 dicit
408 3999 577 4073 Apostolus,
608 4020 620 4052 ι
636 4000 833 4075 corruptibile
857 4000 912 4059 boo
940 4007 967 4060 et
1020 4003 1071 4074 vit,
1082 4007 1112 4060 et
1125 4002 1154 4058 in
1170 4001 1422 4059 novissimum
1446 4001 1493 4058 die
1507 4001 1544 4057 de
1558 4005 1636 4057 terra
1656 4005 1843 4058 surrecturus

138 4087 373 4162 mundentur.
391 4105 437 4157 xv,
452 4089 621 4160 53).»411
639 4089 694 4146 boo
723 4090 822 4163 ipsum
849 4107 967 4164 eorpus,
1022 4109 1099 4160 sum,
1111 4097 1140 4149 et
1149 4107 1268 4147 rursum
1285 4090 1488 4147 circumdabor
1502 4087 1577 4162 pelle
1592 4105 1667 4156 men,
1679 4094 1708 4145 et
1723 4090 1753 4144 in
1778 4105 1843 4144 cer-

139 4179 169 4236 id
183 4183 241 4250 eu,
256 4193 391 4248 carnem,
406 4193 470 4250 que
485 4181 556 4235 tuno
569 4178 873 4246 videbaturpstendit.
885 4183 967 4248 Quod
1023 4198 1060 4239 ue
1076 4197 1142 4238 mea
1157 4179 1259 4236 videbo
1276 4179 1367 4234 Deum
1383 4195 1390 4232 z
1407 4194 1495 4250 quem
1509 4178 1627 4234 visurus
1650 4193 1716 4232 sum
1732 4193 1786 4248 ogo
1801 4177 1846 4248 ip·

141 4271 242 4326 subm
255 4265 387 4340 copulat,
406 4285 420 4318 ι
435 4267 556 4325 induere
577 4266 827 4341 incorruptionem
853 4273 882 4327 et
910 4269 968 4328 im·
1022 4287 1066 4340 se,
1076 4275 1105 4326 et
1119 4269 1196 4326 oouii
1210 4269 1267 4325 mei
1277 4266 1461 4340 conspecturi
1478 4270 1558 4334 sunt,
1575 4271 1602 4322 et
1618 4281 1675 4321 non
1692 4263 1776 4320 nlius.
1790 4265 1845 4320 lte-

141 4354 366 4425 mortelitetem,
379 4352 474 4411 »illud
489 4355 708 4426 indumentum,
718 4357 747 4414 id
759 4358 969 4418 estvestimen-
1022 4359 1117 4432 posita
1132 4362 1177 4416 est
1191 4357 1251 4414 beo
1267 4373 1334 4431 spes
1350 4371 1415 4412 men
1430 4355 1458 4410 in
1470 4355 1538 4412 sinu
1554 4370 1619 4412 meo
1634 4355 1703 4427 (lob.
1728 4370 1787 4422 xrs,
1808 4353 1843 4408 23

140 4449 217 4511 tum,
233 4459 293 4500 non
307 4443 383 4502 dicit
396 4459 503 4516 corpus
517 4443 632 4502 abolere
647 4445 725 4518 quod
740 4451 826 4503 ornat
846 4448 875 4504 in
905 4449 968 4523 glo·
1022 4449 1146 4522 sepul.-
1178 4445 1321 4514 Quidhac
1339 4441 1716 4520 prophetiamaniiestius‘i
1738 4440 1844 4498 Nullus

141 4533 259 4603 rium
273 4533 353 4605 qnod
370 4537 439 4591 sote
451 4531 609 4607 inglorium
631 4535 698 4602 luit,
727 4536 842 4594 efficere
865 4537 965 4611 glorio·
985 4535 1084 4601 [itam
1101 4541 1200 4610 aperte
1214 4541 1280 4609 post
1294 4535 1442 4604 Cbrstum,
1455 4550 1544 4606 quam
1555 4533 1685 4590 isteante
1694 4530 1847 4589 Christum

141 4639 231 4691 enm;
250 4625 285 4678 nt
307 4619 498 4679 mortalitatis
512 4627 541 4678 et
554 4622 738 4680 infirmitatis
764 4623 865 4684 viliore
895 4633 973 4686 veste
1027 4625 1283 4682 deresurreetione
1293 4624 1433 4698 loquitur.
1446 4623 1517 4680 Vult
1526 4623 1614 4680 verba
1629 4639 1684 4679 sua
1699 4621 1730 4677 in
1747 4636 1850 4694 perpe·

146 4710 294 4782 deposita,
319 4707 550 4766 immortalitatis
579 4716 716 4781 euro‚et,
746 4711 837 4770 utile
864 4713 971 4786 dicam,
1027 4713 1718 4786 tuumdursre:etutnullapossiutvetustatn
1748 4708 1849 4778 doleri,

188 4905 197 4940 ¹
217 4903 270 4961 Sex
282 4920 400 4963 versum
416 4902 553 4962 lacunam
569 4905 617 4962 bin
630 4905 813 5033 explevimus
825 4925 841 4966 e
855 4910 885 4966 S.
902 4913 972 4966 cru·
1028 4910 1100 4966 dum
1115 4913 1220 4981 putant
1233 4909 1310 4965 docti
1328 4909 1437 4981 pariter
1451 4913 1479 4964 et
1489 4907 1608 4975 indocti,
1624 4907 1666 4961 vel
1680 4907 1752 4960 certe
1773 4901 1848 4958 scut·

142 4977 194 5036 cis
209 4992 275 5040 ans,
287 4994 356 5035 cnm
372 4979 459 5034 ιιιιιοιι
472 4976 544 5034 editi
558 4993 660 5034 ornnes

143 5053 226 5120 rent,
236 5049 358 5123 odjum
371 5055 397 5104 et
410 5047 463 5118 dic,
487 5050 623 5119 Quoniam
636 5051 751 5176 spiritus
774 5067 879 5118 cornea,
904 5056 971 5122 ete,
1027 5051 1206 5124 expressisse
1231 5066 1331 5106 vocem
1359 5051 1508 5105 Hebraeum
1538 5057 1631 5109 intui
1676 5045 1851 5113 triturabit-n,

142 5121 269 5180 omissis
285 5137 350 5194 quc
366 5136 445 5176 nuuc
460 5122 588 5194 primum
607 5137 642 5178 su
666 5121 826 5178 ecimusde
855 5122 972 5180 llomini
1026 5126 1092 5181 cette
1106 5121 1337 5195 sculpuntur-,ut
1350 5120 1493 5176 indicaret
1508 5119 1740 5176 instrumentum
1769 5116 1849 5174 seul·

141 5193 379 5265 comparatione,
392 5206 482 5264 quam
502 5191 644 5249 orationis
659 5195 812 5250 contextus
842 5193 970 5264 insertor,
1027 5200 1129 5266 pturar.
1146 5211 1284 5250 usarrsrv.

141 5271 239 5338 etque
251 5263 351 5336 ipsum
367 5261 571 5320 similitudinis
595 5264 764 5321 adverbium
794 5264 971 5338 postulabat,
1062 5267 1160 5322 ⁸Sunt
1173 5263 1266 5322 critici
1281 5263 1360 5319 baud
1376 5261 1472 5336 exigui
1489 5261 1628 5330 nominis,
1646 5261 1696 5334 qui
1709 5265 1781 5318 certe
1806 5262 1849 5317 le·

139 5343 174 5394 et
191 5336 258 5392 sine
272 5333 383 5407 quibus
398 5349 521 5392 mancus
536 5337 609 5403 erni,
625 5335 685 5392 imo
700 5341 728 5392 et
738 5335 866 5394 auctoris
881 5339 972 5396 menti
1028 5336 1056 5410 gi
1073 5336 1254 5393 contendunt
1269 5335 1366 5391 deberi
1391 5335 1548 5406 prosette:
1572 5338 1602 5390 et
1625 5351 1697 5390 mss.
1728 5334 1848 5406 quidem

139 5407 317 5466 conomius
332 5421 449 5462 masos.
1027 5407 1145 5482 plurimi
1159 5411 1229 5464 sunt
1244 5407 1309 5462 libri
1325 5405 1391 5474 Job,
1408 5404 1458 5478 qui
1472 5413 1543 5463 certe
1558 5405 1725 5478 pecierunt,
1735 5423 1790 5478 que
1815 5406 1852 5461 de

182 5475 535 5550 ’nerudauperupit
552 5476 638 5534 Nullo
655 5493 742 5535 seusu
759 5478 788 5534 in
819 5479 904 5537 editis
935 5481 971 5536 li·
1027 5495 1057 5534 re
1094 5476 1849 5546 turadieendanobissunltomolll,adbunoJo-

137 5551 214 5610 bris
226 5549 366 5625 legimus,
381 5557 407 5607 et
421 5547 536 5628 desuper
551 5551 640 5625 uuo.-
660 5549 743 5608 doneo
753 5551 801 5612 lob
825 5555 972 5612 tomento·
1025 5549 1055 5612 bi
1070 5497 1167 5612 fiscum
1182 5565 1218 5608 ex
1232 5549 1459 5626 Hieronymioue
1471 5549 1617 5612 versione.

141 5639 215 5692 ram
228 5623 326 5693 udo,
345 5623 401 5682 etc.
417 5618 526 5680 Deinde
554 5621 584 5680 lu
608 5623 746 5682 contextu
766 5621 842 5694 Jobl,
870 5621 972 5702 tegeo-

691 4977 868 5037 iuleosensu
883 4980 972 5038 habe·
1026 4984 1130 5052 portur
1144 4982 1174 5036 in
1187 4981 1274 5036 silice.
1302 4980 1356 5036 Sed
1375 4996 1432 5035 non
1459 4977 1614 5034 attendunt
1641 4976 1851 5046 Hieronymum
