4066 6162
654 269 811 344 acarna
831 271 1025 346 neuneu.
1041 307 1080 326 -
1096 266 1328 343 aovontrtc.
1377 227 1378 231 Ὺ

141 427 1844 474 :m

523 600 602 662 m
627 597 666 662 ΙΝ
687 597 826 664 LIBROS
848 597 1004 662 contet
1026 595 1210 663 RUFlNUM
1230 597 1462 662 nouout'rlo

183 941 208 996 l.
223 935 417 996 Dissensionis
426 937 637 1012 Hieronymum
650 937 727 994 inter
741 953 774 993 ae
789 935 929 994 Rufinum
944 934 1030 1010 longe
1045 935 1141 994 notior
1155 936 1279 995 historia
1293 940 1348 1006 est,
1365 951 1454 1009 quam
1469 941 1570 995 nostra
1593 938 1784 1013 explicatione
1812 944 1846 998 ut

145 1027 278 1101 indigeat.
291 1027 388 1083 Causa
402 1024 472 1082 mali
485 1025 560 1082 tanti
575 1025 678 1082 Latina
689 1024 783 1082 versio
799 1022 941 1082 librorum
956 1023 1091 1098 origenis
1105 1023 1167 1100 περὶ
1178 1027 1286 1100 ‘Appos
1303 1025 1367 1092 init,
1379 1042 1468 1098 quam
1485 1026 1636 1100 presbyter
1650 1027 1846 1102 Aquileiensis

141 1115 270 1175 sublesta
286 1115 391 1187 utique
406 1113 791 1182 ssd0,etaooraveratttcma
806 1113 1007 1171 circaannum
1024 1113 1086 1170 398.
1103 1114 1177 1170 Nam
1200 1119 1233 1170 ut
1253 1113 1419 1187 origeniani
1450 1113 1596 1187 dogmatis
1624 1133 1746 1187 venena,
1775 1119 1846 1176 sub·

138 1203 207 1260 dola
222 1200 479 1275 interpretationis
493 1201 559 1259 luco
574 1200 674 1271 oblita¹
690 1201 800 1258 Latinis
815 1201 937 1258 auribus
951 1201 1047 1258 tutius
1060 1201 1236 1276 propinaret,
1254 1201 1454 1274 prelationem
1470 1202 1549 1274 operi
1567 1203 1699 1274 prailxit,
1724 1206 1753 1262 in
1784 1225 1844 1282 qus

137 1293 351 1365 Hieronymum
367 1289 500 1364 figuratis
513 1290 652 1346 laudibus
667 1290 854 1364 predicabat,
870 1289 958 1346 veluti
978 1289 1144 1347 adamantii
1161 1289 1333 1364 opinionum
1361 1289 1516 1358 fautorem,
1547 1307 1666 1363 suaque
1694 1297 1845 1353 sententiar

135 1380 269 1439 socium
287 1379 391 1453 ipsam
404 1396 471 1436 vero
486 1378 595 1436 librum
609 1378 646 1436 ab
660 1379 797 1452 ascriptis
812 1379 961 1436 erroribus
988 1383 1183 1453 expurgatum
1213 1395 1302 1452 opera
1329 1394 1383 1435 sua
1407 1378 1548 1450 jactabat.
1579 1380 1635 1437 Sed
1655 1397 1721 1438 cum
1752 1383 1847 1442 multa

134 1473 232 1528 essent
247 1468 432 1541 adhucque
447 1467 629 1524 Christianae
640 1483 727 1524 aures
741 1471 901 1534 moverent,
917 1471 946 1524 et
960 1467 1059 1524 minus
1075 1467 1217 1525 catholice
1236 1467 1314 1524 dicta
1328 1466 1575 1537 existimarentur,
1597 1468 1802 1529 Pammachius
1817 1476 1847 1529 et

134 1559 269 1617 comus
285 1556 465 1632 Hieronymo
479 1560 614 1614 auctores
628 1556 746 1613 fuerunt
760 1560 794 1612 ut
807 1572 978 1630 germanam
992 1556 1128 1630 ipseejus
1137 1555 1205 1612 lrhri
1220 1555 1487 1629 interpretationem
1498 1555 1641 1630 vulgaret,
1658 1573 1846 1632 nequaquam

134 1646 339 1706 dissimulatis
357 1645 518 1715 erroribus,
534 1661 592 1718 quo
608 1663 639 1703 se
655 1645 811 1703 manifesto
826 1646 1000 1719 proderant;
1013 1649 1211 1719 purgaretque
1225 1645 1297 1702 adeo
1312 1643 1510 1717 suspicionem
1525 1644 1633 1702 favoris
1646 1646 1677 1704 in
1692 1646 1846 1721 Origenem

135 1735 296 1795 abemulo
310 1735 461 1807 inJectam,
478 1750 513 1791 ne
528 1734 554 1791 si
569 1733 775 1792 criminantem
791 1735 962 1792 convincere
976 1734 1115 1802 differret,
1130 1733 1297 1792 consentire
1311 1732 1354 1789 illi
1382 1733 1540 1790 videretur.
1570 1735 1599 1790 S.
1627 1735 1740 1802 hoctor,
1770 1736 1874 1802 datis,

135 1827 269 1902 primum
283 1823 392 1880 Rufino
406 1823 523 1893 litteris,
539 1823 633 1880 amice
648 1827 826 1896 conquestus
840 1827 904 1880 est:
921 1822 1026 1880 deinde
1042 1839 1119 1879 anno
1133 1822 1187 1878 i00
1202 1819 1336 1894 Origenis
1362 1821 1460 1895 ipsum
1488 1820 1597 1879 librum
1625 1822 1666 1880 ita
1693 1821 1729 1880 ad
1755 1825 1845 1884 linem

134 1917 231 1984 vertit,
248 1918 286 1972 ut
297 1913 426 1970 hareses
442 1911 541 1970 statim
557 1912 789 1971 innotescerent:
806 1912 944 1986 deditque
959 1929 1018 1968 una
1032 1910 1198 1986 epistolam,
1213 1910 1243 1966 iu
1264 1913 1365 1967 nostra
1389 1910 1556 1967 recensione
1584 1912 1629 1978 et,
1658 1912 1846 1973 Pammachio

136 2009 165 2062 et
178 2005 310 2070 Oceano,
325 2003 356 2058 in
371 2018 431 2074 qua
445 2000 624 2058 calumniam
640 2017 759 2058 omnem
775 2018 792 2056 a
806 2017 838 2058 se
852 2001 938 2075 longe
952 2002 1077 2068 amovet,
1093 2015 1186 2071 quove
1201 1999 1300 2055 animo
1324 1998 1427 2072 legerit
1450 1998 1619 2072 aliquando,
1646 2005 1697 2057 aut
1719 2000 1848 2060 laudarit

138 2091 300 2166 Origeuem
313 2090 424 2163 absque
440 2088 556 2163 pietatis
571 2088 700 2160 periculo
715 2088 840 2162 exponit.
856 2089 930 2145 Hinc
943 2104 1028 2161 porro
1038 2089 1142 2160 ingens
1158 2085 1188 2144 in
1202 2085 1331 2144 Ecclesia
1344 2087 1514 2145 incendium
1538 2091 1670 2146 exortum
1686 2093 1747 2160 est;
1777 2107 1846 2149 nam

139 2179 274 2237 Huflnns
287 2177 454 2251 apologiam
469 2193 521 2250 pro
536 2193 591 2234 sua
606 2176 662 2232 ilde
677 2176 714 2232 ad
729 2176 918 2234 Anastasium
937 2193 1044 2250 papam
1060 2175 1187 2234 seribere
1200 2175 1382 2249 compulsus,
1398 2191 1456 2232 non
1472 2180 1533 2233 tam
1557 2191 1609 2250 pro
1635 2193 1666 2234 se
1690 2177 1774 2236 nisus
1802 2184 1847 2237 est

137 2269 321 2336 sadsiacere,
337 2281 427 2339 quam
443 2265 474 2320 in
489 2264 535 2321 sui
546 2265 745 2323 defensionem
761 2281 850 2322 novas
861 2264 1035 2338 Hieronymo
1050 2264 1214 2322 calumnias
1229 2269 1352 2322 struere.
1368 2265 1444 2320 'lum
1473 2266 1694 2322 recrudescente
1723 2266 1753 2323 in
1783 2269 1846 2327 diss

132 2357 229 2432 magis
245 2355 411 2414 inimicitie
426 2353 557 2423 vulnere,
570 2359 630 2410 tres
641 2353 851 2411 invectivarum
862 2353 954 2412 libros
966 2370 1043 2411 anno
1059 2353 1225 2426 insequenti
1242 2352 1301 2410 sive
1317 2354 1366 2410 tot
1392 2352 1422 2410 in
1450 2357 1479 2409 S.
1508 2353 1661 2410 Ductorem
1689 2355 1843 2428 procudit:

130 2447 242 2523 quihus
260 2443 314 2502 ille
328 2444 461 2501 noudum
476 2441 568 2514 lectis,
579 2442 630 2498 sed
643 2445 759 2498 tantum
775 2458 809 2499 ex
819 2458 868 2499 ore
883 2442 1043 2500 amicorum
1058 2445 1182 2516 exparte
1197 2441 1316 2508 auditis,
1332 2441 1490 2514 respondet
1501 2441 1596 2498 trihus
1611 2441 1692 2498 hisee
1706 2441 1845 2519 apologe-

128 2537 195 2594 ticis
210 2533 326 2592 libris:
342 2548 416 2606 quos
427 2532 463 2588 ad
477 2547 588 2587 annum
604 2531 656 2587 i02
671 2530 762 2588 roiero
776 2547 812 2588 ex
822 2530 937 2589 duobus
951 2527 1287 2606 ipsiusmetHieronymi
1300 2528 1487 2586 testimoniis.
1503 2529 1636 2587 Alterum
1651 2529 1729 2587 circa
1754 2531 1844 2590 finem

128 2624 217 2699 primi
233 2622 322 2686 libri,
339 2621 390 2677 ubi
397 2624 462 2694 post
478 2621 617 2676 Maeniam
632 2636 663 2676 se
677 2619 803 2676 seribere
817 2620 980 2693 profitetur,
995 2636 1030 2677 ex
1047 2636 1102 2693 quo
1116 2618 1187 2676 edito
1203 2619 1280 2675 breui
1293 2617 1396 2685 libello,
1417 2617 1570 2689 preconiis
1595 2618 1694 2675 liuilni
1723 2634 1843 2693 respon·

129 2714 232 2770 derat:
251 2709 356 2768 brevis
371 2709 449 2766 enim
465 2706 581 2764 tihellus
597 2706 652 2764 ista
666 2707 731 2780 ipsa
745 2708 839 2765 est‘ad
854 2707 1077 2766 pammachium
1093 2707 1213 2765 laudata
1222 2706 1346 2780 epistola
1360 2707 1404 2776 at,
1414 2723 1478 2780 qua
1489 2707 1524 2765 ed
1540 2722 1651 2765 annum
1664 2710 1843 2782 spectathO.

128 2802 269 2860 Alterum
286 2803 356 2874 post
370 2797 500 2854 medium
517 2813 537 2852 ιι
553 2795 630 2863 libri,
646 2796 695 2853 ubi
712 2812 744 2854 se
759 2800 825 2854 ante
838 2813 924 2856 onnes
938 2799 1024 2868 fernae
1037 2799 1128 2854 atacem
1143 2796 1296 2871 scripsisse
1311 2797 1343 2852 de
1352 2797 1509 2853 illustribus
1522 2797 1593 2853 ciria
1606 2796 1694 2854 dicit:
1712 2813 1844 2871 comper·

127 2896 193 2950 tum
208 2904 327 2963 nempe
337 2891 384 2944 est
397 2886 546 2954 omnihus,
561 2902 638 2943 anno
650 2887 703 2942 392
717 2886 859 2959 prodiisse
871 2885 980 2943 librum
994 2884 1091 2954 illum,
1106 2886 1220 2959 hosque
1234 2886 1306 2943 adeo
1321 2885 1406 2942 initia
1424 2885 1536 2943 ratione
1563 2901 1640 2943 anno
1666 2887 1719 2942 402
1751 2887 1842 2944 ascri-

128 2981 245 3039 bendos
256 2977 545 3048 esse.Horumporro
555 2980 724 3032 summaest
733 2973 902 3048 hujusmodi
913 2975 961 3031 :ln
970 2975 1065 3047 primo
1076 2973 1344 3048 interpretationem
1357 2989 1442 3030 suam
1453 2971 1555 3030 multis
1565 2973 1748 3046 argumentis
1758 2990 1844 3032 excu-

129 3073 176 3128 sat
191 3067 319 3140 sibique
339 3064 426 3122 diluit
440 3063 707 3136 objectacrimina:
724 3062 813 3121 altero
829 3062 1001 3138 Apologiam
1014 3063 1111 3120 Rufini
1129 3064 1174 3120 'ed
1202 3079 1308 3138 papam
1334 3060 1521 3119 anastasium
1545 3061 1667 3120 missam
1697 3062 1844 3136 exagitat:

128 3157 217 3215 tertio
232 3155 367 3228 denique
383 3151 516 3226 ejusdem
531 3151 629 3211 Rufini
637 3150 742 3209 litteris
752 3151 809 3209 sihi
824 3168 891 3208 cum
906 3151 1117 3209 invectivarum
1131 3150 1230 3209 codice
1245 3150 1346 3208 missis
1360 3150 1526 3224 respondet.

163 3249 194 3303 2.
209 3245 300 3301 Nunc
315 3241 388 3314 quid
403 3257 421 3296 a
436 3238 521 3295 nobis
534 3239 563 3294 in
579 3238 639 3296 illis
656 3240 831 3297 recudendis
846 3240 1009 3312 prestitum
1025 3241 1072 3310 sit,
1089 3240 1280 3314 explicemus.
1296 3239 1392 3297 Primo
1414 3238 1512 3296 Rufini
1527 3237 1697 3306 lovectivas,
1727 3255 1801 3312 quas
1829 3256 1846 3297 e

128 3334 255 3408 regium
269 3327 505 3401 Hieronymiana
520 3325 665 3401 Apologia
679 3327 710 3384 in
725 3329 845 3385 adversa
859 3328 996 3386 columna
1010 3329 1192 3386 continenter
1206 3329 1237 3386 P.
1254 3327 1442 3386 Martianaus
1457 3334 1644 3402 apposuerat,
1661 3326 1736 3385 loeo·
1752 3327 1844 3386 movi-

131 3437 215 3488 mus,
230 3423 261 3476 at
274 3415 511 3490 Hieronymianis
524 3413 597 3489 ipsis
612 3415 825 3473 subnectimus.
837 3417 937 3490 Neque
951 3418 1030 3474 enim
1040 3435 1075 3474 ex
1085 3418 1188 3474 ordine
1208 3417 1362 3475 sententia
1390 3416 1544 3476 sententiis
1573 3415 1763 3490 respondent,
1793 3421 1846 3489 aut

132 3509 190 3566 ubi
202 3508 239 3563 in
251 3523 313 3562 una
325 3503 462 3562 columna
475 3502 599 3560 emulus
615 3502 794 3560 calumniam
810 3503 944 3572 intentet,
956 3506 1034 3564 m
1044 3507 1074 3563 in
1089 3505 1181 3564 altera
1195 3505 1327 3563 criminis
1343 3505 1449 3563 dilutio
1464 3509 1529 3564 est:
1545 3505 1595 3562 sed
1611 3520 1628 3561 e
1642 3504 1789 3562 contrario
1800 3504 1843 3561 al-

135 3592 360 3667 terproutlibet
371 3610 424 3650 ιιιο
435 3590 587 3648 stomacho
602 3590 724 3648 inservit
737 3596 767 3648 et
781 3593 935 3650 velitatur:
947 3592 1021 3650 alter
1035 3611 1091 3650 non
1108 3592 1192 3651 lectis
1207 3597 1308 3650 eontra
1320 3609 1352 3651 se
1380 3593 1475 3661 libris,
1500 3592 1551 3650 sed
1575 3591 1662 3665 vulgo
1687 3591 1844 3650 intellectis

139 3679 395 3742 criminationibus
407 3680 546 3738 occurrit.
562 3679 656 3744 Quare
671 3684 878 3754 prepostaram
891 3682 1051 3740 Martianai
1069 3697 1170 3738 euram
1185 3698 1272 3739 nemo
1288 3699 1347 3738 non
1362 3679 1549 3754 improbavit,
1564 3683 1665 3736 natam
1685 3680 1722 3736 ad
1743 3695 1844 3738 erean-

135 3771 215 3828 dnm
232 3766 333 3826 lectori
346 3767 488 3835 laborem,
504 3767 662 3841 ipsumque
677 3767 707 3824 S.
723 3768 856 3828 Doctoris
870 3773 1038 3828 contextum
1049 3769 1174 3844 singulis
1185 3769 1300 3844 paginis
1313 3768 1570 3842 intercipiendum.
1584 3767 1719 3825 Secundo
1728 3767 1846 3824 cumsit

131 3859 210 3918 utile
225 3857 369 3917 studiosis
383 3862 413 3914 et
423 3857 624 3925 commodum,
639 3856 809 3914 authentica
824 3863 1026 3930 monumenta,
1041 3875 1104 3932 que
1120 3858 1238 3931 scriptis
1252 3855 1381 3914 auctoris
1396 3873 1485 3930 quem
1498 3871 1632 3925 exornas,
1661 3855 1843 3913 occasionem

128 3949 293 4016 dederunt,
307 3944 355 4004 vel
371 3961 434 4019 qua
449 3945 564 4018 abipso
580 3948 696 4002 auctore
709 3945 931 4023 impugnantur,
947 3947 1066 4021 scriptis
1080 3947 1186 4004 iisdem
1202 3950 1367 4016 annectere,
1381 3963 1435 4003 nos
1455 3945 1514 4003 huc
1542 3944 1720 4003 adscivimus
1748 3945 1844 4019 primo

124 4037 229 4094 llntini
244 4033 382 4092 libellum
397 4032 494 4102 illum,
509 4033 570 4090 sive
585 4032 766 4109 Apologiam‚
782 4039 834 4091 aut
848 4035 1062 4094 confessionem
1078 4035 1158 4103 fidei,
1173 4049 1262 4107 quam
1278 4034 1314 4090 ad
1343 4049 1450 4108 papam
1479 4033 1666 4091 Anastaslum
1693 4033 1786 4104 misit,
1816 4040 1843 4092 et

123 4142 219 4201 quam
236 4123 436 4198 Hieronymus
449 4125 511 4180 toto
526 4123 655 4180 meundo
670 4123 744 4180 libro
759 4124 907 4181 conlutat:
923 4125 1027 4183 deinde
1043 4125 1139 4199 ipsam
1167 4138 1284 4198 quoque
1311 4122 1459 4180 dnmtasii
1487 4139 1577 4196 super
1599 4122 1717 4180 nomina
1742 4122 1842 4178 Rufini

120 4213 297 4289 epistolam,
316 4227 408 4286 qaam
422 4211 463 4267 illi
480 4211 567 4269 toties
576 4216 636 4269 tem
652 4210 731 4277 alibi,
744 4216 808 4269 tum
824 4213 951 4271 maxime
964 4214 1045 4272 hisce
1059 4215 1090 4270 in
1104 4212 1189 4270 libris
1208 4212 1316 4286 ingerit
1339 4212 1368 4269 S.
1399 4212 1515 4269 Ductor.
1542 4211 1689 4268 Hactenus
1716 4211 1747 4266 in
1775 4225 1842 4290 eum

120 4308 243 4360 tomum
255 4301 309 4377 qui
323 4301 421 4358 aliena
435 4317 469 4358 ac
483 4299 670 4374 supposititia
683 4300 897 4375 complectitor,
911 4303 1024 4376 rejects
1040 4307 1128 4360 sunt:
1145 4303 1195 4359 sed
1212 4302 1242 4358 in
1258 4301 1388 4376 antiquis
1402 4299 1564 4368 codicibus,
1593 4298 1842 4372 quemadmodum

119 4391 269 4450 devetari
282 4388 454 4448 corbeiensi
469 4393 502 4445 Ρ.
519 4388 709 4447 Constantius
721 4390 823 4461 tradit,
839 4390 912 4448 satis
927 4393 1087 4464 prudenter
1101 4391 1175 4465 ipsis
1197 4394 1386 4465 apponuntur
1408 4387 1577 4462 Hieronymi
1596 4386 1689 4456 libris,
1719 4387 1843 4460 ejusque

118 4477 338 4555 dispositionis
353 4475 526 4535 doctissimo
540 4477 602 4535 viro
612 4477 676 4552 ipss
691 4482 792 4535 auctor
805 4479 1001 4554 Hieronymus
1012 4481 1174 4539 videbatur.
1191 4479 1322 4553 Denique
1337 4477 1664 4537 lucubrationesomnes
1671 4474 1842 4550 pleramque

117 4573 243 4642 partem
259 4582 328 4625 cum
339 4565 472 4639 antiquis
486 4565 676 4638 editionibus,
693 4583 782 4625 unam
799 4570 850 4626 aut
864 4568 986 4627 alteram
1001 4585 1068 4627 cum
1083 4569 1268 4627 vetutissimo
1284 4565 1567 4628 Palatino-Vaticano
1581 4565 1634 4623 rat
1649 4563 1840 4633 contulimus,

117 4675 200 4734 saepe
211 4655 307 4716 auam
324 4655 531 4714 emendamus.
