4066 6162
106 267 159 348 te
343 213 353 238 ’
691 263 852 336 cerras
871 265 1059 336 auriana
1074 265 1151 332 urs.
1172 263 1230 335 ru:
1752 267 1814 354 sse

105 422 158 481 qne
171 407 201 464 at
214 401 364 481 Didymus
378 403 457 464 idem
471 401 593 462 faciunt.
622 401 816 460 Pretermitto
844 403 932 478 Apol·
947 403 1099 474 Atinam,
1116 403 1193 478 quod
1210 403 1288 478 apud
1304 403 1439 462 Hebraea
1453 395 1625 464 didicerant.
1641 401 1722 464 Sicut
1743 423 1812 482 ergo

101 495 255 574 lisseium,
274 495 327 568 qui
338 495 415 552 bono
429 493 547 568 quidem
564 491 672 560 studio,
689 493 740 549 sed
756 508 814 549 non
830 509 935 550 secun·
960 489 963 494 '
990 507 1043 566 ego
1059 493 1182 550 ostendo
1198 493 1292 550 multa
1310 494 1340 550 in
1355 494 1433 550 Novo
1453 494 1639 552 Testamenta
1667 495 1764 568 posita
1778 498 1814 555 de

99 586 172 642 dum
202 583 375 650 scientiam,
404 584 441 640 de
470 580 604 638 omnium
632 580 875 638 translationibus
904 581 934 638 in
990 582 1137 639 veteribus
1153 582 1319 656 libris‚que
1335 583 1365 639 in
1376 582 1570 656 Septuaginta
1582 599 1640 639 non
1656 583 1813 651 habentur.

99 675 427 731 unumvestimentum
444 687 557 744 pannos
573 685 694 726 assuere
723 674 846 728 conatus
879 675 934 740 eat,
990 675 1020 728 et
1046 671 1107 728 bac
1130 672 1240 745 scripta
1262 672 1292 728 in
1316 671 1457 728 Hebraico
1479 672 1579 740 doceo,
1597 671 1640 729 sic
1663 680 1815 732 accusator

102 769 133 822 st
150 761 395 836 mnseqnentiam
411 761 580 833 Scripturas,
596 775 655 816 non
670 775 704 816 ex
730 759 833 834 regula
860 759 934 818 asri-
991 761 1138 831 ostendat,
1160 760 1273 835 aliquid
1305 761 1449 834 scriptum
1471 777 1536 818 esse
1561 761 1590 816 in
1614 761 1692 818 Novo
1715 764 1814 822 Testa·

101 853 191 921 tatis,
219 852 271 910 sed
301 867 333 908 ex
361 865 417 908 suo
443 849 559 921 judicio
587 851 703 905 texere:
733 847 857 922 apostoli
878 849 933 909 viri
990 853 1089 906 mento
1113 851 1149 906 de
1161 851 1351 924 Septuaginta
1379 849 1599 923 interpretibus,
1615 851 1693 922 quod
1714 850 1744 907 in
1759 855 1815 908 He-

104 940 268 1016 seripturis
283 943 410 996 utuntur
422 936 590 996 Hebraicis:
621 937 702 1010 ipsos
731 937 879 1012 apostolos
906 941 936 994 et
989 938 1088 996 braico
1103 955 1162 995 non
1175 938 1329 1006 habeatur,
1345 941 1374 995 et
1388 939 1472 995 linita
1490 938 1637 996 contentio
1652 943 1708 996 est.

109 1027 302 1102 evangelistae
315 1026 371 1084 boc
386 1027 492 1084 iecisse
506 1027 696 1100 perspicuum
712 1031 767 1082 est.
793 1026 935 1084 Dominus
1026 1028 1070 1083 35.
1087 1028 1182 1100 Operis
1195 1028 1345 1085 conclusio.
1361 1059 1395 1070 -
1410 1028 1451 1084 Ex
1465 1027 1574 1100 quibus
1595 1028 1734 1086 omnibus
1764 1043 1817 1100 sp-

109 1125 196 1192 atque
209 1117 343 1174 Salvator
357 1115 527 1188 ubieunque
543 1115 649 1172 veteris
662 1113 819 1187 Scripturas
834 1115 935 1172 memi-
990 1116 1143 1188 probatur,
1158 1119 1188 1172 et
1211 1115 1403 1188 Septuaginta
1424 1115 1618 1187 interpretum
1644 1116 1815 1186 editionem,

105 1208 158 1274 nit,
174 1207 210 1262 de
225 1203 380 1262 Hebraicis
394 1202 596 1280 voluminibnp
625 1203 709 1276 ponit
728 1203 873 1277 exempla,
902 1206 936 1259 ut
990 1203 1384 1277 quelegentiumvetustats
1408 1203 1525 1259 firmata
1546 1207 1601 1270 est,
1618 1204 1722 1260 utilem
1740 1205 1817 1262 5⁸⁰

101 1301 147 1353 eet
176 1293 272 1351 illud:
302 1292 387 1358 «Qui
417 1291 565 1372 credit-in
595 1307 652 1358 me,
681 1291 759 1348 sieut
782 1292 936 1364 Scriptura
990 1291 1300 1360 essalleclesiis,dum
1317 1295 1501 1365 satagentes
1526 1291 1817 1349 audiunachristum

100 1384 193 1441 dicit:
208 1381 349 1439 Flumina
362 1382 399 1438 ds
414 1384 514 1437 ventre
540 1379 605 1452 ejus
631 1379 723 1436 fluant
751 1397 834 1453 aque
862 1380 932 1437 viva
989 1385 1146 1438 venturum
1161 1397 1226 1438 esse
1242 1397 1331 1452 quam
1347 1380 1493 1448 veniebat
1507 1384 1626 1437 eeteros
1641 1381 1817 1454 interpretes

100 1475 193 1546 (leae.
209 1488 261 1540 vn,
273 1471 333 1544 38).
347 1471 405 1526 »ut
418 1467 449 1525 in
463 1469 529 1540 ipsa
539 1484 635 1534 cruce,
646 1485 704 1539 aar,
718 1485 934 1536 sn1‚nsasaaza·
991 1486 1048 1526 non
1064 1470 1274 1543 reprobandos,
1288 1469 1358 1542 quia
1372 1485 1430 1526 non
1452 1485 1516 1536 sua,
1533 1469 1584 1525 aad
1609 1469 1707 1524 divina
1727 1468 1814 1540 νοίιι-1

102 1559 609 1632 mnsam,quodinterpretatur:«
626 1557 705 1614 Deus
732 1573 827 1626 meus,
857 1557 935 1614 Deus
990 1559 1072 1616 mina
1086 1557 1347 1625 transtulerunt,et
1362 1557 1537 1614 familiarem
1553 1558 1816 1616 msumidaGbri·

101 1645 628 1721 mens‚qaaramedereliquisti‘i»
647 1663 703 1702 non
721 1651 785 1702 rita
809 1647 935 1719 Septua-
991 1647 1087 1705 stiano
1106 1652 1135 1704 et
1156 1648 1251 1705 amico
1275 1647 1380 1716 debere
1411 1645 1571 1718 suscipere,
1595 1647 1672 1718 quod
1706 1662 1814 1720 magno

101 1739 186 1814 ginta
199 1737 333 1811 positum
348 1739 414 1792 est:
430 1757 445 1786 ι
461 1735 549 1802 Deus,
565 1734 643 1792 Deus
659 1751 753 1803 meus,
769 1734 881 1809 respice
904 1736 933 1791 in
949 1779 974 1844 B
991 1740 1111 1810 sumptu
1126 1735 1183 1793 sibi
1193 1753 1210 1792 a
1222 1735 1333 1793 iudeis
1349 1735 1515 1793 describere
1529 1734 1687 1792 festinavit.
1697 1733 1818 1792 Excessi

102 1843 162 1895 me,
190 1841 285 1899 qnare
318 1839 365 1880 me
394 1822 575 1896 dereliquisti
602 1823 688 1892 (Prot.
716 1840 776 1891 xrs,
794 1824 843 1894 il?
870 1845 884 1875 s
906 1828 935 1880 et
988 1823 1118 1899 epistole
1133 1823 1814 1896 modum,etquicontranefariamheresim¹¹

102 1915 198 1972 mnlta
211 1912 260 1970 bis
277 1911 396 1970 similia.
412 1911 470 1967 Nec
484 1911 540 1968 hoc
555 1910 682 1968 dicimus
707 1912 784 1984 quod
812 1912 934 1985 Septua·
985 1914 1050 1986 J'am
1066 1913 1176 1988 stylum
1192 1913 1383 1984 dxeram‚pro
1395 1928 1441 1967 me
1456 1911 1632 1984 respondere
1646 1910 1819 1985 compulsus

101 2003 188 2078 ginta
201 2003 377 2074 interpretes
392 1997 603 2073 suggillemus,
618 2000 668 2056 sed
684 1999 761 2073 quod
791 2000 936 2073 apostolo·
991 2019 1069 2068 sum,
1084 2006 1257 2074 exspectans
1272 2000 1329 2056 tria
1349 1999 1436 2056 amiel
1452 1998 1613 2070 volumina,
1628 2003 1657 2057 st
1683 2000 1720 2056 ad
1749 2015 1818 2058 con·

103 2108 177 2149 rum
190 2095 221 2146 st
235 2086 338 2145 Christi
354 2087 500 2160 maiorsit
520 2087 690 2154 auctoritas,
710 2087 786 2146 520
815 2092 844 2145 et
871 2089 936 2144 ubi·
990 2090 1099 2166 geriem
1114 2090 1272 2146 criminum
1288 2089 1353 2160 ejus
1368 2092 1429 2144 tota
1444 2092 1541 2145 ments
1557 2105 1740 2162 suspensus:
1758 2087 1816 2146 nisi

102 2196 228 2253 cunque
243 2177 433 2251 Septuaginta
451 2176 488 2232 ab
516 2175 635 2232 llebreo
665 2193 723 2233 non
753 2177 935 2245 discordant,
991 2176 1816 2253 quodleviusestproiessuminimicumcavsre,quam

102 2269 144 2326 ibi
160 2265 312 2341 apostolos
339 2267 375 2323 ds
402 2264 641 2338 interpretatione
670 2281 773 2322 eorum
802 2267 937 2341 exempla
992 2269 1107 2326 hostem
1122 2267 1260 2325 latentem
1276 2267 1331 2323 sub
1342 2264 1431 2322 amici
1447 2265 1565 2322 nomine
1579 2266 1736 2327 sustinere.

102 2356 293 2430 sumpsisse;
314 2354 366 2411 ubi
383 2370 451 2410 vero
475 2354 653 2428 discrepant,
683 2354 711 2411 id
742 2354 877 2427 posuisse
905 2357 937 2413 in

136 2481 145 2514 ¹
162 2479 240 2536 Puta
254 2475 482 2550 origenianam
499 2491 587 2548 qnam
612 2479 724 2543 contra,
748 2493 807 2536 non
835 2495 944 2551 paucae
963 2478 1111 2552 epistolas,
1127 2476 1188 2534 sive
1212 2473 1338 2545 libellos,
1354 2491 1406 2548 per
1427 2473 1457 2531 id
1481 2474 1621 2548 temporis
1645 2473 1814 2549 scripserat,

104 2555 133 2608 et
144 2550 252 2625 pluras
269 2548 304 2604 in
317 2547 382 2606 diss
396 2546 503 2604 cudere
518 2546 729 2604 meditabatur.

720 2843 886 2933 LIBER
928 2845 1172 2935 TERTIUS
1188 2836 1215 2928 ¹.

943 3039 995 3080 VEL

318 3169 473 3233 Uarius
495 3169 714 3234 suspensio
736 3173 771 3234 S.
793 3173 1017 3236 Hluuoarlss
1040 3173 1250 3238 ADVERSUS
1273 3171 1437 3235 scalpra
1463 3171 1611 3234 RUFlNl.

144 3438 218 3496 611
241 3437 270 3496 i.
288 3438 415 3509 Acceptis
429 3437 464 3492 nd
479 3438 537 3509 ipso
560 3437 657 3506 Rafirso
667 3437 747 3496 tibris
774 3440 937 3509 inveniens,
952 3443 974 3511 c
993 3440 1130 3497 laudibus
1144 3438 1222 3496 tuisl
1237 3438 1344 3495 liudem
1363 3438 1472 3512 quippe
1487 3441 1515 3494 et
1529 3437 1670 3511 praedicas
1685 3443 1713 3493 et
1727 3452 1819 3494 aceu⁴

108 3525 265 3598 respondet.
280 3553 316 3570 -
329 3525 427 3582 baetis
440 3525 547 3584 litteris
562 3527 724 3599 prudentie
745 3531 812 3597 tue,
829 3529 939 3601 quibus
995 3547 1054 3597 sas,
1069 3533 1098 3586 et
1120 3529 1155 3585 de
1178 3544 1236 3584 uno
1260 3527 1340 3584 iente
1360 3526 1446 3583 dulce
1468 3541 1661 3599 amarumque
1675 3525 1819 3604 procedit.

109 3612 365 3678 inmeinvebsris‚
374 3612 565 3672 etlaudstum
577 3616 726 3687 quondam
741 3620 839 3685 tuum,
850 3635 939 3690 quem
994 3617 1076 3675 Unde
1091 3617 1211 3674 obsecro
1225 3615 1517 3685 te,utverecundiem
1529 3619 1558 3671 et
1567 3615 1720 3688 pudorem,
1730 3630 1819 3686 quem

112 3717 218 3760 verum
233 3699 372 3774 eollagnm
386 3701 558 3776 loquebaris
573 3709 602 3760 et
616 3703 748 3770 tratrem,
766 3722 844 3762 nune
855 3704 940 3763 libris
993 3726 1012 3765 a
1023 3721 1070 3762 me
1084 3706 1187 3779 exigis,
1203 3703 1283 3778 prior
1294 3702 1432 3760 exhibeas
1443 3721 1450 3772 ;
1462 3707 1492 3759 et
1505 3702 1555 3774 qni
1575 3701 1721 3760 mendacii
1746 3702 1819 3758 alte-

109 3791 149 3848 ad
166 3790 403 3865 respendendnm
417 3807 568 3865 pmvocas,
584 3797 735 3866 terresque
753 3794 940 3862 criminibus,
994 3813 1061 3854 rum
1090 3794 1268 3859 criminaris,
1284 3791 1401 3848 desinas
1428 3789 1492 3863 ipse
1520 3790 1649 3849 mentiri.
1666 3791 1724 3864 Ego
1743 3788 1818 3846 nulli

105 3879 240 3938 intellexi
253 3878 328 3936 illnd
336 3878 503 3937 Salomonis
512 3879 543 3938 in
555 3885 583 3938 te
592 3897 657 3939 esse
667 3880 863 3955 completum:
881 3883 940 3942 «In
994 3883 1167 3943 scandalum
1191 3881 1276 3948 facio,
1291 3895 1347 3937 neo
1369 3883 1521 3937 accusator
1541 3879 1659 3936 interim
1680 3879 1722 3935 tui
1739 3894 1818 3936 sum.

105 3985 157 4028 ore
172 3968 256 4026 stulti
274 3967 400 4026 baculus
413 3967 599 4028 contumelias
613 3971 705 4042 (Prae.
721 3987 779 4040 xrs,
796 3971 835 4046 3).
852 3994 866 4022 n
895 3973 939 4040 st,
994 3973 1057 4030 Non
1071 3970 1180 4030 etenim
1195 3969 1359 4035 considero,
1375 3968 1445 4041 quid
1460 3971 1493 4028 tu
1510 3968 1660 4036 merearis,
1675 3968 1728 4026 sed
1747 3969 1819 4042 qnid

106 4081 122 4112 ιι
143 4059 208 4116 Non
236 4056 345 4132 recipit
373 4057 474 4115 fatuus
497 4060 587 4117 verba
614 4059 793 4133 prudentie:
822 4061 880 4118 nisi
906 4077 941 4120 ea
995 4079 1042 4118 me
1057 4060 1174 4129 deceat;
1190 4063 1220 4115 et
1233 4055 1390 4114 salvatoris
1408 4055 1556 4130 eloquium
1572 4057 1746 4130 pertimesco
1775 4057 1821 4114 di-

102 4147 226 4218 dixaris,
242 4147 525 4220 queaversantnrin
540 4148 627 4206 corde
647 4149 711 4220 ejus
741 4151 831 4222 (Prov.
857 4167 939 4217 xvrrr,
994 4150 1088 4207 centis
1112 4167 1119 4205 :
1144 4147 1228 4212 noui
1255 4143 1495 4203 scandalizaverit
1521 4161 1614 4202 unum
1643 4144 1820 4218 depusillis

101 4237 141 4308 2).
160 4257 173 4286 ι
190 4235 229 4292 Et
244 4235 359 4295 Isaiae:
376 4257 391 4286 ιι
406 4235 529 4302 Fatuus,
553 4235 659 4309 inquit,
683 4238 764 4296 latua
791 4237 939 4310 loquetur,
994 4239 1070 4308 istis,
1087 4237 1183 4311 quiin
1202 4251 1250 4292 me
1263 4234 1396 4300 credunt,
1412 4232 1543 4306 'expedit
1561 4233 1598 4299 ei,
1610 4237 1643 4289 ut
1657 4233 1820 4306 suspenda-

101 4327 131 4382 aa
143 4341 197 4382 eor
209 4324 280 4396 ejus
294 4339 372 4379 rane
385 4322 545 4396 intelliget:
565 4328 597 4382 ut
612 4325 758 4398 compleat
768 4325 940 4400 iniquitates
993 4333 1044 4385 tur
1058 4326 1137 4384 mola
1164 4323 1293 4382 asinaria
1317 4321 1347 4378 iu
1363 4320 1437 4379 eollo
1452 4323 1528 4395 ejus,
1545 4325 1573 4378 et
1587 4321 1776 4394 demergatur
1789 4321 1820 4378 in.

101 4411 411 4486 etloqnaturcontrs
424 4412 517 4470 Deam
540 4413 728 4472 mendacium
757 4416 821 4488 (isc.
848 4433 939 4486 xxxrr,
995 4417 1173 4492 protundum
1203 4411 1294 4470 maris
1323 4412 1434 4486 (ltattb
1461 4427 1543 4479 xviri,
1571 4410 1610 4478 d).
1635 4431 1649 4462 a
1679 4407 1819 4478 Saeve

99 4501 139 4572 d).
156 4525 174 4552 s
189 4495 270 4567 Quid
281 4499 363 4558 enim
377 4517 497 4559 necesse
510 4501 566 4560 suit
580 4501 775 4562 accusationis
789 4505 940 4562 volumina
995 4507 1105 4564 mundo
1120 4506 1157 4562 ab
1170 4500 1329 4561 scandalis.
1343 4501 1466 4558 Necesse
1486 4503 1531 4556 est
1553 4498 1632 4556 enim
1656 4501 1689 4556 ut
1702 4497 1821 4556 veniant

100 4589 235 4660 mittere,
250 4588 596 4664 etmaledictaproterre
617 4591 647 4650 in
677 4592 823 4664 medium3
853 4594 878 4652 si
906 4599 940 4652 tu
993 4593 1134 4653 scandala
1149 4611 1155 4650 :
1173 4592 1224 4649 sed
1249 4607 1290 4648 ve
1317 4589 1429 4648 homini
1457 4602 1510 4662 per
1536 4603 1623 4660 quern
1646 4585 1820 4644 scandalum

97 4679 129 4738 in
143 4679 259 4740 ultima
271 4682 358 4752 parts
379 4679 520 4754 epistole,
546 4681 743 4738 denuntiata¹
771 4669 864 4742 morte
892 4701 939 4741 ms
992 4682 1073 4740 venit
1087 4681 1169 4751 (leid.
1183 4680 1222 4750 7).
1241 4701 1256 4729 n
1272 4679 1406 4736 Poteram
1420 4680 1449 4734 at
1463 4692 1517 4750 ego
1531 4674 1562 4733 in
1576 4680 1604 4733 te
1619 4674 1695 4732 salsa
1713 4691 1819 4748 conge-

97 4769 250 4841 deterres,
278 4784 316 4824 ne
341 4769 466 4827 audeam
505 4771 681 4844 respondere
709 4771 851 4829 cuminus
877 4772 937 4830 imo
954 4811 977 4878 D
993 4787 1067 4840 rare,
1083 4774 1113 4827 et
1142 4767 1238 4825 dicere
1261 4783 1319 4838 ms,
1333 4765 1379 4824 vel
1403 4766 1534 4835 audisse,
1548 4766 1593 4822 val
1619 4764 1736 4831 vidisse,
1755 4778 1819 4835 que

136 4929 147 4964 ¹
165 4925 245 4984 Edd.
261 4927 400 4987 Martiae.
417 4934 446 4987 et
460 4927 584 4985 Vallars.
601 4928 648 4986 bie
663 4927 773 4986 habent
796 4930 937 4988 titulum:
992 4930 1114 5003 Epistola
1132 4928 1293 4998 Hieronymi
1321 4925 1451 4982 moereas
1479 4925 1611 4995 Rufinam
1627 4893 1820 4996 presbyteram

97 5000 208 5074 recipie
224 5000 328 5084 altiora
342 5002 482 5086 respersio
497 5002 605 5084 Hieme
625 5001 668 5056 nai
679 5002 939 5074 presbytericdver-
991 5003 1213 5066 Auiteienscm;
1228 4997 1286 5065 vel,
1315 4997 1498 5078 Hieronymrq
1522 4995 1558 5051 ed
1581 4993 1822 5075 Aletiumecribit

96 5089 146 5128 aare
165 5079 278 5143 scriptu
295 5072 388 5143 Rufini
412 5073 576 5146 presbyten.
606 5017 685 5128 ἓυιτ.
716 5101 751 5112 -
779 5073 941 5200 Ηίενοπῖἱιηί
992 5019 1122 5130 aequoreas
1136 5067 1390 5151 Rufinamltxbrs
1419 5066 1671 5148 omnibuslverum
1698 5064 1818 5120 titulum

95 5143 274 5216 presbyteri.
292 5144 324 5199 ln
340 5159 412 5199 mss.
428 5142 645 5216 exemplaribus
668 5149 696 5198 S.
721 5143 851 5200 audoeni
909 5162 939 5201 o·
993 5146 1090 5218 operis
1113 5156 1323 5215 separavimus,
1348 5139 1421 5194 l'alsa
1445 5137 1480 5194 de
1495 5137 1582 5193 Aletes
1606 5139 1817 5208 amputantes:

95 5213 333 5287 tbnmngensis:
349 5215 648 5287 incipitodversuseoe
671 5214 785 5286 (libros)
811 5223 872 5287 post
899 5217 941 5272 te·
993 5219 1199 5291 argumentum
1224 5215 1322 5268 autam
1335 5208 1449 5266 lirasmi
1478 5208 1623 5281 integrum
1654 5206 1819 5280 relinquere

95 5289 228 5342 αἰοιιεηι
243 5285 346 5341 mmo
359 5289 507 5359 respersio.
518 5285 725 5344 luderbeiensi
742 5287 860 5343 codices
877 5289 940 5344 ilie·
992 5289 1088 5344 visum
1103 5292 1156 5353 est,
1170 5283 1316 5357 quierem
1333 5281 1404 5338 satis
1419 5280 1506 5336 babet
1526 5279 1711 5353 explicatam.
1727 5281 1818 5336 Mean.

95 5357 219 5430 reaymi
233 5357 391 5429 presbyten·
404 5357 648 5430 adsersusscriptc
666 5357 762 5430 Rufini
786 5359 941 5433 presbyteri
1028 5358 1166 5420 'Deleta
1187 5361 1220 5411 ut
1246 5354 1372 5419 uidetur,
1389 5351 1575 5409 accusatione
1604 5353 1640 5408 ad
1663 5351 1819 5424 magistra-

95 5429 229 5486 iaeecce'e
242 5429 353 5500 incipit.
370 5427 613 5487 cluniacensiset
637 5429 812 5485 Navarricus
838 5429 941 5503 legunt
993 5437 1068 5487 turn.
1099 5429 1181 5485 Unde
1210 5425 1287 5482 intra
1304 5443 1310 5481 :
1329 5425 1463 5480 «Terras
1492 5439 1539 5479 me
1567 5423 1674 5497 gladiis
1699 5422 1820 5488 tuis.et

96 5501 157 5558 ista
167 5505 322 5572 tanquam
335 5499 502 5571 epistolam,
513 5501 574 5558 sive
585 5501 692 5558 librum
702 5500 846 5574 prolixum
859 5519 941 5578 sepa·
994 5500 1211 5559 accusationem
1228 5513 1287 5553 non
1298 5497 1362 5568 jam
1379 5495 1680 5574 ecclesiastieam‚sed
1690 5493 1820 5552 tribuna·

95 5575 202 5630 mans
221 5571 572 5646 superioribus3ethano
596 5572 724 5631 retinent
735 5571 914 5649 epigraphen
930 5591 938 5630 :
992 5573 1066 5631 lium
1079 5567 1284 5628 comminaris.
1305 5589 1319 5618 a
