4096 6164
150 255 217 327 nr¹
757 246 1258 334 coaceruanturque
1797 261 1862 343 aa

149 395 664 471 edsmimcssuspiciooesdugers:
685 413 722 455 nc
749 398 829 472 quod
858 398 980 455 samnito
992 397 1155 468 A-dilnere,
1172 398 1269 456 ncilla
1292 399 1367 456 mibi
1394 398 1499 458 iecisse
1523 399 1675 471 putaretur
1704 399 1867 474 injuriam..

146 485 277 554 leriam,
292 484 434 542 consulto
450 485 545 542 iacere
566 489 730 559 poteretur.
746 487 828 544 Unde
853 491 882 544 et
908 486 985 564 'lul--
1033 487 1098 544 Hac
1112 504 1167 545 vox
1182 505 1236 545 nec
1248 487 1377 547 bominis
1391 492 1446 560 est,
1462 505 1515 546 nec
1531 487 1568 545 ad
1583 488 1745 558 bominem,
1757 494 1866 565 aperto.

147 575 207 634 lios
231 574 262 632 in
290 574 516 632 Commentariis
545 591 703 632 causarum
741 592 817 650 pro·
835 574 977 634 Gabinio:
1033 577 1160 634 amioum
1177 579 1284 650 petere,
1300 576 1538 648 etcrimioaejus
1558 571 1768 651 suspersam
1792 578 1857 638 lau·

147 688 162 714 a
179 665 241 738 ligo
255 686 273 715 a
287 662 394 735 inquit,
404 679 474 720 cam
488 679 591 722 omnes
601 663 748 722 amicitias
762 665 891 722 tuendas
904 679 980 722 sem·
1034 666 1144 722 datoris
1158 681 1322 738 exponere:
1338 664 1423 723 atilli
1443 682 1480 722 ne
1502 665 1557 722 hoc
1586 665 1704 738 quidem
1730 667 1857 727 liberum

148 767 207 826 par
218 752 318 826 putavi
331 750 605 825 summereligione
619 757 650 810 et
662 752 732 822 ilde,
748 757 822 810 tum«
837 769 887 810 ees
916 768 979 810 ma·
1033 752 1208 821 derelinqui,
1224 758 1256 812 ut
1269 770 1300 810 ss
1314 753 1491 812 catholicum
1502 753 1648 827 probabat
1657 753 1856 818 laudationem

150 843 238 900 xime
246 840 780 914 qaeessentexinimicitiisrevocata
794 839 825 898 in
833 842 978 914 gratiam
1034 841 1171 906 heretici,
1185 841 1303 914 quenti
1318 842 1464 916 objicitur,
1481 858 1539 899 non
1561 842 1598 900 dc
1620 858 1743 902 assumo
1769 841 1858 902 hero·

153 935 308 1004 propterca
318 929 396 1002 quod
409 928 532 1003 integris
542 929 680 988 amicitiis
692 930 836 986 *officium
861 937 979 1004 prater·
1034 946 1111 999 scos,
1127 931 1178 987 sed
1193 931 1231 986 de
1243 929 1355 1004 ingenii
1368 931 1515 991 exstitisse
1525 929 1718 991 admiratione
1744 947 1861 1006 respon·

153 1020 290 1086 missum,
303 1017 509 1091 imprudentis
522 1017 578 1075 vel
597 1019 641 1090 (ut
653 1071 657 1076 .
667 1017 786 1092 gravius
807 1019 980 1090 interprete·
1034 1020 1112 1076 deat.
1127 1017 1280 1076 Placuerat
1294 1017 1405 1088 ei„sive
1420 1024 1453 1075 ut
1466 1019 1530 1092 ipse
1558 1017 1622 1076 vult
1645 1019 1749 1089 videri,
1780 1035 1856 1078 com·

150 1108 232 1177 mur)
255 1105 442 1179 negligentis
465 1105 652 1164 mcumtione
684 1107 872 1177 detenditur;
915 1111 983 1180 post
1034 1106 1139 1181 pulsus
1167 1113 1229 1164 erat
1248 1107 1278 1163 in
1305 1107 1440 1166 Latinam
1468 1107 1596 1178 linguam
1623 1111 1748 1174 vertere,
1782 1108 1864 1180 qued

148 1195 281 1253 reditum
294 1194 477 1268 ingratiam,
501 1194 528 1252 si
555 1195 627 1268 quid
649 1200 695 1253 est
717 1196 922 1264 commissum,
950 1194 986 1250 ic
1034 1189 1161 1252 nolebat.
1176 1196 1446 1262 Quidnsccsseluit
1460 1212 1508 1254 me
1529 1195 1680 1266 latentem,
1717 1199 1747 1256 et
1760 1198 1861 1256 tantis

148 1301 208 1342 non
239 1282 418 1357 neglectum,
447 1285 498 1342 scd
522 1283 664 1342 violatum
691 1289 836 1358 putatur:
857 1283 980 1340 necim-
1036 1285 1126 1342 maris
1148 1289 1242 1358 atquc
1266 1289 1411 1342 terrarum
1439 1284 1566 1344 divisum
1595 1284 1698 1360 spatiis
1733 1285 1861 1344 inserere

148 1371 329 1446 pudentia,
341 1372 393 1428 sed
409 1371 537 1445 pertidia
552 1372 698 1447 assignari
720 1373 805 1430 solet.
817 1395 832 1424 a
860 1372 981 1430 Flaccus
1034 1373 1188 1446 quaestioni
1198 1374 1212 1429 ‘l
1223 1389 1368 1446 opponere
1382 1373 1498 1429 invidis
1514 1372 1726 1447 plurimorum,
1742 1377 1777 1430 ut
1795 1372 1862 1446 plus

149 1459 293 1518 Horatius
308 1476 427 1533 quoque
441 1459 471 1516 in
486 1459 617 1534 Epistola
630 1476 721 1533 quem
736 1460 837 1518 scribit
851 1460 887 1518 ad
913 1459 981 1518 Flo·
1034 1461 1108 1517 mihi
1118 1460 1265 1518 laudando
1284 1467 1411 1530 noceret,
1423 1478 1514 1534 quam
1530 1461 1587 1520 sibi
1604 1462 1757 1535 prodesset
1768 1477 1862 1518 excur-

150 1567 238 1607 rnm:
254 1549 338 1616 nate,
353 1551 406 1617 cit,
430 1555 509 1606 eoric
533 1549 631 1608 Gratia
643 1558 647 1576 ³
658 1550 845 1623 nequidquam
872 1550 942 1619 coitp
956 1553 984 1604 ct
1035 1549 1107 1623 plot
1122 1550 1205 1606 Nunc
1221 1565 1336 1622 quoque
1351 1549 1516 1622 quiarenui
1530 1547 1725 1618 laudatorem,
1736 1553 1864 1606 etverso

150 1639 334 1696 rescinditur.
1032 1637 1108 1712 stylo
1123 1637 1208 1695 docui
1223 1655 1269 1696 me
1285 1653 1433 1702 non-csse.
1449 1639 1528 1711 quod
1555 1653 1641 1696 meus
1678 1637 1863 1696 necessarius

185 1733 215 1786 2.
231 1729 369 1796 numos,
399 1728 524 1800 Ονίρσκίε
551 1730 698 1801 interpres,
727 1732 754 1785 ct
772 1729 987 1786 emarcescet
1035 1725 1213 1799 predicavit,
1240 1725 1348 1784 dicitur
1374 1726 1482 1793 lurers,
1510 1731 1540 1783 et
1561 1727 1642 1784 tres¹
1668 1731 1771 1784 contra
1815 1741 1864 1782 mc

154 1819 323 1875 Victorinus.
340 1817 401 1873 Trcs
422 1817 490 1873 libri
520 1818 621 1890 Rufini.
638 1849 671 1860 -
699 1817 773 1882 Quid
799 1817 873 1876 mibi
903 1833 984 1874 nuuc
1036 1814 1294 1873 librosvannstatc
1308 1815 1685 1886 Atticetcxuiss03eadcm
1708 1831 1863 1882 accusans,
1885 1845 1900 1868 1

151 1907 286 1980 prodest,
299 1905 378 1979 quod
403 1903 576 1979 simpliciter
598 1922 712 1963 errasse
733 1922 765 1964 se
780 1906 887 1978 jurati
910 1906 982 1962 licce
1036 1920 1100 1977 que
1115 1906 1182 1960 ante
1197 1903 1378 1973 laudaverat,
1394 1907 1424 1960 et
1435 1903 1579 1976 objiciens
1604 1904 1678 1962 mihi
1705 1903 1736 1963 in
1765 1909 1863 1960 trans-

153 1993 337 2066 obiicinntur
363 1993 438 2050 mihi
468 1994 571 2052 laudes
594 1995 670 2068 ejus,
699 1999 731 2051 ct
755 1993 872 2052 crimini
897 1994 985 2052 datur
1036 1991 1144 2050 latione
1158 1991 1581 2067 Origcnisnciariadogmata,
1596 1993 1631 2050 de
1647 2009 1705 2066 quo
1738 1992 1768 2050 in
1791 1992 1865 2048 Prai-

157 2081 367 2156 simplicissimi
382 2081 481 2150 amici,
497 2098 556 2138 non
570 2080 706 2154 simplex,
722 2097 776 2140 nec
791 2098 874 2156 pura,
885 2082 985 2140 lauda·
1037 2081 1386 2140 ratiunculalaudetionis
1401 2098 1460 2138 sus
1473 2081 1605 2138 dixerat:
1621 2104 1636 2132 «
1651 2082 1765 2155 Sequar
1779 2097 1865 2154 regu·

156 2173 212 2228 tio.
230 2171 278 2228 Sic
291 2170 492 2228 auctoritatem
506 2187 560 2228 suo
573 2171 654 2244 operi
670 2171 986 2244 pertimescebas
1036 2169 1096 2228 lem
1122 2185 1344 2242 precessorum,
1365 2175 1395 2226 et
1421 2169 1486 2242 cius
1510 2169 1654 2244 precipue
1681 2169 1748 2238 viri,
1776 2171 1864 2244 cuius

154 2268 246 2334 qnos‘
262 2263 437 2330 sequoretur
456 2258 619 2327 ostendere,
644 2258 748 2318 babuit
775 2259 805 2314 in
845 2263 985 2332 promptu
1037 2260 1174 2332 superius
1188 2258 1312 2316 lecimus
1327 2259 1506 2316 mentionem
1523 2276 1530 2314 :
1547 2260 1598 2332 qui
1624 2276 1693 2316 curn
1716 2260 1794 2318 ultra
1817 2278 1863 2316 so·

155 2347 303 2406 Hilarium
332 2347 545 2416 confessorem,
573 2348 623 2420 qui
655 2347 852 2422 qnadraginta
892 2348 985 2404 terme
1038 2346 1321 2422 ptuagintalibellos
1336 2347 1480 2422 origenis,
1502 2365 1577 2422 quos
1605 2347 1788 2406 Homilitioos
1811 2367 1861 2420 ap·

156 2435 254 2494 millia
281 2450 425 2494 ramnum.
444 2435 578 2508 Origanis
605 2437 636 2492 in
678 2435 734 2493 eon
781 2441 818 2494 et·
852 2435 985 2494 Psalmos
1038 2434 1167 2510 pellavit,
1183 2436 1352 2509 aliquantos
1367 2436 1502 2494 etiamde
1521 2435 1610 2494 tomis
1630 2437 1660 2494 in
1686 2435 1864 2509 Apostolum

154 2523 321 2583 transtulit.
336 2523 447 2582 Habuit
459 2523 663 2595 umbrosum,
678 2525 766 2597 cujus
780 2541 854 2598 pene
882 2539 987 2582 omnes
1038 2524 1167 2599 scripsit,
1183 2524 1385 2583 transtulisset
1399 2524 1430 2582 iu
1444 2525 1599 2596 Latinum
1614 2525 1646 2584 in
1668 2519 1776 2598 quibus
1792 2542 1865 2588 cunr,

156 2613 332 2685 immissius
346 2612 533 2670 sermonibus
545 2612 625 2686 piem
657 2618 745 2672 suot:
766 2618 798 2670 et
825 2617 987 2686 martyrem
1038 2613 1383 2688 aliquantaotlcndicula
1415 2613 1604 2672 inveniantur
1630 2611 1666 2670 io·
1683 2613 1792 2685 tiraeco,
1820 2615 1864 2677 ita

156 2701 353 2780 Victorinum,
367 2702 418 2774 qui
432 2700 652 2784 simplicitatem
668 2717 754 2762 suem
768 2701 799 2760 in
809 2719 844 2760 eo
870 2702 984 2775 probet,
1038 2703 1169 2761 elimavit
1183 2704 1283 2762 omnia
1297 2703 1516 2776 interpretando
1535 2706 1625 2776 atquc
1652 2703 1798 2776 purgnvit,
1831 2710 1863 2761 nt

155 2792 230 2848 dom
241 2789 316 2848 nulli
332 2790 455 2847 molitur
469 2789 603 2847 insidias.
618 2795 658 2848 Dc
672 2790 720 2848 his
734 2790 874 2848 omnibus
897 2793 984 2858 tacet,
1038 2792 1112 2850 nihil
1124 2793 1154 2850 in
1170 2791 1230 2850 illis
1244 2792 1323 2865 quod
1338 2809 1358 2848 a
1370 2791 1427 2848 fide
1443 2800 1545 2850 nostra
1558 2792 1715 2866 discrepet,
1741 2791 1865 2856 Latinus

156 2885 195 2949 et,
224 2879 313 2954 qussi
341 2878 487 2936 columnis
519 2878 653 2936 Ecclesiu
689 2878 906 2953 pretermissis,
937 2894 985 2936 mo
1038 2881 1284 2940 lectorinveniat.
1300 2881 1384 2938 Hunc
1402 2896 1478 2960 vergo
1505 2881 1594 2938 stiam
1618 2897 1682 2948 nos,
1710 2879 1779 2937 licet
1803 2899 1860 2938 non

157 2969 258 3026 mlum
287 2967 414 3041 pulicem
440 2973 470 3024 et
495 2967 579 3024 nibili
608 2967 757 3028 hominem
772 2985 833 3042 5psr
861 2967 987 3042 angulos
1038 2969 1212 3043 eloquentis
1239 2970 1362 3036 viribus,
1388 2968 1549 3043 discipline
1578 2972 1676 3028 umen
1694 2967 1805 3042 regulis
1835 2969 1864 3038 in

156 3061 355 3116 mnsectatur.
386 3056 450 3114 Nisi
472 3056 546 3114 sorte
569 3058 672 3114 eadem
698 3057 897 3131 simplicitate,
928 3073 986 3129 qua
1042 3063 1369 3133 quantumpossumus,
1385 3059 1549 3130 sequimur.

155 3148 286 3204 amicum
301 3145 592 3216 nesciusaccusavit,
607 3145 674 3204 illos
688 3147 840 3220 ignorasse
855 3133 1022 3219 saturati}
1075 3151 1102 3204 l.
1131 3148 1208 3206 lidos
1236 3149 1358 3206 Romano
1386 3146 1587 3204 erectiorem
1622 3155 1672 3206 art.
1710 3178 1744 3190 -
1784 3152 1866 3204 certa

155 3236 192 3292 St
206 3234 311 3308 quiesi
326 3235 427 3292 credat
438 3235 500 3294 viro
512 3235 726 3303 eruditissimo,
749 3241 779 3292 et
793 3236 845 3308 qai
868 3237 984 3292 tentum
1038 3238 1099 3294 bec
1114 3237 1195 3296 illius
1220 3237 1309 3294 verba
1335 3241 1415 3305 suot,
1441 3253 1548 3311 negare
1573 3252 1633 3294 non
1662 3240 1764 3310 potest.
1798 3237 1864 3310 lpsa

157 3323 268 3382 habeat
292 3325 446 3383 mandam
474 3324 651 3398 scriptorum
676 3330 820 3392 veterum,
859 3323 984 3381 maxime
1038 3327 1107 3401 styli
1130 3325 1326 3400 elegantiori
1355 3341 1451 3384 sermo
1475 3325 1799 3400 compositus,quotquc
1815 3325 1861 3384 bis

157 3413 471 3480 uncorumutuom
487 3414 798 3486 peregrinasectatur‚
828 3428 902 3486 pene
930 3429 985 3470 sua
1039 3415 1296 3488 maq'usestmi
1325 3413 1500 3488 simplicitas
1529 3413 1704 3482 Christiana,
1737 3413 1865 3470 auctoris

161 3501 315 3557 amiserit:
341 3503 418 3575 qnod
439 3501 649 3560 recentissima
674 3501 823 3560 memorie
855 3502 933 3558 viros
956 3503 986 3558 et
1038 3504 1085 3562 sui
1102 3503 1451 3576 charactercmprobant.
1466 3501 1552 3560 Aliud
1568 3506 1622 3570 est,
1643 3501 1668 3558 si
1693 3501 1750 3558 ista
1775 3502 1861 3558 Euso-

163 3587 766 3664 Latinosncscistilisquoapparotnon
783 3595 844 3648 tem
872 3606 919 3647 me
947 3590 986 3646 ab
1038 3593 1105 3650 bius
1122 3592 1298 3666 depravavit,
1320 3596 1350 3648 ct
1377 3594 1529 3648 accusator
1552 3589 1718 3662 Origcnisi,
1747 3591 1865 3662 meique

161 3677 370 3736 eclmdrtnm.
386 3695 478 3752 quarn
494 3678 630 3736 iltcanon
659 3683 832 3738 accusatos:
863 3684 898 3735 ut
924 3678 985 3736 sive
1039 3681 1202 3752 studiosus,
1218 3681 1247 3737 in
1263 3677 1737 3752 unoeodemqueopcrcetillum
1759 3683 1787 3733 st
1817 3693 1863 3736 mc

155 3767 227 3824 laris
242 3765 295 3824 illa
310 3769 412 3839 catini
439 3767 539 3824 stultis
563 3769 741 3841 persuadere
762 3768 895 3840 conatur)
924 3766 984 3824 siva
1038 3769 1081 3826 val
1095 3785 1219 3836 errasse,
1234 3768 1278 3825 vel
1306 3768 1380 3826 bane
1408 3767 1537 3824 sensisse
1563 3769 1689 3828 testatus
1714 3769 1768 3823 cst.
1799 3766 1862 3824 Non

153 3855 433 3930 mensatimutcgo
453 3870 488 3914 es
515 3855 648 3913 vrrlneris
669 3858 730 3916 mci
750 3856 850 3914 dolore
878 3857 983 3924 sentio,
1038 3861 1281 3930 potestmcnnnc
1297 3855 1434 3912 inimicus
1447 3855 1615 3913 hereticum
1635 3855 1743 3924 dicere,
1774 3871 1862 3928 quern

154 3946 254 4003 necin
270 3944 360 4002 laudo
372 3945 511 4004 haberem
525 3944 684 4018 aequalium
711 3945 847 4020 gloriam,
875 3961 929 4004 nec
953 3946 984 4002 in
1039 3946 1197 4004 ofidesua
1225 3945 1337 4002 dudum
1358 3960 1415 4002 non
1444 3945 1608 4018 discrepare
1637 3945 1775 4018 prelatus
1808 3949 1864 4003 ost.

155 4034 539 4108 ritspmtionssolntium.
1039 4034 1192 4108 Simulque
1211 4038 1241 4091 st
1261 4033 1317 4090 hoc
1345 4033 1381 4090 ab
1411 4050 1444 4090 eo
1472 4049 1581 4107 quero,
1611 4033 1682 4106 quid
1717 4033 1773 4091 sibi
1798 4031 1868 4090 velit

189 4125 218 4180 3.
243 4123 348 4181 Teneo·
365 4123 504 4197 epistolas
530 4128 653 4192 verbus,
678 4124 788 4198 quibus
814 4129 984 4182 accusatum
1039 4141 1135 4182 sermo
1146 4124 1316 4180 moderatus
1326 4127 1355 4180 et
1369 4123 1500 4179 dubius?
1515 4121 1605 4192 Nihil,
1621 4121 1730 4193 inquit,
1755 4115 1868 4178 inillis

155 4211 432 4282 masaribitisesse,
458 4219 487 4270 et
511 4212 671 4272 hortamini
699 4213 780 4272 dot)
808 4216 842 4270 ut
868 4229 986 4286 respon·
1039 4213 1116 4287 quod
1132 4213 1218 4270 elide
1232 4210 1499 4283 nostradlscrepet,
1516 4209 1641 4268 Latinus
1668 4208 1757 4265 lector
1786 4208 1865 4264 inve,

158 4301 533 4366 demcmminabtimcsi
562 4303 718 4368 tacuerim,
746 4302 846 4360 videar
874 4301 984 4358 crimen
1039 4303 1108 4360 niet.
1127 4302 1432 4372 Sidemsuamqnam
1456 4298 1563 4358 vocati
1590 4297 1698 4356 Sarum
1721 4312 1780 4371 qua
1810 4299 1866 4352 lto·

156 4406 329 4464 egum
345 4391 390 4448 Ad
407 4405 482 4464 quas
496 4391 647 4465 respondi,
667 4391 777 4448 ietsor:
794 4396 823 4448 et
851 4390 985 4464 quemvis
1040 4408 1128 4450 mana
1141 4389 1232 4464 pollet
1246 4387 1398 4447 llcclesie‘l
1411 4405 1448 4446 an
1464 4387 1556 4456 illam,
1585 4403 1649 4460 qus
1674 4385 1703 4442 in
1730 4383 1865 4460 Origcnia

154 4479 259 4550 lesus,
269 4479 462 4538 sicamicitirc
471 4480 675 4552 jurasersavi,
691 4484 724 4537 ut
738 4491 787 4538 me
808 4480 872 4538 sine
899 4495 986 4538 accu·
1000 4502 1024 4569 D
1039 4479 1239 4538 voluminibus
1250 4477 1416 4536 continetur
1432 4477 1481 4533 lsi
1491 4477 1653 4534 itomanam
1669 4473 1863 4550 responderit,

153 4569 253 4626 notis
273 4569 462 4626 accusatione
487 4569 694 4637 defenderam
724 4573 754 4626 et
795 4570 876 4642 qnod
909 4585 987 4626 unus
1040 4566 1263 4642 ergocatbolici
1280 4583 1394 4636 somus,
1410 4563 1745 4640 quinihildctlrigenie
1765 4579 1864 4620 errore

154 4657 390 4715 Somamicns
412 4659 611 4730 objecerat,a
639 4657 744 4715 multis
774 4657 890 4716 inloto
918 4659 987 4716 orbe
1041 4657 1259 4714 transtulimus.
1280 4655 1333 4713 Sin
1355 4659 1455 4714 nutem
1492 4654 1630 4728 Origenis.
1670 4651 1867 4726 blasphemie,

153 4745 289 4804 inimicis
311 4746 439 4804 dicerem
454 4747 634 4820 jactitatum,
661 4749 695 4802 ut
722 4763 780 4803 non
803 4747 918 4804 viderer
935 4747 986 4803 ho·
1040 4744 1204 4803 ildesillius
1235 4748 1297 4802 cst:
1327 4745 1399 4800 dum
1421 4743 1494 4800 mihi
1517 4741 1723 4800 inconstantis
1752 4739 1864 4795 crimen

154 4831 243 4904 mini,
257 4834 309 4892 scd
326 4831 500 4893 criminibus
515 4835 702 4908 respondere.
719 4835 807 4891 blind
822 4839 877 4907 est',
894 4835 920 4892 si
935 4849 987 4908 pro
1040 4834 1189 4908 impingit,
1205 4848 1236 4890 ee
1250 4832 1420 4890 hereticum
1442 4832 1557 4906 probat.
1579 4831 1650 4888 Sive
1674 4830 1752 4885 bene
1775 4827 1869 4883 credit

150 4926 223 4997 jore
243 4921 380 4982 ammittas
404 4921 560 4984 accusatus
591 4929 686 4982 tacere
707 4923 807 4992 debui,
850 4927 879 4982 ct
915 4925 987 4982 dum
1041 4923 1178 4981 laudator
1191 4937 1285 4991 meus,
1312 4920 1496 4978 confessione
1520 4935 1575 4977 sua
1604 4934 1649 4974 mc
1677 4915 1804 4973 assumit
1833 4915 1863 4970 in

152 5012 285 5070 lutatam
299 5013 394 5072 babeo
406 5013 510 5072 inciam
522 5015 543 5081 ¹,
559 5018 657 5086 utque,
674 5014 763 5070 utita
776 5013 883 5080 dicem,
899 5012 986 5072 here·
1041 5013 1173 5080 socinm;
1191 5009 1251 5067 sive
1272 5009 1359 5077 male,
1376 5007 1504 5067 ostendit
1519 5025 1566 5066 mc
1586 5007 1651 5064 ideo
1676 5009 1742 5062 ante
1769 5003 1871 5065 leudt-

153 5103 324 5162 ticolctcro
342 5111 543 5178 conspersam,
571 5116 608 5160 ne
627 5101 754 5177 simplici
767 5101 885 5176 quidem
910 5117 988 5175 aqna
1041 5107 1117 5174 tum,
1146 5100 1217 5174 qnia
1243 5098 1416 5173 participem
1435 5098 1482 5156 sni
1509 5097 1633 5171 putabet
1660 5091 1797 5152 corroris.
1813 5091 1870 5150 Sed

195 5299 378 5380 J‘Victorius,
395 5301 513 5359 tutatum
528 5300 562 5358 ot
590 5315 621 5358 cc
639 5301 750 5428 ΕΜ,
784 5299 895 5361 scilicet
927 5299 986 5360 iiu-
1076 5297 1250 5370 ’Supererat
1275 5295 1435 5354 hodienum
1469 5297 1549 5354 tres:
1576 5292 1605 5352 ia
1646 5307 1773 5366 qnorum
1813 5287 1869 5348 bn.-

156 5373 330 5518 mpsim
343 5373 634 5518 meriwido
649 5443 987 5518 Crescentsphilosopbo
1043 5442 1151 5498 Vitam.
1327 5509 1333 5520 ,
1692 5507 1697 5520 .
1854 5501 1858 5512 Ι

154 5515 292 5590 scripit,
316 5515 396 5592 qaod
423 5517 546 5574 totamm
566 5513 705 5574 babuerit
741 5515 858 5588 taciem,
893 5532 989 5596 caque
1077 5511 1236 5570 ³llortasss
1246 5509 1465 5570 rescribendum
1476 5513 1531 5582 ost,
1560 5508 1644 5568 Atict
1671 5524 1696 5568 ει
1724 5511 1868 5578 mercator,

156 5593 280 5678 propter
294 5587 422 5669 saplenti
435 5581 614 5650 indecoram.
1044 5583 1184 5667 anemis,
1200 5584 1256 5662 ⁰2⁰0

665 5371 835 5447 leronymus
873 5372 988 5430 videtur
1042 5371 1332 5428 heudaestnumero
1360 5363 1491 5440 Spistole
1517 5365 1554 5422 ad
1579 5363 1781 5422 Anactorium·
1798 5358 1868 5424 line
