4064 6158
233 319 302 386 867
861 319 893 382 S.
916 313 1072 385 adsueti
1092 309 1315 384 eleachim
1848 321 1901 393 hii

233 451 303 512 ¹lilia
317 453 353 509 ad
370 467 459 524 quam
474 450 545 510 alibi
560 447 667 510 dicitur
683 474 697 503 »
714 469 721 509 ι
737 450 851 522 tectore,
875 455 1062 525 steriliaque
1074 455 1104 522 Α
1118 455 1188 526 ipse
1203 470 1285 526 equo
1299 453 1398 510 animo
1413 453 1563 525 patiantur
1576 453 1762 528 virginitatem
1776 455 1827 513 sihi
1839 475 1900 530 prs-

240 557 296 598 acrr
307 541 396 614 poris,
418 558 532 614 erumpe
559 544 696 611 etciama,
713 558 775 616 quae
785 559 841 599 aon
852 534 985 614 portaris,
996 557 1061 612 quc·
1116 542 1196 598 torri.
1213 543 1242 598 Si
1257 543 1335 598 enim
1350 541 1417 597 illas
1432 559 1498 598 sera
1512 542 1724 616 pudicitiapost
1737 545 1905 616 despumatas

243 632 322 687 aiam
337 631 418 688 malti
427 632 482 702 dlii
492 631 604 688 deame
617 634 705 704 mcqir
718 649 802 705 qaam
826 633 882 704 ejus
909 647 972 702 quor
985 631 1065 688 habet
1118 631 1247 702 corporis
1262 631 1426 704 voluptates
1442 631 1528 704 erigit
1540 635 1640 687 contra
1654 632 1794 688 maritatas
1807 632 1907 706 [Atma-

241 723 336 776 virom
350 719 412 792 (iso.
427 737 481 788 arv,
499 720 535 792 1).
552 721 611 777 Ista
624 729 666 777 est
689 721 724 777 de
748 738 807 793 qua
829 736 881 793 per
905 720 1063 776 Jeremiam
1118 718 1210 790 ritas],
1223 735 1275 774 cur
1289 735 1348 775 non
1364 719 1439 774 inira
1452 724 1620 792 perpetuam
1635 723 1792 777 castitatem
1805 737 1862 778 esse
1883 741 1909 780 se

245 807 376 880 loquitur
389 807 477 876 Deus,
501 809 602 866 diceas
619 827 625 864 :
641 810 771 882 Nuaqaid
794 810 965 866 obliviscetur
982 823 1062 880 speo-
1118 807 1279 863 noverint?

244 914 276 953 so
287 899 445 954 ornamenti
464 899 518 965 rai,
547 903 596 954 aut
619 901 695 970 cirpc
719 901 816 970 [asciae
835 898 980 971 pecoralis
1006 913 1064 952 saa
1153 896 1198 951 3l.
1214 897 1325 953 Leviora
1350 905 1484 969 precepto
1507 897 1571 953 doto
1598 899 1662 954 rudi
1688 899 1773 954 adbuc
1790 901 1908 958 acuam.

245 986 353 1056 (laem.
371 1003 401 1054 11,
416 986 462 1055 32)
476 986 490 1041 i
504 987 545 1043 De
559 987 613 1043 hao
627 987 658 1042 in
673 986 774 1044 eadem
787 987 941 1060 prophetia
954 987 1065 1059 grande
1117 985 1288 1040 electionum
1302 1003 1390 1041 curua
1405 989 1499 1042 uode.
1517 988 1631 1058 Oii'eaeio
1653 989 1783 1043 motorum
1802 989 1846 1056 rat,
1866 1005 1911 1046 aar

245 1074 421 1132 miraculum
436 1079 491 1146 est,
505 1075 575 1148 quia
590 1076 698 1132 semina
712 1076 937 1131 circumdederit
957 1075 1063 1142 virum,
1119 1074 1260 1130 honorum.
1278 1075 1379 1130 Vitium
1397 1077 1541 1146 ammaoni
1565 1078 1595 1131 in
1618 1077 1744 1132 Ecclesia.
1773 1078 1914 1147 offirmare

245 1163 323 1222 28⁰
338 1167 366 1221 et
380 1164 578 1221 universitatis
592 1169 743 1237 parentem
761 1164 883 1238 virginis
906 1167 1006 1221 venter
1020 1163 1065 1218 in·
1118 1164 1241 1231 aomina,
1257 1179 1312 1220 non
1327 1166 1498 1221 awritomm.
1509 1195 1544 1204 -
1559 1188 1573 1214 a
1590 1166 1718 1231 Frustra,
1742 1165 1841 1237 inquit,
1862 1165 1913 1220 hee

245 1251 373 1309 cluserit.
666 1232 670 1255 ¹
1118 1251 1258 1324 loqueris,
1276 1253 1345 1324 quia
1359 1257 1388 1309 et
1402 1252 1529 1326 episcopi
1542 1257 1571 1308 et
1591 1254 1748 1326 presbyteri
1762 1257 1790 1309 et
1802 1254 1913 1310 diaconi-

281 1343 325 1397 33.
341 1343 472 1398 ueremur
490 1344 575 1415 oirpo,
603 1345 662 1416 ejus
684 1345 843 1417 priuitcpio.
874 1346 970 1400 Veram
999 1352 1065 1399 tcm-
1120 1341 1399 1412 uniusuxorisviri,
1415 1346 1443 1398 et
1466 1339 1608 1398 hahentes
1634 1342 1719 1410 filine,
1742 1342 1777 1398 ah
1798 1341 1915 1414 Apostoli

242 1429 322 1501 piam
337 1431 559 1503 uei,qo0d·t-
576 1455 587 1482 ι
604 1432 684 1498 Esto,
708 1432 815 1505 inquit,
844 1432 1014 1505 nuptiarum
1038 1435 1067 1487 et
1119 1428 1339 1486 constituuntur
1351 1432 1372 1485 ².
1390 1453 1403 1478 a
1419 1430 1569 1497 Quomodo
1584 1431 1620 1487 de
1633 1430 1794 1504 virginibus
1807 1432 1913 1502 Aposto-

246 1519 423 1592 virginitatis
438 1520 477 1576 sit
491 1520 607 1577 diversa
619 1521 759 1588 conditio,
776 1520 847 1592 quid
863 1520 899 1576 ad
914 1519 969 1576 hoc
985 1524 1067 1592 potes
1120 1517 1167 1574 lus
1182 1517 1251 1573 dicit
1267 1505 1298 1575 se
1312 1536 1370 1575 non
1385 1519 1493 1575 habere
1509 1523 1695 1592 prereptum,
1719 1523 1747 1575 et
1767 1523 1859 1575 temen
1872 1519 1916 1574 dat

254 1607 351 1663 dicere
364 1607 378 1661 ‘l
393 1607 423 1662 Si
437 1607 519 1682 virgo
534 1611 563 1664 ei
575 1608 665 1664 vidua
682 1607 791 1664 suerint
804 1607 965 1680 baptizato,
982 1611 1011 1664 et
1026 1607 1068 1664 ita
1121 1605 1288 1674 consilium,
1302 1609 1386 1680 quasi
1401 1607 1632 1665 misericordiam
1648 1611 1817 1665 consecutus
1839 1607 1917 1664 elio-

252 1695 478 1767 permanserint,
490 1712 554 1768 que
564 1695 866 1768 eritinterutramque
879 1695 1065 1753 diversitasin
1121 1695 1212 1763 mino,
1228 1699 1256 1751 et
1269 1696 1324 1752 hoo
1339 1696 1400 1771 agit
1414 1697 1443 1752 in
1457 1696 1537 1752 omni
1553 1696 1603 1752 illa
1619 1697 1821 1770 disputatione,
1834 1695 1921 1752 utric-

246 1784 328 1848 Quod
345 1784 380 1840 de
396 1785 477 1842 Petro
492 1789 521 1842 et
532 1787 656 1858 ioanne,
674 1787 758 1843 Anna
781 1791 810 1842 et
832 1786 924 1842 Maria
952 1786 1065 1842 dudum
1081 1820 1106 1886 B
1121 1783 1272 1858 ginitatem
1287 1786 1420 1856 praeierat
1448 1784 1648 1854 matrimonio,
1677 1789 1706 1841 et
1733 1784 1830 1841 suadet
1855 1783 1921 1856 quod

246 1872 386 1945 diximus,
402 1873 457 1931 hoc
470 1875 606 1946 presenti
620 1874 683 1931 loco
698 1874 839 1948 proficiat.
855 1875 885 1930 Si
900 1875 979 1931 enim
992 1875 1067 1932 inter
1122 1873 1265 1944 imperare
1277 1890 1335 1928 non
1350 1873 1447 1942 audet,
1466 1891 1502 1930 ue
1517 1873 1637 1945 injicere
1645 1874 1777 1930 videatur
1789 1871 1921 1944 laqueum,

249 1961 393 2035 uirginem
408 1966 438 2019 et
454 1962 572 2020 viduam
587 1963 749 2036 baptizatas
764 1963 837 2018 nihil
853 1964 984 2034 interest,
1000 1963 1069 2037 quia
1121 1965 1150 2016 et
1164 1960 1229 2033 plus
1241 1962 1391 2034 imponere
1407 1962 1554 2035 ponderis,
1569 1978 1659 2034 quam
1676 1966 1771 2036 potest
1787 1960 1922 2018 homiuum

246 2052 394 2125 baptisma
414 2068 521 2108 novum
546 2052 1068 2121 hominemtacit,eademconditione
1122 2049 1267 2106 sustinere
1295 2051 1473 2107 natura:ita
1500 2055 1529 2107 et
1558 2051 1587 2107 io
1616 2051 1811 2108 ecclesiastico
1836 2049 1922 2106 ordine

247 2145 277 2198 et
290 2143 388 2198 scorta
400 2145 489 2213 atque
503 2140 666 2214 prostibula
679 2141 705 2198 si
715 2141 995 2213 suerintbaptizatae,
1010 2143 1067 2198 vir·
1122 2137 1337 2208 constituendo,
1353 2138 1423 2210 quia
1437 2138 1521 2196 rudis
1535 2157 1569 2196 ex
1585 2140 1725 2213 gentihus
1749 2138 1924 2196 constitueba-

247 2228 366 2303 ginihus
380 2230 584 2302 aquabantur.
614 2230 644 2285 Si
673 2229 751 2285 enim
778 2230 927 2302 praeterite
959 2230 1067 2303 nuptie
1121 2232 1171 2282 tur
1184 2226 1322 2296 Ecclesia,
1338 2226 1445 2284 leuiora
1466 2244 1559 2301 nuper
1586 2230 1773 2285 credentibus
1800 2228 1846 2284 dat
1869 2241 1926 2299 pre·

246 2317 547 2374 nihilnocentvidue
564 2318 1069 2390 baptizate,et'praeteriteinme-
1122 2319 1268 2387 captane
1291 2316 1384 2372 territi
1415 2317 1489 2372 ferre
1512 2334 1569 2373 nou
1603 2323 1738 2389 possent.
1767 2317 1882 2388 Denique
1902 2319 1928 2370 et

247 2511 381 2569 corpora,
397 2499 464 2566 post
476 2494 623 2552 lavacrum
638 2495 816 2569 virginitatis
831 2496 951 2568 premia
964 2511 1069 2552 conse·
1124 2498 1200 2560 tunt,
1214 2497 1247 2548 ut
1273 2510 1330 2549 non
1356 2492 1484 2566 amplius
1508 2495 1681 2568 imponatur
1706 2495 1801 2552 oneris
1821 2494 1865 2550 his
1886 2492 1928 2564 qai

173 2601 176 2606 ’
248 2594 385 2664 quentur.
400 2586 486 2643 Aliud
508 2603 556 2642 esr
577 2583 767 2658 purissimam
792 2587 919 2640 mentem
940 2587 969 2639 et
988 2583 1070 2640 nulla
1123 2582 1159 2638 de
1173 2582 1308 2654 gentihus
1323 2581 1509 2639 crediderunt
1535 2583 1593 2639 nisi
1622 2589 1658 2640 ut
1686 2585 1847 2642 abstineant
1858 2598 1886 2638 se
1899 2582 1929 2636 ab

249 2678 448 2737 recordatione
457 2674 602 2749 pollutam
622 2673 680 2728 Deo
699 2673 833 2744 jungere,
858 2671 937 2728 aliud
963 2673 1070 2729 memi-
1124 2669 1330 2737 idololatria,et
1342 2671 1578 2742 fornicationem
1592 2689 1610 2728 a
1624 2674 1812 2747 sanguinem
1825 2670 1930 2728 asalilo

250 2769 329 2826 nisse
342 2765 530 2840 amplexuum
546 2762 599 2818 viri
616 2762 697 2817 ioedae
712 2761 896 2816 necessitatis
920 2777 926 2816 :
942 2764 970 2816 et
990 2762 1068 2833 quod
1124 2759 1195 2815 catis
1210 2776 1216 2826 ;
1232 2763 1260 2814 et
1270 2760 1354 2831 quasi
1370 2759 1498 2832 paruulis
1513 2765 1601 2833 atque
1611 2762 1776 2820 infantibus
1792 2761 1834 2817 lac
1843 2764 1930 2833 potum

250 2871 371 2930 corpore
385 2871 444 2916 noa
463 2868 544 2925 agas,
560 2848 760 2906 recordatione
779 2847 918 2904 simulare
942 2849 961 2903 ¹.
987 2849 1070 2906 Jere·
1124 2848 1204 2916 dant,
1221 2865 1279 2905 non
1295 2848 1421 2906 solidum
1437 2849 1554 2920 cibam;
1572 2867 1624 2907 nec
1639 2853 1814 2925 precipiunt
1827 2851 1860 2906 de
1872 2864 1929 2905 con·

249 2947 336 3012 mias,
352 2943 448 3016 quiin
464 2945 545 2996 utero
561 2936 760 2995 sanctificatus
775 2940 830 3005 ost,
846 2935 1018 3008 etcognitus
1037 2938 1067 2994 in
1124 2937 1258 3005 tinentia,
1275 2952 1327 2992 nec
1342 2937 1378 2993 de
1391 2937 1557 3009 virginitate
1572 2940 1755 3012 significant,
1776 2955 1826 2996 uec
1850 2937 1882 2993 ad
1892 2937 1929 3008 jc·

249 3035 335 3093 vulva
362 3031 477 3098 matris,
505 3028 571 3085 ideo
599 3027 653 3083 hoc
682 3023 832 3098 privilegio
860 3024 978 3092 fruitur,
1001 3027 1071 3098 quia
1120 3026 1497 3100 juninprovocnnt,.neque
1512 3028 1701 3086 diountillud
1716 3029 1794 3103 quod
1808 3028 1837 3084 in
1854 3027 1932 3082 Euan·

249 3122 426 3200 virginitatis
440 3123 503 3176 erat
516 3114 690 3174 beatitudini
705 3114 916 3170 destinatus.Et
926 3131 992 3169 curn
1007 3131 1070 3171 om·
1125 3113 1199 3188 gelio
1214 3114 1250 3170 ad
1266 3114 1413 3187 apostolos
1428 3115 1770 3189 dirigitur³,uehabeant
1784 3119 1854 3172 duas
1867 3113 1932 3170 tuni.

251 3233 304 3275 nes
317 3213 393 3287 capti
410 3211 477 3278 sint,
492 3223 562 3263 vasa
575 3221 693 3278 quoque
707 3203 808 3274 templi
824 3202 981 3276 uah210nio
1003 3219 1070 3277 rege
1085 3180 1107 3247 G
1126 3219 1185 3270 cas,
1202 3219 1238 3258 ne
1253 3219 1364 3275 peram,
1381 3221 1417 3260 ne
1432 3221 1471 3261 es
1485 3205 1515 3260 in
1526 3205 1659 3274 anniane
1674 3207 1788 3282 virgam
1803 3207 1932 3267 iamenu,

248 3308 382 3366 vastante
396 3301 519 3372 direpta,
535 3296 590 3351 iste
605 3293 685 3349 solus
700 3292 774 3347 liber
797 3292 833 3348 ab
858 3292 993 3349 hostibus
1016 3298 1071 3365 est,
1126 3309 1162 3348 ne
1177 3291 1372 3348 calceamenta
1385 3293 1415 3349 in
1429 3293 1565 3366 pedibus,
1581 3297 1632 3350 aut
1648 3300 1729 3352 certe
1745 3296 1816 3352 illud
1833 3313 1839 3350 :
1856 3293 1883 3348 Si
1900 3292 1934 3345 ort

250 3402 279 3455 et
297 3389 476 3467 captivitatis
490 3384 583 3443 nescit
596 3381 730 3454 injurias,
746 3381 974 3438 etavictoribus
989 3395 1070 3438 accc·
1123 3384 1257 3454 perfectus
1270 3397 1334 3465 csse,
1350 3381 1416 3437 vade
1431 3387 1457 3437 et
1472 3382 1556 3438 vende
1570 3385 1665 3439 omnio
1680 3389 1730 3441 tac
1755 3389 1780 3440 ct
1792 3383 1824 3439 do
1839 3395 1933 3453 paupe.

250 3488 293 3561 pit
308 3479 463 3557 stipendia,
476 3480 506 3532 et
519 3471 721 3540 Nahuzardan,
742 3469 788 3525 cui
812 3471 848 3526 de
869 3470 980 3526 sanctis
1002 3488 1069 3526 san·
1123 3471 1199 3525 ribus
1214 3487 1221 3524 ι
1237 3479 1264 3526 ct
1279 3471 1712 3544 ueni,reqaereme(Mottb.x1x.
1735 3471 1818 3544 34).Βὶ
1832 3469 1903 3526 enim
1914 3484 1938 3522 a·

251 3581 365 3633 ntorum
380 3564 650 3626 Nabuchodonosor
663 3576 721 3616 non
737 3563 920 3631 preceperat,
934 3560 1069 3633 precepit
1122 3555 1938 3632 dolescensillequisojactaueratcuactaiecissequelegis

248 3666 285 3722 de
297 3659 433 3720 deremia.
444 3652 593 3712 Honenim
608 3665 710 3706 verum
728 3647 871 3721 templum
896 3647 946 3703 Dei
970 3653 1024 3716 est,
1040 3653 1069 3705 et
1123 3652 1202 3716 sunt,
1218 3649 1342 3705 audiens
1356 3647 1518 3716 hoc,tristis
1529 3649 1687 3721 abiit,quia
1698 3651 1939 3721 habehatpcssec·

246 3752 429 3812 hecSancta
444 3747 622 3807 sanctorum,
650 3755 714 3811 quaa
736 3736 915 3809 virginitatis
941 3738 1068 3809 paritate
1121 3737 1218 3794 sionee
1246 3736 1366 3806 multas,
1393 3741 1423 3792 et
1449 3737 1588 3794 pharisei
1599 3736 1808 3809 hujuscemodi
1835 3730 1937 3793 Domini

246 3840 372 3898 Domino
386 3834 604 3893 consecrantur.
623 3829 657 3883 tt
670 3843 686 3883 e
700 3826 844 3882 contrario
859 3825 1000 3895 Ezechiel,
1016 3825 1067 3898 qui
1121 3825 1295 3882 seutentiam
1318 3825 1541 3882 subsannabant
1566 3842 1573 3880 :
1599 3831 1714 3897 quanto
1745 3825 1840 3900 magia
1867 3824 1939 3879 tanta

246 3928 378 4002 captivus
393 3922 547 3980 tenebatur
560 3919 590 3974 in
605 3914 760 3988 Babylone,
786 3915 836 3986 qui
860 3919 1065 3988 tempestatem
1120 3915 1253 3988 gentium
1268 3913 1436 3982 multitudo,
1452 3914 1499 3970 cui
1510 3931 1628 3970 summa
1642 3916 1740 3973 virtus
1766 3919 1830 3973 orat
1853 3912 1938 3970 aliena

247 4018 284 4075 eh
298 4012 443 4089 Aquilone
457 4009 620 4066 venientem
635 4005 787 4073 viderat,et
801 4004 950 4061 turbinem
961 4009 1066 4060 cuncta
1120 4019 1178 4060 non
1194 4019 1305 4076 rapere,
1326 4019 1384 4058 non
1411 4003 1537 4059 habehat
1561 4019 1681 4060 necesse
1706 4007 1883 4078 preceptum
1905 3999 1937 4054 de

248 4106 422 4181 rapientem,
438 4099 479 4156 ait
495 4115 501 4154 :
517 4099 626 4155 ttcrtrm
644 4099 681 4151 cst
695 4109 767 4150 acor
788 4110 849 4150 mco
870 4093 905 4149 ad
928 4109 1066 4166 vesperam
1119 4091 1252 4147 castitate
1266 4094 1295 4147 et
1308 4091 1487 4148 continentia
1502 4095 1653 4164 perpetua,
1675 4094 1789 4165 quibus
1800 4089 1938 4148 scribom.

248 4207 274 4255 σε
297 4196 352 4268 [eci
379 4205 460 4248 mooe
486 4189 557 4244 aaut
583 4187 747 4258 preceptum
774 4184 930 4240 mibi.erat
958 4181 1064 4252 (Erech.
1118 4185 1167 4235 tur
1183 4185 1215 4234 nt
1230 4180 1413 4236 abstinerent
1426 4195 1458 4236 se
1473 4180 1510 4236 ah
1526 4178 1622 4249 idolis,
1648 4185 1676 4236 et
1701 4199 1720 4238 a
1743 4179 1936 4240 fornicatione,

243 4303 321 4344 roua
337 4283 393 4356 ta).
409 4279 585 4335 Praedixerat
607 4273 686 4330 enim
709 4270 735 4327 ci
755 4271 908 4338 Dominus,
932 4271 1010 4342 quod
1035 4269 1065 4325 in
1117 4272 1146 4324 et
1159 4268 1308 4340 inquibus
1324 4267 1498 4325 audiebatur
1513 4269 1679 4336 tornicatio,
1707 4275 1737 4327 et
1762 4270 1833 4328 talis
1856 4265 1937 4325 iorni·

244 4367 578 4442 dieillaaperireturos
601 4362 676 4433 ejus,
699 4363 727 4415 et
750 4357 927 4430 loqueretur,
952 4361 982 4412 et
1005 4374 1063 4413 non
1118 4357 1203 4424 catio,
1219 4374 1283 4429 que
1299 4374 1335 4414 ne
1351 4358 1426 4414 inter
1440 4362 1541 4431 gentes
1569 4358 1689 4430 quidem
1720 4364 1768 4416 est
1799 4359 1806 4413 t
1838 4355 1938 4414 Sedet

243 4455 505 4528 taceretamptius.
527 4450 687 4522 Diligenter
714 4446 841 4514 attende,
871 4445 963 4501 donec
992 4462 1065 4502 uxor
1118 4447 1191 4502 281
1209 4446 1271 4518 ipsa
1300 4445 1474 4519 episcopalis
1502 4446 1605 4504 electio
1633 4463 1753 4504 meeum
1785 4448 1864 4506 facia,
1880 4445 1936 4500 Non

242 4549 350 4606 viveret
363 4563 421 4602 non
436 4542 563 4599 habebat
577 4539 741 4594 libertatem
766 4535 907 4608 populum
932 4552 1062 4593 commo·
1078 4546 1101 4611 Ι]
1116 4535 1194 4592 enim
1210 4535 1279 4590 dicit
1294 4553 1302 4602 ;
1319 4533 1451 4607 illigatur
1468 4535 1636 4609 episcopus,
1661 4537 1714 4608 qui
1742 4553 1836 4592 unam
1859 4532 1939 4589 durat

243 4637 342 4698 nendi.
357 4633 477 4690 Moritur
492 4645 574 4695 uxor,
589 4631 619 4684 et
634 4624 786 4697 conjugale
809 4624 958 4681 vinculum
975 4625 1063 4684 solvi·
1117 4641 1247 4691 uxorem,
1262 4629 1291 4678 et
1306 4623 1380 4679 filios
1396 4624 1483 4680 iaciat
1500 4641 1507 4692 ;
1524 4625 1575 4680 sed
1592 4623 1642 4696 qui
1658 4641 1752 4680 unam
1770 4625 1861 4680 ducat
1875 4636 1939 4678 axo·

240 4735 301 4800 tur,
317 4729 345 4784 et
358 4724 469 4795 absque
483 4717 545 4776 ulla
559 4715 751 4788 trepidatione
773 4730 889 4786 semper
913 4715 942 4770 iu
967 4716 1062 4773 cilicio
1116 4718 1220 4781 rem,ct
1234 4712 1310 4769 filios
1325 4713 1355 4768 in
1370 4713 1450 4769 omni
1465 4713 1599 4768 subditos
1615 4711 1776 4784 disciplina
1791 4715 1816 4784 (i
1831 4713 1938 4772 Timau,

241 4803 1063 4894 prophetalicst.Quieuimliherrooetusest,rcrcest
1115 4803 1264 4874 2,4;Tir,
1281 4819 1301 4868 1,
1317 4803 1356 4872 6).
1382 4802 1465 4858 Certe
1495 4801 1642 4857 confiteris
1672 4817 1731 4856 non
1763 4816 1855 4874 posse
1883 4811 1940 4856 esse

239 4923 343 4966 sericus
357 4899 474 4960 Christi.
490 4897 554 4953 Non
570 4911 644 4968 nego
659 4892 834 4950 beatasesse
858 4895 972 4962 viduas,
997 4913 1060 4969 quar
1115 4895 1296 4967 episcopum,
1312 4891 1363 4964 qai
1379 4892 1407 4947 in
1419 4891 1588 4964 episcopatu
1606 4889 1680 4946 filios
1696 4889 1799 4946 iaciat.
1815 4885 1939 4958 Alioqui,

240 4997 281 5050 ita
291 4991 545 5066 postbaptismum
554 4985 734 5051 manserint;
748 4997 800 5038 ncc
811 4981 928 5040 illarum
939 4984 1060 5042 detraho
1115 4983 1140 5039 si
1155 4982 1355 5056 deprehensus
1370 4981 1468 5047 fucrit,
1485 4996 1542 5035 non
1556 4979 1696 5051 quasi-vir
1710 4978 1877 5046 tenebitur,
1893 4971 1941 5032 sed

240 5081 355 5147 merito,
369 5081 447 5137 28⁰
461 5094 525 5150 que
538 5093 605 5132 cum
621 5073 691 5130 viris
705 5072 735 5128 in
746 5073 880 5128 castitate
889 5073 1058 5144 perdurant,
1114 5073 1199 5144 quasi
1214 5070 1329 5128 adulter
1343 5069 1541 5127 damnabitur.
1560 5073 1618 5123 Aut
1632 5067 1773 5140 permitte
1783 5059 1939 5124 sacerdoti-

239 5168 290 5227 ΒΜ
307 5167 394 5222 muti
418 5167 460 5222 Μ
482 5166 603 5236 m⁸j⁰1¹i⁸
628 5162 706 5235 ¹³1³ud
727 5168 818 5218 Deum
843 5161 955 5234 premii
979 5167 1059 5232 sunt,
1114 5161 1170 5217 hus
1185 5177 1316 5218 exercerc
1331 5177 1421 5234 npcra
1440 5158 1621 5231 nuptiarum,
1644 5161 1677 5212 ut
1697 5155 1781 5212 idem
1808 5151 1938 5212 sintvic-

240 5272 331 5332 ΨΜ]
345 5258 447 5324 nuptm
473 5252 619 5325 conjugali
645 5250 739 5307 officio
767 5251 936 5317 servientes,
966 5249 1007 5305 ita
1031 5255 1060 5306 et
1114 5249 1199 5321 giaes
1215 5252 1292 5323 quod
1308 5250 1407 5307 meriti
1424 5266 1430 5304 :
1447 5247 1537 5305 autsi
1558 5245 1765 5303 sacerdotibus
1788 5261 1851 5302 non
1877 5241 1941 5297 licet

273 5502 282 5536 ¹
315 5495 532 5556 casanatensis.
567 5491 761 5551 Recordotioar
797 5493 972 5552 dissimulare
1002 5511 1058 5552 aco
1148 5491 1252 5547 2idem
1268 5493 1481 5550 casanatensis.
1497 5494 1536 5548 Ab
1550 5490 1672 5564 Apostotc
1692 5503 1748 5546 non
1763 5483 1941 5561 confundun-

270 5589 323 5632 ιιι.
335 5571 478 5638 ieremias,
493 5573 559 5636 ete,
571 5563 659 5638 paulo
672 5563 750 5618 inira
763 5565 913 5638 Babylonio
931 5573 1057 5624 amirato
1112 5573 1158 5620 tur
1173 5579 1224 5636 pro
1235 5564 1448 5621 constituantur.

259 5648 362 5708 aretur
376 5643 407 5704 iu
421 5657 494 5702 mes.
509 5639 619 5714 absquo
634 5648 708 5708 repe.
1147 5635 1224 5706 ⁸ur,
1239 5634 1268 5692 S.
1285 5635 1395 5705 Crucis,
1408 5637 1451 5695 Ad
1465 5635 1596 5712 apostotos
1610 5635 1721 5694 dicitu.
