4054 6168
105 293 189 372 lim
515 343 523 358 .
611 291 924 374 COMMENTARIUS
946 292 986 356 ΙΝ
1008 291 1309 376 uectustasrnrv.
1617 384 1622 395 .
1731 297 1810 372 1098

106 429 181 503 tium
196 443 248 486 eos
271 427 427 488 fortitudo:
453 432 482 485 et
505 445 563 486 non
587 433 633 488 est
656 429 698 486 eis
723 426 898 486 consolator.
916 449 931 477 ι»
947 427 975 496 Α
990 429 1085 486 adhuc
1110 447 1175 488 esse
1196 431 1226 486 in
1250 431 1361 504 prelio,
1385 436 1414 488 et
1435 431 1520 503 quasi
1541 431 1658 490 clausos
1679 431 1810 504 eorporis
1912 505 1915 510 1

106 520 175 576 Post
187 518 264 574 hane
277 517 590 589 cogitationem¹illuc
605 523 732 575 mentem
749 533 845 573 meam
861 532 931 572 oou-
987 519 1134 590 ergastulo
1159 521 1316 589 retenturi;
1347 520 1398 594 qui
1426 535 1493 576 vero
1523 525 1648 578 mortem
1672 519 1809 592 obierint,

103 607 211 680 losque
227 607 366 674 converti,
382 611 415 664 ιιι
435 607 565 664 viderem
589 606 827 673 calumniatores,
842 609 871 661 et
885 621 933 660 ca·
982 607 1046 680 jam
1076 625 1140 664 esse
1169 625 1299 680 securos,
1329 613 1357 666 et
1386 626 1505 682 peecare
1533 609 1655 667 desisse.
1682 609 1762 668 Siout
1783 612 1813 668 et

103 697 252 754 lumniam
276 695 468 753 sustinentes.
491 697 528 752 ut
550 711 616 752 eece
638 695 679 764 hi,
704 695 755 768 qui
779 693 888 766 injuste
916 710 933 749 a
986 694 1126 764 toannoa
1151 713 1210 769 quo
1233 699 1328 768 maior
1351 715 1409 755 non
1434 698 1491 754 fuit
1513 698 1543 754 in
1559 699 1637 755 natis
1651 697 1810 756 mulierum

105 784 322 860 potentioribus
337 784 555 858 opprimuntur,
571 784 719 856 lacrymis,
742 800 815 857 quas
836 780 932 838 solum
988 783 1091 856 (lfottla.
1109 787 1152 857 ιι),
1170 785 1266 842 ιιιίιιοι
1280 791 1325 843 εει
1339 804 1384 854 eo,
1398 787 1447 859 qui
1462 786 1605 846 minimus
1617 790 1661 844 εει
1674 786 1705 842 in
1721 803 1810 860 regno

105 876 214 932 habere
227 874 257 930 in
272 873 491 930 calamitatibus
511 873 589 942 licet,
614 873 655 930 rei
678 871 820 928 invidiam
836 873 933 943 prote·
988 872 1126 929 ooelorum
1137 876 1157 944 ¹,
1174 879 1202 930 et
1217 876 1347 948 corporis
1361 893 1448 932 onere
1469 875 1622 945 liberatus,
1638 874 1731 932 nescit
1743 891 1811 932 oum

106 969 231 1030 stantes,
246 961 458 1019 consolatorem
476 980 534 1018 non
550 966 663 1035 queunt
677 961 813 1033 reperire.
826 961 861 1015 ut
876 975 932 1031 quo
986 963 1125 1034 apostolo
1140 963 1234 1020 dicere
1247 982 1253 1020 :
1264 954 1349 1021 'Miser
1362 981 1409 1036 epo
1425 967 1514 1034 bento,
1537 967 1598 1038 qais
1622 979 1667 1020 me
1685 964 1813 1023 liberabit

104 1053 202 1123 major
216 1049 338 1106 miseria
353 1050 401 1118 sit,
417 1054 447 1106 et
461 1049 682 1107 inconsolabilis
693 1049 805 1117 dolor¹,
823 1046 933 1104 calum·
987 1051 1144 1124 decerpere
1166 1054 1263 1108 mortis
1289 1054 1371 1126 bajus
1386 1055 1473 1126 (Rom.
1497 1071 1549 1123 vn,
1575 1053 1644 1124 tt)t
1661 1052 1811 1116 Meliorem

105 1142 234 1196 uiatores
249 1137 392 1196 videntia
409 1137 493 1194 ειιιε8
507 1138 715 1212 iniquitatibus
737 1136 881 1193 fortiores.
899 1137 933 1191 llt
988 1145 1087 1196 autem
1102 1140 1149 1197 his
1164 1141 1280 1198 dnobus
1295 1158 1446 1210 esseeam,
1458 1141 1509 1215 qui
1520 1143 1646 1200 necdum
1657 1146 1746 1198 natus
1756 1143 1812 1210 εει,

106 1230 166 1285 haee
180 1231 226 1284 est
240 1243 340 1293 causa,
357 1227 434 1299 quod
451 1243 508 1283 non
520 1225 635 1282 valeant
644 1225 799 1283 consolari.
814 1223 932 1281 Plenius
988 1245 1041 1286 neo
1056 1228 1128 1285 vidit
1143 1229 1231 1298 mala,
1247 1231 1356 1306 quibus
1381 1231 1411 1287 in
1437 1232 1547 1288 mundo
1561 1229 1697 1288 homines
1712 1227 1812 1301 depri.

104 1318 186 1373 hune
200 1315 299 1372 laeum
314 1313 345 1370 in
360 1312 473 1388 psalmo
500 1314 717 1388 septuagesimo
733 1314 861 1370 secundo
876 1312 931 1368 ua·
988 1322 1118 1374 muntur.
1134 1318 1256 1376 Animas
1271 1319 1350 1376 enim
1373 1325 1500 1388 nostras,
1518 1325 1674 1393 antequem
1695 1318 1732 1375 ad
1747 1333 1812 1374 cor·

104 1407 164 1468 vid.
182 1409 213 1461 ει
223 1404 367 1460 ieremias
383 1404 412 1458 in
429 1420 482 1460 suo
496 1403 644 1460 volumine
658 1403 886 1475 exsequuntur¹.
988 1422 1059 1477 pore
1074 1407 1155 1462 ista¹
1178 1407 1366 1476 descendent,
1390 1408 1501 1466 versari
1523 1408 1601 1481 apud
1627 1422 1759 1480 superos,
1782 1407 1812 1462 ει

142 1495 220 1550 eto
233 1515 248 1544 «
266 1493 299 1547 tut
320 1491 437 1549 laudavi
463 1508 516 1564 ego
541 1496 684 1558 mortuos,
709 1491 759 1564 qui
777 1492 841 1562 jem
854 1505 932 1544 mor·
987 1495 1089 1551 tandiu
1105 1495 1206 1552 beatas
1221 1513 1295 1563 esse,
1321 1498 1452 1570 quandiu
1474 1497 1584 1556 coelesti
1604 1495 1768 1554 Jerusalem
1783 1497 1812 1551 et

107 1583 153 1638 tui
164 1585 243 1652 sunt,
259 1598 348 1654 super
362 1580 490 1637 viventes
506 1579 684 1653 quicumque
699 1579 755 1652 ipsi
770 1578 870 1634 vivunt
883 1593 933 1634 us·
988 1585 1076 1639 choro
1092 1587 1247 1641 teneantur
1258 1585 1400 1659 angelico.

109 1688 169 1744 que
185 1687 270 1728 nunc.
286 1671 320 1726 bt
335 1668 438 1726 melior
453 1686 542 1743 super
568 1669 622 1726 hos
645 1669 720 1725 duos
735 1668 785 1741 qui
800 1667 932 1723 nondum
1023 1674 1101 1730 1¹20
1118 1695 1132 1723 «
1147 1674 1182 1729 ut
1196 1673 1255 1729 vidi
1269 1690 1321 1747 ego
1337 1675 1507 1731 universum
1523 1674 1661 1740 laborem,
1678 1676 1706 1728 et
1720 1670 1811 1728 simul

108 1766 196 1818 natus
208 1764 262 1828 εει,
279 1759 330 1832 qui
352 1759 483 1814 nondum
508 1757 581 1814 vidit
605 1759 699 1830 opus¹
716 1755 837 1824 malum,
854 1755 933 1828 quod
987 1761 1370 1835 omnemvirtutemoperis:
1381 1758 1812 1836 qnieaemuletioviri¹asodeli

106 1850 278 1906 factumest
301 1847 357 1904 sub
381 1847 451 1904 sele.
470 1868 484 1896 n
512 1847 554 1902 nd
581 1847 828 1922 comparationem
845 1845 931 1900 mise·
986 1851 1061 1922 ejus;
1074 1855 1101 1906 et
1113 1850 1231 1921 quidem
1240 1850 1295 1907 hoc
1305 1851 1418 1908 vanitas
1427 1849 1651 1925 etpraesumptio
1660 1849 1811 1922 spiritus.»

105 1938 230 2006 riorum,
245 1953 309 2008 qum
326 1936 356 1992 in
371 1934 427 1991 boo
443 1934 549 1992 seculo
564 1933 703 1990 mortales
718 1937 866 2008 premunt,
891 1933 932 1988 se·
986 1937 1119 1996 Converti
1135 1955 1181 1994 me
1195 1955 1297 1996 rursus
1315 1940 1352 1996 ad
1367 1939 1434 2009 alin,
1450 1944 1479 1996 et
1492 1939 1551 1996 vidi
1566 1954 1684 1996 omnem
1699 1936 1812 1995 fortitu·

104 2025 364 2097 tiatorcsjndicavi
381 2027 523 2091 mortuos,
550 2041 640 2097 quam
664 2023 804 2092 viventes,
829 2039 932 2079 secun·
987 2025 1812 2101 dinemetgloriamlaborentium‚etdeprehendihonum

104 2117 179 2172 dum
194 2114 266 2171 illud
282 2114 338 2170 tob
354 2115 390 2170 de
406 2113 507 2170 inferis
527 2113 725 2185 disputantis:
741 2113 781 2168 lbi
795 2113 932 2182 requieve-
988 2115 1108 2173 alterius
1123 2131 1198 2183 esse,
1214 2114 1334 2173 alterius
1349 2117 1472 2185 malurn,
1489 2118 1561 2173 dum
1575 2115 1693 2173 invidus
1717 2113 1813 2172 elieaa

105 2207 173 2260 nint
187 2203 256 2260 fossi
268 2218 391 2275 corpore,
408 2219 471 2258 eum
494 2202 537 2258 liis
565 2203 613 2272 qui
632 2203 720 2257 vincli
737 2199 860 2274 sacrant,
871 2200 933 2272 jam
988 2202 1126 2272 felicitate
1141 2208 1307 2277 torquetur,
1318 2210 1347 2262 et
1360 2210 1441 2278 patet
1451 2205 1568 2262 insidiis
1578 2203 1812 2278 gloriosus.Quid

105 2292 437 2364 emori,noaandieetes
465 2307 555 2347 vocem
578 2290 797 2361 exactoristled.
827 2305 869 2357 nr,
899 2287 933 2344 t7
988 2293 1066 2350 enim
1083 2292 1196 2361 vanius,
1214 2293 1285 2366 quid
1301 2293 1469 2350 instabilius
1480 2295 1511 2362 ¹⁰,
1527 2298 1557 2350 et
1571 2289 1811 2363 sicnihili,quam

105 2390 131 2439 el
156 2383 213 2455 18).
239 2381 342 2438 Melior
365 2384 463 2436 aulem
486 2383 530 2436 esi
552 2379 600 2434 his
624 2378 750 2444 duobus,
765 2377 878 2434 vivente
893 2374 933 2430 vi·
988 2382 1122 2438 homines
1137 2398 1196 2437 ιιοιι
1212 2397 1281 2437 suas
1295 2381 1363 2438 flere
1377 2381 1523 2448 miserias,
1537 2379 1583 2438 vel
1597 2379 1715 2453 propria
1729 2378 1811 2452 luge-

107 2470 213 2528 delicet
228 2474 257 2526 et
279 2469 426 2537 defuncto,
452 2468 502 2540 qni
524 2468 650 2524 necdum
675 2471 762 2523 natus
782 2471 835 2522 est.
851 2464 934 2520 Alias
988 2487 1019 2527 ιε
1032 2473 1160 2542 peccata,
1182 2469 1232 2526 sed
1248 2468 1420 2527 melioribus
1434 2469 1588 2527 invidere?

107 2560 189 2616 enim
204 2558 301 2616 adhue
316 2556 395 2614 mala
409 2556 530 2630 patitur,
547 2555 623 2612 alius
638 2555 723 2628 quasi
734 2555 769 2610 da
782 2553 934 2626 naufragio
1022 2581 1036 2609 a
1053 2557 1168 2615 Stultus
1183 2557 1352 2630 complexus
1367 2563 1412 2615 est
1426 2574 1533 2616 manus
1547 2575 1627 2628 sues,
1641 2561 1671 2614 et
1685 2554 1813 2614 comedit

109 2649 209 2704 nudus
225 2647 326 2704 evasit.
343 2647 431 2702 Porro
455 2645 505 2717 qui
531 2645 657 2701 necdum
682 2647 839 2712 natusest,
855 2644 937 2706 ineo,
989 2663 1090 2703 cernes
1105 2663 1186 2703 suas.
1203 2669 1217 2698 n
1244 2646 1296 2702 Hic
1320 2652 1365 2704 εει
1388 2647 1438 2720 qui
1461 2651 1490 2703 ει
1513 2647 1542 2702 in
1562 2644 1725 2704 Proverbiis
1741 2645 1811 2718 (cop.

110 2736 223 2794 felicior
245 2740 301 2803 est,
326 2735 405 2808 quod
429 2734 554 2792 necdum
579 2733 658 2790 mala
681 2731 784 2788 mundi
799 2735 934 2804 expertus
988 2735 1064 2808 xxiv)
1080 2733 1163 2808 piger
1177 2734 1362 2803 describitur,
1388 2735 1542 2792 continens
1557 2735 1694 2792 menibus
1710 2737 1813 2807 pectus

108 2831 166 2882 est.
184 2825 240 2881 Hoc
255 2829 354 2881 autem
370 2821 451 2894 dicit,
468 2839 527 2879 non
542 2823 620 2895 quod
634 2821 683 2894 qui
700 2821 824 2878 necdum
848 2824 935 2876 natus
989 2841 1087 2881 suum.
1103 2825 1166 2892 Cui,
1182 2828 1323 2896 tanquam
1339 2825 1414 2882 citus
1438 2841 1550 2892 cursor,
1565 2823 1644 2881 venit
1657 2823 1767 2896 inopia,
1784 2827 1813 2880 et

109 2919 165 2984 εει,
192 2919 259 2970 ante
282 2914 322 2970 eit
346 2929 436 2986 quam
461 2915 609 2980 nascetur,
626 2916 656 2967 et
669 2910 699 2966 in
715 2927 748 2967 eo
763 2909 874 2966 lelioior
886 2909 934 2978 sit,
989 2913 1041 2985 qui
1055 2916 1173 2984 propter
1187 2912 1310 2968 nimiam
1323 2913 1431 2970 famem
1448 2912 1644 2986 (hyperbolice
1659 2915 1758 2968 nutem
1772 2910 1813 2967 di·

106 3005 180 3077 quie
195 3003 321 3060 necdum
336 3017 457 3076 corpore
481 3005 679 3074 pregravatus
703 3003 765 3056 est:
791 2999 842 3056 sed
857 2998 935 3070 quod
989 3005 1068 3058 etum
1084 3001 1133 3072 sit)
1148 3001 1275 3058 comedit
1298 3018 1399 3058 carnes
1422 3019 1502 3059 suas.
1527 3002 1581 3067 Oui
1606 3001 1712 3057 melius
1727 3003 1812 3074 putat

107 3091 217 3148 melius
232 3092 272 3149 sit
286 3089 405 3146 omnino
421 3107 479 3146 non
494 3104 559 3146 esse
568 3090 588 3156 ¹,
606 3105 659 3144 nec
682 3103 803 3144 sensum
829 3087 936 3144 hahere
991 3106 1055 3148 esse
1070 3107 1163 3146 unum
1179 3089 1324 3163 pugillum
1339 3091 1446 3154 habere
1461 3091 1557 3157 farris,
1573 3093 1603 3146 et
1616 3090 1743 3146 otiosum
1757 3093 1815 3145 tor·

106 3179 295 3248 substantiae,
309 3195 397 3252 quam
424 3177 577 3234 infeliciter
603 3176 646 3233 vel
668 3193 742 3245 esse,
765 3177 810 3233 vel
831 3177 934 3232 vivere.
951 3165 972 3232 C
992 3179 1371 3252 pontemquevivere,quam
1381 3179 1562 3236 laborantem
1573 3194 1693 3234 menum
1704 3181 1815 3234 utram·

107 3269 262 3338 Quomodo
278 3271 306 3324 et
329 3267 365 3324 de
393 3267 470 3324 luda
497 3265 639 3322 Dominus
668 3264 808 3338 loquitur,
834 3266 935 3321 lutura
988 3266 1817 3342 quacomplcre.Totumautemqnoddisserit,bocest,ut

108 3360 177 3431 ejus
199 3359 346 3414 tormenta
368 3354 558 3428 significans:
582 3354 676 3410 llelioa
704 3363 763 3410 erat
781 3370 837 3411 non
859 3355 936 3410 nasci
990 3358 1134 3423 ostendat,
1150 3361 1179 3412 ει
1193 3372 1260 3414 eum
1278 3356 1329 3428 qui
1353 3356 1476 3425 laborat,
1493 3361 1522 3412 ει
1542 3356 1630 3415 habet
1644 3353 1768 3428 aliquid,
1783 3353 1814 3410 in

109 3449 221 3504 frumini
236 3447 282 3502 illi
294 3443 396 3517 (llottb.
413 3461 489 3512 xxvi,
514 3443 560 3516 24)
585 3444 661 3515 quod
686 3441 791 3498 melius
807 3444 832 3499 ei
848 3442 937 3498 luerit
991 3447 1100 3501 mundo
1115 3450 1214 3518 patere
1236 3444 1361 3512 invidie,
1387 3449 1416 3501 et
1439 3461 1542 3501 rursus
1568 3461 1635 3500 eum
1656 3443 1706 3517 qui
1720 3442 1814 3500 vivere

107 3535 233 3594 omnino
248 3551 306 3591 non
321 3550 396 3600 osse,
413 3549 502 3604 quam
517 3535 640 3588 eternas
655 3531 802 3588 cruciatus
815 3529 935 3603 perpeti.
990 3533 1053 3589 vult
1065 3533 1193 3606 quietus,
1208 3532 1310 3605 inopia
1323 3533 1460 3606 opprimi,
1471 3537 1501 3589 at
1509 3549 1574 3589 esse
1584 3535 1743 3602 utrumque
1758 3529 1814 3586 mi·

108 3624 169 3683 alti
197 3639 263 3680 vero
292 3623 372 3678 hune
395 3621 493 3678 locum
522 3622 564 3676 ite
587 3619 772 3694 intelligunt:
803 3619 951 3676 Meliores.
992 3621 1156 3688 serabilem,
1182 3623 1252 3676 dum
1278 3619 1353 3676 alius
1377 3624 1495 3692 propter
1524 3635 1598 3690 opus
1622 3617 1814 3691 periclitatur,

111 3725 182 3769 esse
196 3710 322 3768 dicentes
337 3728 398 3782 eos,
414 3709 465 3783 qui
480 3709 590 3766 mortui
616 3715 694 3777 sunt,
714 3709 750 3764 nb
766 3708 813 3764 his
827 3707 878 3780 qui
893 3708 936 3762 vi·
992 3709 1069 3766 alins
1083 3711 1201 3781 propter
1215 3708 1345 3780 inopiam
1360 3709 1488 3780 egestate
1499 3705 1662 3762 conficitur.
1674 3703 1725 3760 Vel
1736 3707 1815 3760 certo

109 3803 198 3868 vunt,
212 3798 279 3856 licet
293 3804 362 3858 ante
377 3797 486 3855 fuerint
505 3801 681 3871 peccatores.
708 3796 844 3854 Viventes
858 3795 937 3854 enim
992 3798 1044 3855 sio.
1061 3797 1115 3862 Qui
1130 3796 1231 3854 aliena
1243 3797 1263 3833 ¹¹
1279 3795 1408 3854 felicitati
1420 3793 1538 3862 invidet,
1554 3797 1584 3850 et
1597 3793 1682 3866 quasi
1693 3790 1816 3865 spiritus

140 4052 148 4085 ¹
166 4049 349 4106 Adverbium
375 4049 453 4114 illuc,
476 4048 553 4120 quod
577 4046 763 4104 Martianoeus
787 4046 937 4117 omiserat,
994 4050 1061 4121 post
1075 4061 1141 4102 eum
1159 4045 1189 4102 S.
1205 4044 1333 4101 Thomas
1348 4044 1368 4099 l.
1387 4062 1417 4112 n,
1434 4047 1538 4126 quaest.
1553 4045 1580 4110 8,
1596 4046 1652 4099 art.
1669 4041 1680 4098 l
1700 4039 1736 4098 ad
1751 4041 1780 4098 3.

103 4121 268 4179 ειιιιοειιὶε
291 4137 363 4177 ιιιεε.
395 4124 424 4175 ει
451 4118 570 4174 Victorii
600 4118 725 4174 editione
755 4117 937 4174 suffecimus.
1031 4115 1130 4172 -Sed
1142 4115 1213 4188 qaod
1227 4117 1327 4172 metius
1349 4117 1394 4172 sit.
1411 4111 1685 4187 chlocusjugulat
1703 4113 1817 4182 ineptas

139 4191 285 4248 'Alcuim
313 4192 346 4248 Et
387 4191 439 4247 uod
466 4192 605 4248 maloram
628 4191 817 4246 miserrimum
833 4190 892 4258 -sit,
914 4200 940 4248 et
996 4187 1237 4246 scholasticorum
1251 4187 1403 4258 opiniones
1418 4190 1446 4242 et
1461 4186 1602 4258 argutias,
1616 4186 1724 4257 quihus
1739 4183 1819 4254 apud

103 4207 424 4321 inconsotvttttaaoyor.
834 4331 840 4341 ο
996 4259 1147 4332 imperitos
1176 4264 1318 4315 conantur
1345 4259 1477 4330 probare,
1501 4257 1608 4314 melius
1623 4272 1687 4312 esse
1703 4253 1818 4334 homini

141 4332 632 4392 ¹Calumniatoresoidcnttnsaia.
651 4330 722 4386 Mss.
740 4331 940 4398 corbeienses,
996 4331 1197 4388 infelicissime
1220 4330 1359 4386 exsistere
1387 4329 1413 4384 el
1443 4328 1548 4395 vivere,
1579 4343 1668 4400 quam
1697 4340 1819 4382 ommno

104 4409 324 4464 calumniatores
344 4405 475 4462 videatur
496 4407 526 4460 in
549 4405 607 4458 auia
631 4403 825 4472 iniquitatibus
839 4403 942 4474 fortio·
998 4421 1054 4460 non
1070 4419 1144 4460 esso.
1160 4405 1297 4457 Manavia.

104 4495 160 4534 res.
177 4481 210 4535 Et
235 4477 294 4534 lnce
317 4484 358 4532 εει
379 4491 473 4543 masc,
499 4492 553 4547 qua
576 4490 632 4529 non
663 4475 768 4528 caleam
791 4474 940 4528 consolari.
1033 4473 1215 4530 ¹Vaticenus
1234 4479 1261 4529 et
1289 4469 1413 4527 Palatin.
1443 4469 1527 4539 alter,
1553 4472 1689 4526 minimas
1716 4475 1755 4524 εει
1777 4482 1819 4535 eo,

105 4551 200 4620 Quasi
216 4550 414 4620 Hieronymus
434 4547 498 4620 ipse
521 4545 691 4618 loqueretur
717 4543 775 4600 ista
788 4546 823 4600 de
840 4543 942 4600 incon·
958 4531 981 4596 D
997 4548 1046 4618 qui
1059 4548 1150 4600 minor
1165 4553 1204 4600 cat
1219 4546 1249 4598 in
1263 4559 1356 4615 repen,
1373 4545 1428 4598 etc.

106 4619 230 4678 solubili
245 4619 344 4677 dolore
359 4623 477 4690 propter
492 4617 660 4688 iniquorum
676 4615 848 4687 polentiam.
862 4616 942 4672 llan-
1032 4618 1041 4651 ¹
1057 4616 1110 4681 Qui
1125 4616 1185 4671 hec
1200 4613 1336 4671 effutiret.
1352 4612 1486 4687 Origines
1503 4613 1568 4680 fuit,
1584 4613 1670 4685 cujus
1685 4625 1821 4686 seponu-

110 4709 193 4752 ruuv.
997 4703 1077 4743 mero
1090 4703 1216 4742 errorem
1233 4685 1426 4757 Hieronymus
1447 4683 1562 4741 refellit.
1588 4683 1660 4741 Vide
1675 4699 1743 4740 oum
1758 4681 1820 4808 ppi-

1786 4769 1820 4808 a·

145 4835 156 4869 ⁵
171 4835 244 4890 Tres
259 4849 274 4890 e
290 4831 398 4888 nostris
415 4847 502 4900 msa,
519 4832 567 4901 qai
581 4846 637 4886 raca
660 4829 729 4884 vidit
754 4845 838 4901 optus:
861 4845 941 4901 pres·
996 4830 1057 4886 tine
1072 4828 1198 4884 reddidit
1219 4827 1249 4882 S.
1276 4829 1386 4894 doctor,
1412 4826 1569 4883 paschales
1591 4827 1713 4882 litteras.
1729 4824 1819 4881 Crete·

105 4907 175 4964 sius
191 4903 289 4961 Graeco
305 4901 355 4956 oda
370 4899 437 4958 οἶδε.
996 4917 1061 4956 rum
1076 4905 1135 4955 tres
1151 4917 1166 4954 e
1182 4898 1290 4954 nostris
1306 4915 1378 4954 mss.
1396 4914 1497 4954 vocem
1512 4903 1619 4967 nostre,
1634 4897 1783 4969 ignorant.

146 4976 255 5032 ¹llanc
285 4975 439 5048 pericopen
470 4973 512 5028 ita
538 4973 620 5029 effert
649 4971 709 5026 sive
735 4970 861 5044 explicat
891 4969 941 5024 al·
1033 4971 1284 5028 -Aaimnseaim
1304 4979 1415 5025 nostros
1439 4972 1596 5040 antequam.
1622 4966 1821 5034 Cave,lector,

106 5049 191 5106 cuin.
208 5049 263 5104 llos
276 5050 368 5102 eutem
389 5046 467 5111 dicit,
482 5061 536 5100 noa
565 5046 631 5115 quio
655 5044 756 5098 animae
782 5044 839 5097 sint
854 5041 942 5097 laomi-
997 5059 1033 5098 ne
1046 5041 1123 5097 hunc
1134 5057 1260 5098 errorem
1272 5040 1403 5096 ascribas
1416 5039 1601 5120 Hieronymo,
1613 5038 1662 5110 qui
1673 5054 1741 5093 eum
1752 5041 1822 5094 stre-

105 5137 190 5186 nam,
226 5117 377 5174 meandum
412 5117 595 5188 quorumdam
627 5129 757 5181 errorem,
796 5116 943 5182 antequem
997 5131 1054 5169 nuc
1067 5112 1226 5168 confutavit
1240 5112 1269 5166 in
1286 5109 1414 5184 Epistola
1429 5111 1465 5164 ad
1486 5111 1612 5165 Avitum.
1629 5109 1824 5181 Origeninnus

105 5189 336 5248 nascaturlomo
352 5190 381 5244 in
398 5187 511 5255 innodo,
535 5187 581 5243 scd
605 5188 671 5258 qnia
696 5187 796 5240 metius
818 5185 865 5247 sit,
885 5199 943 5238 om·
1001 5184 1091 5255 igitur
1105 5185 1167 5256 ipse
1181 5182 1416 5238 Commentarius
1439 5186 1494 5246 est,
1524 5189 1555 5236 ut
1582 5178 1824 5236 manifestissime

107 5265 180 5318 nino
210 5277 265 5317 aen
296 5275 364 5316 ease.
394 5259 492 5327 Porro,
523 5259 601 5330 quod
631 5256 817 5314 Martianaeus
847 5257 942 5326 putat,
998 5257 1203 5328 comprobatur
1218 5270 1252 5308 ex
1266 5251 1465 5325 superioribus
1479 5251 1587 5318 verbis,
1600 5252 1658 5308 rltii
1672 5267 1736 5308 uero
1751 5251 1824 5306 bunc

107 5330 343 5404 Hieronymiena
358 5329 502 5386 sententia
512 5328 644 5403 jugulari
660 5329 773 5400 ineptas
789 5324 943 5383 scholasti·
998 5329 1086 5383 locam
1103 5329 1140 5383 ito
1155 5325 1325 5392 r'ntellipuat
1342 5330 1395 5380 etc.
1414 5327 1556 5379 Mnnrrnv.

107 5421 216 5464 corum
246 5403 409 5474 opiniones,
436 5402 487 5472 qui
516 5401 637 5457 tradunt
669 5404 807 5472 prestare
832 5397 943 5456 homini
1033 5398 1193 5454 ¹ltlartian.
1209 5397 1349 5452 emulatio
1369 5397 1439 5462 viro,
1464 5395 1736 5468 contradicentibus
1751 5409 1823 5452 mss.

110 5473 318 5534 infelicissime
348 5475 496 5540 exsistere,
522 5489 610 5545 quarn
636 5472 755 5528 omnino
781 5487 838 5526 non
868 5485 943 5538 esse,
999 5474 1086 5539 atque
1101 5468 1187 5525 editis
1202 5467 1296 5532 libris,
1313 5467 1538 5540 ipsoquetextu.

110 5555 220 5621 preter
235 5544 427 5620 philosophos
448 5545 603 5614 plerosque
629 5560 741 5610 onincs,
757 5541 787 5598 S.
803 5543 943 5615 Augusti·
1034 5543 1055 5576 ¹¹
1070 5541 1132 5597 Duo
1148 5557 1232 5607 mss,
1249 5539 1314 5612 qaid
1326 5540 1550 5610 testarspiritas,
1566 5545 1592 5595 ct
1604 5541 1654 5606 sic,
1671 5541 1727 5596 etc.

113 5617 254 5694 nosipse
279 5617 428 5691 improbat
454 5617 504 5672 lib.
534 5633 565 5672 ιιι
593 5616 628 5672 de
657 5614 747 5674 libero
762 5614 900 5688 Arbitrio,
917 5618 946 5676 et
1035 5613 1055 5650 ¹¹
1072 5611 1280 5674 retracto:
1295 5611 1476 5688 patanae.
1501 5609 1591 5670 Aliter
1609 5609 1675 5684 lego
1698 5611 1728 5667 in
1750 5622 1823 5668 mss.

282 5741 420 5808 Parnon.
443 5739 555 5808 xxltt.
1627 5737 1665 5800 tt

143 4765 154 4798 ¹
170 4761 297 4818 Palatini
312 4761 371 4816 duo
387 4776 471 4826 mss„
485 4759 649 4831 acquirant.
997 4759 1053 4814 mis
1069 4757 1159 4830 Epist.
1188 4757 1240 4812 tm
1263 4758 1299 4812 ad
1324 4756 1454 4820 Avitum,
1478 4755 1642 4828 Theophili,
1668 4771 1741 4828 quas
