4108 6174
642 305 850 376 excussuri
870 303 923 376 ult
941 299 1156 376 cummis
1170 311 1210 374 ltt
1231 303 1313 376 JOB.

709 1040 1272 1179 conclusio,

787 1339 932 1413 cuditis
953 1343 1034 1414 't'tttl
1056 1343 1198 1427 PATER,

561 1449 706 1512 thlillA
726 1448 954 1523 unicornus,
972 1449 1055 1512 CUM
1077 1451 1231 1512 SANCTO
1253 1451 1423 1526 stituit,

733 1545 772 1606 ΙΝ
795 1545 1051 1608 sufficientum
1073 1547 1251 1612 sAEctJttl.
1371 1597 1375 1606 .

176 2001 283 2056 Beatus
297 2013 365 2057 vero
379 1997 436 2055 lob
452 2014 487 2055 ex
506 1997 569 2056 suis
595 1997 692 2054 verbis
717 1999 746 2054 et
769 1996 968 2070 passionibus,
983 1999 1011 2067 Α
1026 1998 1114 2056 tidem
1130 2000 1165 2056 ad
1180 1999 1330 2058 christum
1351 2002 1533 2060 venientium
1548 2003 1649 2060 otteret
1667 2003 1694 2061 ei
1708 2003 1848 2062 innocen-

138 2087 252 2145 Ghristi
281 2085 425 2160 expressit
460 2085 631 2160 imaginem.
668 2085 780 2156 Gonjux
808 2100 875 2142 veru
903 2087 968 2158 ejus
1024 2086 1096 2144 tium
1133 2104 1229 2158 susm,
1271 2089 1439 2163 mentisque
1472 2091 1680 2149 obedientiam.
1717 2093 1850 2150 Dominus

7 2207 12 2232 ι
137 2173 304 2234 cernelium
324 2179 427 2250 typum
454 2173 599 2248 designat,
629 2173 680 2247 qui
705 2171 784 2230 intre
808 2171 968 2231 Ecclesiam
1025 2179 1118 2233 autem
1139 2178 1296 2234 decutiendis
1320 2177 1368 2236 tet
1393 2177 1533 2236 benedixit
1554 2179 1643 2250 mepte
1663 2187 1746 2252 pects
1767 2183 1848 2251 prte-

137 2265 243 2340 positi‚
257 2265 348 2322 vitem
363 2263 563 2338 spiritualium
583 2263 716 2322 moribus
740 2261 802 2320 suis
824 2260 969 2320 stundsli·
1024 2266 1096 2338 cipio
1110 2266 1179 2338 cire.
1196 2264 1342 2340 Principia
1356 2265 1465 2324 Christi
1479 2267 1531 2324 llei
1554 2272 1584 2325 et
1605 2267 1721 2326 Domini
1744 2269 1849 2343 nostri,

137 2358 219 2410 eunt.
234 2352 331 2410 Amici
346 2352 410 2425 ejus
426 2353 551 2427 figuram
575 2351 778 2410 hereticorum
803 2353 969 2426 designent.
1025 2352 1098 2427 legis
1112 2354 1202 2427 ltcysi
1217 2355 1336 2412 exordia
1348 2371 1413 2414 esse
1435 2355 1593 2430 signifieat,
1609 2356 1768 2414 novissime
1781 2373 1850 2415 voro

10 2463 16 2502 ς
136 2441 206 2499 llliu
220 2457 288 2500 vere
301 2441 475 2516 gentilitatis
489 2441 594 2499 habuit
612 2440 785 2515 imaginem.
810 2441 866 2498 Sed
891 2455 975 2498 nune
1026 2443 1092 2514 ejus
1105 2441 1296 2518 llvsngelium
1311 2459 1378 2502 esse
1391 2449 1547 2516 monstrat,
1566 2449 1596 2503 et
1610 2444 1771 2504 meliorest
1785 2463 1848 2504 me·

8 2541 14 2554 ’
137 2529 476 2606 exstinctagentititste
504 2535 593 2604 atque
621 2529 741 2600 abolita,
775 2529 904 2586 heretici
933 2529 970 2586 ed
1029 2530 1178 2588 nilestutio
1194 2532 1326 2590 veritatis
1336 2531 1633 2608 inllvangelio,quam
1643 2533 1850 2609 allegoriarum

140 2619 292 2677 Christum
308 2635 326 2675 a
345 2623 403 2677 Deo
418 2619 647 2694 premittuntur‚
670 2623 699 2676 et
713 2634 766 2692 per
780 2617 971 2675 mediatorem
1026 2619 1134 2677 umbra
1148 2619 1178 2678 in
1201 2619 1298 2678 Veteri
1322 2621 1521 2679 testamento.
1541 2622 1635 2689 Quam
1649 2638 1717 2681 vero
1736 2621 1851 2698 signill-

11 2737 16 2749 ·
139 2709 204 2766 Deo
233 2707 449 2766 reconciliator.
485 2707 520 2765 ln
555 2705 726 2765 holocausto
759 2720 826 2764 veru
859 2711 970 2780 septem
1027 2707 1173 2766 ostionem
1199 2707 1375 2767 animalium
1395 2710 1537 2768 voeabula
1565 2710 1595 2767 in
1616 2726 1648 2769 ss
1672 2711 1852 2782 contineant,

140 2804 300 2856 taurorum
316 2800 345 2854 et
359 2797 496 2868 arietum,
511 2796 676 2858 orationum
701 2801 789 2870 etque
810 2796 971 2872 eleemosy·
1027 2796 1057 2852 in
1073 2796 1216 2870 principio
1232 2796 1321 2870 butus
1337 2797 1433 2871 operis
1457 2798 1567 2857 dixisse
1590 2816 1638 2857 me
1651 2799 1784 2858 memini.
1800 2801 1851 2858 Se·

144 2903 254 2944 narum
296 2885 497 2944 satisfactione
526 2885 698 2960 poenitentia
733 2887 971 2944 demonstretur.
1027 2890 1108 2959 ptem
1124 2885 1178 2942 tilii
1195 2886 1397 2960 septiformem
1416 2887 1542 2960 gratiam
1562 2887 1689 2962 Spiritus
1702 2889 1805 2959 saneti,
1823 2893 1853 2948 et

143 2976 229 3043 Quod
257 2979 355 3033 autem
383 2975 434 3044 ait,
469 2976 602 3033 Dominus
633 2977 751 3048 suscepit
782 2976 883 3048 factm
913 2975 972 3044 tot,
1028 2979 1088 3032 tres
1103 2974 1169 3031 illie
1184 2975 1289 3049 legem,
1306 2975 1475 3050 prophetes,
1501 2981 1530 3034 st
1551 2976 1742 3051 llvongslinm
1762 2979 1853 3052 signi·

143 3070 177 3122 et
204 3061 340 3138 reliquu;
366 3067 399 3121 ut
422 3064 552 3122 loannes
575 3063 634 3121 ait:
664 3065 724 3138 lpse
750 3067 791 3122 eat
814 3065 974 3137 propitiatio
1029 3063 1127 3121 fleant.
1143 3063 1269 3120 Nomina
1282 3063 1411 3120 tiliarum
1424 3065 1499 3136 ejus,
1516 3067 1590 3134 llice,
1606 3065 1711 3138 Casside
1733 3066 1850 3124 Comes-

143 3153 224 3227 upcd
236 3157 357 3212 Putrem.
382 3153 431 3212 Sic
455 3154 555 3228 itaque
576 3153 664 3210 tocies
684 3151 844 3211 salvatoris
858 3169 875 3210 a
889 3152 974 3212 Patre
1029 3152 1110 3210 titia.
1128 3153 1194 3210 cies
1214 3168 1283 3226 ergo
1306 3150 1353 3209 lex
1377 3151 1429 3209 Dei
1452 3156 1507 3223 est,
1532 3169 1596 3226 que
1620 3155 1851 3229 adagnitionem

143 3241 318 3316 suscipitur,
335 3243 406 3300 dum
420 3246 451 3301 et
468 3243 532 3316 ipse
559 3241 678 3299 exaudit
702 3245 731 3298 et
754 3242 974 3316 excuditurpro
1029 3241 1172 3310 veritatis,
1194 3245 1308 3298 noctem
1342 3239 1479 3299 humens
1501 3243 1672 3315 ignorantia
1694 3243 1853 3303 illuminat.

144 3331 245 3389 nobis.
260 3331 292 3388 st
315 3331 417 3404 adjecit
441 3333 582 3402 Dmnince,
607 3334 636 3388 et
658 3330 781 3403 relique.
808 3329 862 3386 llla
885 3330 1014 3431 igiturB
1031 3331 1125 3387 Cassio
1148 3333 1254 3388 sancte
1272 3329 1421 3388 unctionis
1450 3331 1571 3388 domurn
1599 3336 1653 3389 est.
1678 3332 1854 3391 comedeia

145 3419 248 3478 additu
263 3420 463 3479 suntGhristo
478 3420 614 3491 Domino,
637 3436 705 3477 eum
727 3418 835 3492 populo
857 3419 974 3476 ludeo·
1029 3419 1297 3493 competentissime
1338 3418 1519 3493 llvangelicis
1559 3420 1652 3494 copiis
1688 3427 1852 3495 coaptetur.

145 3525 225 3581 rum,
240 3509 374 3583 gentium
390 3508 549 3566 multitudo
565 3507 693 3566 additur.
715 3507 812 3565 &unes
835 3509 976 3580 fratrent
1028 3508 1124 3564 Cornu
1161 3523 1228 3564 vcro
1264 3507 1301 3563 ad
1337 3506 1510 3580 dignitatem
1548 3507 1684 3566 Ecclesie
1717 3511 1852 3584 pertinet.

143 3613 261 3655 serorea
291 3597 395 3655 Omnis
430 3597 565 3672 cognatio
592 3595 692 3672 populi
727 3597 909 3663 iudeorum,
938 3595 974 3652 ds
1028 3595 1283 3661 Quemadmodum
1297 3610 1365 3651 vero
1380 3595 1485 3652 boetus
1499 3595 1555 3653 lob
1569 3601 1638 3669 post
1650 3597 1793 3654 damnum
1808 3598 1854 3654 di·

145 3697 275 3760 quorum
291 3681 403 3758 familis
417 3683 549 3743 christus
564 3689 653 3744 natus
668 3688 721 3743 est.
747 3684 811 3742 Sive
831 3682 975 3759 generali·
1028 3688 1108 3741 totus
1128 3687 1173 3740 est
1186 3683 1216 3739 in
1232 3679 1312 3752 tiliis,
1330 3680 1370 3739 it's
1392 3687 1421 3740 st
1435 3677 1567 3740 Salvator
1580 3681 1647 3757 post
1661 3685 1852 3742 amissionem

145 3771 194 3832 ter
226 3772 360 3832 omnium
386 3775 518 3848 gentium
552 3773 773 3831 multitudinem
813 3769 975 3847 intelligere
1028 3765 1192 3830 infidelium
1206 3770 1387 3836 iudeorum,
1402 3771 1514 3828 ditatus
1528 3775 1573 3828 est
1586 3771 1618 3828 in
1632 3773 1781 3846 gentibus.
1794 3775 1858 3832 liert

145 3879 319 3938 possumus.
337 3863 390 3933 oct
400 3865 481 3938 price
495 3867 629 3922 accedet
638 3863 823 3921 ecmomoss
837 3863 931 3920 suncti
947 3865 976 3920 et
1027 3869 1093 3920 scot
1106 3869 1199 3918 mitem
1213 3861 1334 3918 inorme
1347 3861 1479 3918 mutieres
1495 3863 1634 3932 petiere,
1659 3860 1729 3935 quia
1751 3859 1856 3921 eleeto·

147 3951 297 4027 prophete
311 3951 363 4027 qui
377 3954 513 4011 eumdum
535 3953 673 4011 videbunt
695 3952 725 4008 in
748 3951 870 4026 Spiritu,
886 3962 974 4026 quem
1028 3964 1095 4008 rum
1112 3951 1216 4009 enims
1231 3962 1319 4007 omne
1333 3949 1409 4022 quod
1433 3949 1464 4006 in
1479 3945 1557 4007 terra
1579 3950 1776 4022 conversatur,
1793 3959 1858 4011 suti

149 4042 243 4099 etism
268 4041 299 4098 in
328 4057 417 4099 earne
442 4045 600 4098 venturum
629 4041 834 4098 snnntiuhent.
849 4039 974 4098 dometic-
1028 4032 1856 4116 pulchritudinisdecomtranscendunt.Dedit'pttceieptte

141 4137 214 4188 ruat
227 4147 289 4188 erm
312 4147 355 4191 eo.
379 4127 463 4190 ltunc
486 4131 516 4188 lo
540 4129 629 4188 domu
651 4129 786 4188 ltcclssie
806 4129 973 4200 salvatoris,
1028 4135 1157 4199 moues,
1171 4131 1201 4185 et
1215 4125 1462 4201 reliqua.Sorures
1476 4140 1542 4185 cum
1558 4127 1698 4188 trattibus
1713 4129 1751 4188 ad
1765 4131 1857 4190 hum

142 4229 250 4278 omnes
264 4217 366 4277 tldslss
389 4217 605 4292 scripturarum
628 4217 881 4276 exhortationibus
906 4217 973 4276 retl-
1028 4217 1150 4276 ditstsm
1164 4211 1296 4286 veniunt,
1312 4217 1382 4291 quis
1395 4217 1505 4274 intlrmi
1521 4215 1550 4274 tn
1574 4228 1696 4298 regnum
1719 4221 1769 4278 Dei
1784 4229 1855 4280 eunt

141 4307 274 4366 ciuntur.
296 4301 334 4365 Et
367 4317 512 4366 mouerunt
547 4323 630 4382 super
657 4320 720 4366 mm
746 4315 839 4381 ceput.
865 4307 974 4366 Omnes
1028 4305 1155 4365 fortibus
1183 4303 1389 4365 dimittuntur.
1413 4305 1445 4362 st
1467 4307 1537 4364 cidit
1549 4305 1623 4380 ttici
1646 4321 1720 4368 asur.
1745 4303 1856 4370 Ssncts

142 4397 240 4454 suncti
255 4395 439 4456 exsultantes
453 4397 531 4470 quod
546 4396 688 4472 spiritalis
707 4401 737 4454 et
761 4395 835 4455 sueri
864 4393 974 4455 Christi
1028 4394 1245 4454 licclssiavidet
1263 4393 1340 4453 tilios
1362 4409 1444 4463 suos,
1470 4409 1537 4453 cum
1563 4397 1689 4470 primam
1718 4391 1855 4459 tldeliunt·

142 4485 269 4544 eondvii
293 4483 388 4544 ettecti'
406 4491 477 4544 sunt
502 4486 669 4561 participes.
691 4481 725 4543 tlt
746 4484 886 4544 eeceotott'
909 4489 974 4544 eunt
1027 4483 1158 4542 sobolem
1185 4483 1349 4558 conspicit:
1368 4483 1446 4541 videt
1467 4479 1543 4542 illos
1564 4481 1701 4556 tiliorum,
1727 4503 1795 4546 eum
1813 4483 1855 4547 stt

142 4585 232 4632 eum:
259 4573 439 4633 Salvatcrem
462 4579 597 4634 nostrum
614 4587 675 4632 non·
696 4575 884 4632 mediocriter
904 4587 973 4636 con·
1026 4573 1138 4631 eisdem
1153 4567 1292 4630 fidelibus
1304 4572 1378 4631 alios
1392 4571 1487 4647 gignit
1507 4569 1619 4631 fideles.
1642 4567 1677 4632 tut
1691 4573 1778 4650 plena
1790 4569 1856 4636 ets--

141 4661 268 4736 solutur,
283 4665 361 4737 quod
378 4663 507 4737 penetus
521 4664 690 4738 passionem
715 4655 971 4722 mnndusrsdem·
1027 4677 1093 4720 rum
1115 4662 1249 4730 moritur,
1274 4662 1344 4736 quia
1366 4678 1418 4735 per
1432 4661 1492 4718 trec
1510 4661 1855 4740 nunmnsdetempors,

141 4754 213 4828 ptus
237 4757 293 4811 est.
317 4753 457 4811 intulisse
485 4757 583 4811 autem
612 4753 685 4811 dicit
707 4751 779 4810 Filio
802 4769 856 4810 sno
877 4752 971 4811 Deum
987 4733 1008 4800 C
1027 4755 1166 4825 operatur
1183 4749 1264 4823 quod
1284 4749 1415 4809 transire
1435 4765 1496 4808 nou
1517 4753 1634 4826 poterit,
1660 4753 1729 4828 quia
1748 4747 1850 4816 fideles

140 4841 262 4898 l’stremv
275 4841 386 4900 mulum
402 4841 548 4916 pssslunis
566 4847 595 4901 et
609 4841 722 4910 mertis,
743 4845 776 4899 ut
790 4841 832 4900 ait
845 4843 971 4916 Aposto-
1024 4839 1159 4898 llcclesis
1175 4843 1204 4897 et
1225 4855 1314 4915 opera
1334 4839 1410 4898 bons
1434 4855 1501 4900 cum
1524 4841 1639 4900 christo
1656 4841 1690 4901 iu
1706 4842 1854 4904 cernunt

139 4930 209 4988 lue:
227 4929 281 5001 tini
292 4933 407 5005 propriu
422 4931 496 4990 sitio
517 4947 567 4991 ece
594 4947 649 4989 ecit
673 4931 805 5005 pepercit.
829 4931 864 4988 tit
890 4929 971 4988 dede·
1025 4931 1222 5004 perseverunt.

140 5022 453 5096 instituendoque
475 5033 551 5079 erem
568 5035 664 5079 enum.
695 5011 906 5094 Unusquisque
919 5033 972 5094 per
