<?xml version="1.0" encoding="UTF-8"?>
<!DOCTYPE html PUBLIC "-//W3C//DTD XHTML 1.0 Transitional//EN"
    "http://www.w3.org/TR/xhtml1/DTD/xhtml1-transitional.dtd">
<html xmlns="http://www.w3.org/1999/xhtml" xml:lang="en" lang="en">
 <head>
  <title>
</title>
<meta http-equiv="Content-Type" content="text/html;charset=utf-8" />
  <meta name='ocr-system' content='tesseract 3.04.00' />
  <meta name='ocr-capabilities' content='ocr_page ocr_carea ocr_par ocr_line ocrx_word'/>
</head>
<body>
  <div class='ocr_page' id='page_1' title='image "./patrologiaecurs01goog/patrologiaecurs01goog_0282.png"; bbox 0 0 4066 6162; ppageno 0'>
   <div class='ocr_carea' id='block_1_1' title="bbox 118 259 1823 345">
    <p class='ocr_par' dir='ltr' id='par_1_1' title="bbox 118 259 1823 345">
     <span class='ocr_line' id='line_1_1' title="bbox 118 259 1823 345; baseline 0.004 -9"><span class='ocrx_word' id='word_1_1' title='bbox 118 265 175 336; x_wconf 84' lang='lat' dir='ltr'><strong>cte</strong></span> <span class='ocrx_word' id='word_1_2' title='bbox 544 261 742 339; x_wconf 78' lang='lat' dir='ltr'><strong>bisinnus</strong></span> <span class='ocrx_word' id='word_1_3' title='bbox 763 259 1348 338; x_wconf 73' lang='lat' dir='ltr'><strong>nonrmimne1anos.-1.1o.</strong></span> <span class='ocrx_word' id='word_1_4' title='bbox 1369 265 1395 336; x_wconf 84' lang='lat' dir='ltr'><strong>t.</strong></span> <span class='ocrx_word' id='word_1_5' title='bbox 1759 275 1823 345; x_wconf 83' lang='lat' dir='ltr'><strong>eso</strong></span> 
     </span>
    </p>
   </div>
   <div class='ocr_carea' id='block_1_2' title="bbox 7 403 1819 484">
    <p class='ocr_par' dir='ltr' id='par_1_2' title="bbox 7 403 1819 484">
     <span class='ocr_line' id='line_1_2' title="bbox 7 403 1819 484; baseline 0.005 -22"><span class='ocrx_word' id='word_1_6' title='bbox 7 427 8 434; x_wconf 48' lang='lat'>¹</span> <span class='ocrx_word' id='word_1_7' title='bbox 113 403 459 479; x_wconf 84' lang='lat' dir='ltr'><strong>appropinquavitenim</strong></span> <span class='ocrx_word' id='word_1_8' title='bbox 475 407 752 481; x_wconf 84' lang='lat' dir='ltr'><strong>regnumcoelerum</strong></span> <span class='ocrx_word' id='word_1_9' title='bbox 772 408 876 478; x_wconf 72' lang='lat' dir='ltr'><strong>(baut.</strong></span> <span class='ocrx_word' id='word_1_10' title='bbox 902 407 1124 474; x_wconf 72' lang='lat' dir='ltr'><strong>1v,Anelorte</strong></span> <span class='ocrx_word' id='word_1_11' title='bbox 1141 405 1271 479; x_wconf 89' lang='lat' dir='ltr'><strong>inopere</strong></span> <span class='ocrx_word' id='word_1_12' title='bbox 1303 411 1332 464; x_wconf 91' lang='lat' dir='ltr'><strong>te</strong></span> <span class='ocrx_word' id='word_1_13' title='bbox 1359 406 1467 480; x_wconf 85' lang='lat' dir='ltr'><strong>aliquis</strong></span> <span class='ocrx_word' id='word_1_14' title='bbox 1493 405 1601 466; x_wconf 78' lang='lat' dir='ltr'>dixisse</span> <span class='ocrx_word' id='word_1_15' title='bbox 1627 411 1819 484; x_wconf 83' lang='lat' dir='ltr'><strong>existimaret,</strong></span> 
     </span>
    </p>
   </div>
   <div class='ocr_carea' id='block_1_3' title="bbox 106 493 1822 1279">
    <p class='ocr_par' dir='ltr' id='par_1_3' title="bbox 106 493 1822 1279">
     <span class='ocr_line' id='line_1_3' title="bbox 113 493 1819 572; baseline 0.006 -22"><span class='ocrx_word' id='word_1_16' title='bbox 113 493 172 565; x_wconf 80' lang='lat' dir='ltr'><strong>tr).</strong></span> <span class='ocrx_word' id='word_1_17' title='bbox 189 515 205 546; x_wconf 75' lang='lat' dir='ltr'><strong>a</strong></span> <span class='ocrx_word' id='word_1_18' title='bbox 221 493 260 550; x_wconf 81' lang='lat' dir='ltr'><strong>st</strong></span> <span class='ocrx_word' id='word_1_19' title='bbox 283 494 392 552; x_wconf 90' lang='lat' dir='ltr'><strong>iterum</strong></span> <span class='ocrx_word' id='word_1_20' title='bbox 414 512 454 550; x_wconf 76' lang='lat' dir='ltr'><strong>:n</strong></span> <span class='ocrx_word' id='word_1_21' title='bbox 466 496 626 554; x_wconf 89' lang='lat' dir='ltr'><strong>.Circuibat</strong></span> <span class='ocrx_word' id='word_1_22' title='bbox 648 497 736 554; x_wconf 86' lang='lat' dir='ltr'><strong>Jesns</strong></span> <span class='ocrx_word' id='word_1_23' title='bbox 762 496 893 554; x_wconf 83' lang='lat' dir='ltr'><strong>civitates</strong></span> <span class='ocrx_word' id='word_1_24' title='bbox 917 499 945 553; x_wconf 88' lang='lat' dir='ltr'><strong>et</strong></span> <span class='ocrx_word' id='word_1_25' title='bbox 999 495 1155 552; x_wconf 91' lang='lat' dir='ltr'><strong>annectis:</strong></span> <span class='ocrx_word' id='word_1_26' title='bbox 1174 494 1282 552; x_wconf 82' lang='lat' dir='ltr'><strong>italum</strong></span> <span class='ocrx_word' id='word_1_27' title='bbox 1297 511 1351 554; x_wconf 93' lang='lat' dir='ltr'><strong>nec</strong></span> <span class='ocrx_word' id='word_1_28' title='bbox 1366 497 1555 570; x_wconf 85' lang='lat' dir='ltr'><strong>cogitandum</strong></span> <span class='ocrx_word' id='word_1_29' title='bbox 1569 500 1579 534; x_wconf 77' lang='lat'>⁵</span> <span class='ocrx_word' id='word_1_30' title='bbox 1595 499 1648 572; x_wconf 85' lang='lat' dir='ltr'><strong>(tit.</strong></span> <span class='ocrx_word' id='word_1_31' title='bbox 1676 518 1757 570; x_wconf 80' lang='lat' dir='ltr'><strong>cxxx,</strong></span> <span class='ocrx_word' id='word_1_32' title='bbox 1790 503 1819 560; x_wconf 88' lang='lat' dir='ltr'><strong>et</strong></span> 
     </span>
     <span class='ocr_line' id='line_1_4' title="bbox 106 583 1820 660; baseline 0.006 -21"><span class='ocrx_word' id='word_1_33' title='bbox 106 583 205 650; x_wconf 76' lang='lat' dir='ltr'><strong>uicos,</strong></span> <span class='ocrx_word' id='word_1_34' title='bbox 220 585 335 640; x_wconf 88' lang='lat' dir='ltr'><strong>docens</strong></span> <span class='ocrx_word' id='word_1_35' title='bbox 350 584 379 640; x_wconf 94' lang='lat' dir='ltr'><strong>in</strong></span> <span class='ocrx_word' id='word_1_36' title='bbox 393 586 549 659; x_wconf 76' lang='lat' dir='ltr'><strong>synagogis</strong></span> <span class='ocrx_word' id='word_1_37' title='bbox 568 587 628 655; x_wconf 83' lang='lat' dir='ltr'><strong>(At.</strong></span> <span class='ocrx_word' id='word_1_38' title='bbox 649 587 808 660; x_wconf 77' lang='lat' dir='ltr'><strong>synagoga)</strong></span> <span class='ocrx_word' id='word_1_39' title='bbox 831 601 944 653; x_wconf 89' lang='lat' dir='ltr'><strong>eorum,</strong></span> <span class='ocrx_word' id='word_1_40' title='bbox 999 585 1106 656; x_wconf 81' lang='lat' dir='ltr'><strong>cxxxi),</strong></span> <span class='ocrx_word' id='word_1_41' title='bbox 1123 607 1137 636; x_wconf 80' lang='lat' dir='ltr'><strong>u</strong></span> <span class='ocrx_word' id='word_1_42' title='bbox 1152 600 1247 656; x_wconf 87' lang='lat' dir='ltr'><strong>nsque</strong></span> <span class='ocrx_word' id='word_1_43' title='bbox 1261 584 1342 642; x_wconf 90' lang='lat' dir='ltr'><strong>illius</strong></span> <span class='ocrx_word' id='word_1_44' title='bbox 1357 587 1507 643; x_wconf 80' lang='lat' dir='ltr'><strong>sententie</strong></span> <span class='ocrx_word' id='word_1_45' title='bbox 1529 589 1692 646; x_wconf 89' lang='lat' dir='ltr'><strong>recordaris</strong></span> <span class='ocrx_word' id='word_1_46' title='bbox 1708 607 1715 646; x_wconf 79' lang='lat' dir='ltr'><strong><em>z</em></strong></span> <span class='ocrx_word' id='word_1_47' title='bbox 1732 613 1746 642; x_wconf 80' lang='grc' dir='ltr'><strong>ι</strong></span> <span class='ocrx_word' id='word_1_48' title='bbox 1763 593 1820 649; x_wconf 83' lang='lat' dir='ltr'><strong>lle·</strong></span> 
     </span>
     <span class='ocr_line' id='line_1_5' title="bbox 112 671 1820 748; baseline 0.005 -18"><span class='ocrx_word' id='word_1_49' title='bbox 112 679 142 730; x_wconf 90' lang='lat' dir='ltr'><strong>et</strong></span> <span class='ocrx_word' id='word_1_50' title='bbox 156 672 327 746; x_wconf 78' lang='lat' dir='ltr'><strong>praedicens</strong></span> <span class='ocrx_word' id='word_1_51' title='bbox 341 689 467 748; x_wconf 86' lang='lat' dir='ltr'><strong>regnum</strong></span> <span class='ocrx_word' id='word_1_52' title='bbox 483 674 533 732; x_wconf 88' lang='lat' dir='ltr'><strong>Dei</strong></span> <span class='ocrx_word' id='word_1_53' title='bbox 550 673 654 746; x_wconf 69' lang='lat' dir='ltr'><strong>[Noui.</strong></span> <span class='ocrx_word' id='word_1_54' title='bbox 672 691 711 743; x_wconf 85' lang='lat' dir='ltr'><strong>rx,</strong></span> <span class='ocrx_word' id='word_1_55' title='bbox 725 675 782 748; x_wconf 86' lang='grc'><strong>35).</strong></span> <span class='ocrx_word' id='word_1_56' title='bbox 799 696 814 724; x_wconf 91' lang='lat'>»</span> <span class='ocrx_word' id='word_1_57' title='bbox 830 677 865 730; x_wconf 84' lang='lat' dir='ltr'><strong>st</strong></span> <span class='ocrx_word' id='word_1_58' title='bbox 878 691 945 747; x_wconf 92' lang='lat' dir='ltr'><strong>apo·</strong></span> <span class='ocrx_word' id='word_1_59' title='bbox 999 672 1068 729; x_wconf 87' lang='lat' dir='ltr'><strong>licia</strong></span> <span class='ocrx_word' id='word_1_60' title='bbox 1082 671 1149 745; x_wconf 86' lang='lat' dir='ltr'><strong>quis</strong></span> <span class='ocrx_word' id='word_1_61' title='bbox 1165 671 1302 746; x_wconf 88' lang='lat' dir='ltr'><strong>intelligit</strong></span> <span class='ocrx_word' id='word_1_62' title='bbox 1315 673 1329 729; x_wconf 85' lang='lat' dir='ltr'><strong>‘l</strong></span> <span class='ocrx_word' id='word_1_63' title='bbox 1343 675 1380 731; x_wconf 94' lang='lat' dir='ltr'><strong>ab</strong></span> <span class='ocrx_word' id='word_1_64' title='bbox 1395 673 1519 732; x_wconf 89' lang='lat' dir='ltr'><strong>occultis</strong></span> <span class='ocrx_word' id='word_1_65' title='bbox 1534 677 1608 733; x_wconf 89' lang='lat' dir='ltr'><strong>meis</strong></span> <span class='ocrx_word' id='word_1_66' title='bbox 1620 679 1698 734; x_wconf 71' lang='grc'><strong>130</strong></span> <span class='ocrx_word' id='word_1_67' title='bbox 1709 681 1820 738; x_wconf 89' lang='lat' dir='ltr'><strong>munda</strong></span> 
     </span>
     <span class='ocr_line' id='line_1_6' title="bbox 112 760 1819 841; baseline 0.005 -23"><span class='ocrx_word' id='word_1_68' title='bbox 112 761 202 820; x_wconf 87' lang='lat' dir='ltr'><strong>stolis</strong></span> <span class='ocrx_word' id='word_1_69' title='bbox 217 760 352 836; x_wconf 79' lang='lat' dir='ltr'><strong>precipit</strong></span> <span class='ocrx_word' id='word_1_70' title='bbox 368 779 376 817; x_wconf 76' lang='grc' dir='ltr'><strong><em>ε</em></strong></span> <span class='ocrx_word' id='word_1_71' title='bbox 393 785 408 812; x_wconf 89' lang='lat'>«</span> <span class='ocrx_word' id='word_1_72' title='bbox 425 761 466 819; x_wconf 89' lang='lat' dir='ltr'><strong>lte</strong></span> <span class='ocrx_word' id='word_1_73' title='bbox 481 766 510 819; x_wconf 93' lang='lat' dir='ltr'><strong>et</strong></span> <span class='ocrx_word' id='word_1_74' title='bbox 524 763 691 836; x_wconf 84' lang='lat' dir='ltr'><strong>predicate,</strong></span> <span class='ocrx_word' id='word_1_75' title='bbox 708 763 850 830; x_wconf 87' lang='lat' dir='ltr'><strong>dicentes,</strong></span> <span class='ocrx_word' id='word_1_76' title='bbox 873 779 945 835; x_wconf 91' lang='lat' dir='ltr'><strong>quo·</strong></span> <span class='ocrx_word' id='word_1_77' title='bbox 1000 777 1058 828; x_wconf 89' lang='lat' dir='ltr'><strong>me,</strong></span> <span class='ocrx_word' id='word_1_78' title='bbox 1074 761 1207 828; x_wconf 86' lang='lat' dir='ltr'><strong>Domine,</strong></span> <span class='ocrx_word' id='word_1_79' title='bbox 1222 762 1295 817; x_wconf 87' lang='lat' dir='ltr'><strong>etab</strong></span> <span class='ocrx_word' id='word_1_80' title='bbox 1312 762 1415 818; x_wconf 80' lang='lat' dir='ltr'><strong>alienis</strong></span> <span class='ocrx_word' id='word_1_81' title='bbox 1431 779 1516 836; x_wconf 90' lang='lat' dir='ltr'><strong>parce</strong></span> <span class='ocrx_word' id='word_1_82' title='bbox 1545 781 1627 821; x_wconf 85' lang='lat' dir='ltr'><strong>servo</strong></span> <span class='ocrx_word' id='word_1_83' title='bbox 1655 770 1705 822; x_wconf 91' lang='lat' dir='ltr'><strong>tuo</strong></span> <span class='ocrx_word' id='word_1_84' title='bbox 1733 769 1819 841; x_wconf 80' lang='lat' dir='ltr'><strong>(Prot.</strong></span> 
     </span>
     <span class='ocr_line' id='line_1_7' title="bbox 113 849 1821 928; baseline 0.004 -21"><span class='ocrx_word' id='word_1_85' title='bbox 113 850 201 908; x_wconf 86' lang='lat' dir='ltr'><strong>niam</strong></span> <span class='ocrx_word' id='word_1_86' title='bbox 227 849 455 924; x_wconf 84' lang='lat' dir='ltr'><strong>appopinquavit</strong></span> <span class='ocrx_word' id='word_1_87' title='bbox 477 865 601 924; x_wconf 86' lang='lat' dir='ltr'><strong>regnum</strong></span> <span class='ocrx_word' id='word_1_88' title='bbox 625 849 765 908; x_wconf 85' lang='lat' dir='ltr'><strong>ooelorum</strong></span> <span class='ocrx_word' id='word_1_89' title='bbox 788 850 895 922; x_wconf 84' lang='lat' dir='ltr'><strong>(lduttt.</strong></span> <span class='ocrx_word' id='word_1_90' title='bbox 916 869 945 917; x_wconf 80' lang='grc' dir='ltr'><strong>ι,</strong></span> <span class='ocrx_word' id='word_1_91' title='bbox 998 866 1069 907; x_wconf 81' lang='grc' dir='ltr'><strong>ιιιι</strong></span> <span class='ocrx_word' id='word_1_92' title='bbox 1085 849 1130 921; x_wconf 78' lang='lat' dir='ltr'><strong>ie)</strong></span> <span class='ocrx_word' id='word_1_93' title='bbox 1149 867 1155 916; x_wconf 93' lang='lat'>;</span> <span class='ocrx_word' id='word_1_94' title='bbox 1174 871 1187 898; x_wconf 80' lang='lat' dir='ltr'><strong>n</strong></span> <span class='ocrx_word' id='word_1_95' title='bbox 1204 866 1270 906; x_wconf 91' lang='lat' dir='ltr'><strong>cum</strong></span> <span class='ocrx_word' id='word_1_96' title='bbox 1286 849 1414 908; x_wconf 75' lang='lat' dir='ltr'><strong>Ecclesia</strong></span> <span class='ocrx_word' id='word_1_97' title='bbox 1430 851 1519 908; x_wconf 89' lang='lat' dir='ltr'><strong>etiam</strong></span> <span class='ocrx_word' id='word_1_98' title='bbox 1534 869 1568 909; x_wconf 87' lang='lat' dir='ltr'><strong>ea</strong></span> <span class='ocrx_word' id='word_1_99' title='bbox 1583 870 1647 925; x_wconf 83' lang='lat' dir='ltr'><strong>que</strong></span> <span class='ocrx_word' id='word_1_100' title='bbox 1668 870 1719 926; x_wconf 92' lang='lat' dir='ltr'><strong>per</strong></span> <span class='ocrx_word' id='word_1_101' title='bbox 1740 856 1821 928; x_wconf 88' lang='lat' dir='ltr'><strong>ignc-</strong></span> 
     </span>
     <span class='ocr_line' id='line_1_8' title="bbox 118 937 1820 1015; baseline 0.004 -21"><span class='ocrx_word' id='word_1_102' title='bbox 118 938 162 1010; x_wconf 74' lang='lat'><strong>7).</strong></span> <span class='ocrx_word' id='word_1_103' title='bbox 183 961 199 988; x_wconf 73' lang='grc' dir='ltr'><strong>ι</strong></span> <span class='ocrx_word' id='word_1_104' title='bbox 212 939 256 995; x_wconf 83' lang='grc' dir='ltr'><strong>Τι</strong></span> <span class='ocrx_word' id='word_1_105' title='bbox 268 943 362 996; x_wconf 71' lang='lat' dir='ltr'><strong>subm</strong></span> <span class='ocrx_word' id='word_1_106' title='bbox 378 937 445 996; x_wconf 91' lang='lat' dir='ltr'><strong>illos</strong></span> <span class='ocrx_word' id='word_1_107' title='bbox 461 938 638 996; x_wconf 82' lang='lat' dir='ltr'><strong>Manicbeos</strong></span> <span class='ocrx_word' id='word_1_108' title='bbox 651 955 748 1008; x_wconf 86' lang='lat' dir='ltr'><strong>voces,</strong></span> <span class='ocrx_word' id='word_1_109' title='bbox 766 938 835 1012; x_wconf 92' lang='lat' dir='ltr'><strong>quia</strong></span> <span class='ocrx_word' id='word_1_110' title='bbox 850 938 920 1012; x_wconf 88' lang='lat' dir='ltr'><strong>Legi</strong></span> <span class='ocrx_word' id='word_1_111' title='bbox 935 940 942 973; x_wconf 87' lang='lat'><strong>¹</strong></span> <span class='ocrx_word' id='word_1_112' title='bbox 1000 939 1126 994; x_wconf 85' lang='lat' dir='ltr'><strong>rentiam</strong></span> <span class='ocrx_word' id='word_1_113' title='bbox 1138 937 1381 1011; x_wconf 89' lang='lat' dir='ltr'><strong>delinquimus,et</strong></span> <span class='ocrx_word' id='word_1_114' title='bbox 1391 939 1453 996; x_wconf 88' lang='lat' dir='ltr'><strong>sola</strong></span> <span class='ocrx_word' id='word_1_115' title='bbox 1463 941 1640 1014; x_wconf 89' lang='lat' dir='ltr'><strong>cogitatione</strong></span> <span class='ocrx_word' id='word_1_116' title='bbox 1654 959 1820 1015; x_wconf 79' lang='lat' dir='ltr'><strong>peccamus,</strong></span> 
     </span>
     <span class='ocr_line' id='line_1_9' title="bbox 119 1025 1822 1105; baseline 0.005 -23"><span class='ocrx_word' id='word_1_117' title='bbox 119 1026 310 1100; x_wconf 79' lang='lat' dir='ltr'><strong>livangelinm</strong></span> <span class='ocrx_word' id='word_1_118' title='bbox 327 1027 524 1100; x_wconf 77' lang='lat' dir='ltr'><strong>preferentes,</strong></span> <span class='ocrx_word' id='word_1_119' title='bbox 543 1028 572 1084; x_wconf 94' lang='lat' dir='ltr'><strong>in</strong></span> <span class='ocrx_word' id='word_1_120' title='bbox 589 1027 640 1084; x_wconf 88' lang='lat' dir='ltr'><strong>illa</strong></span> <span class='ocrx_word' id='word_1_121' title='bbox 662 1029 809 1098; x_wconf 86' lang='lat' dir='ltr'><strong>umbram,</strong></span> <span class='ocrx_word' id='word_1_122' title='bbox 835 1027 865 1084; x_wconf 93' lang='lat' dir='ltr'><strong>in</strong></span> <span class='ocrx_word' id='word_1_123' title='bbox 891 1027 946 1085; x_wconf 93' lang='lat' dir='ltr'><strong>boc</strong></span> <span class='ocrx_word' id='word_1_124' title='bbox 1000 1025 1107 1082; x_wconf 89' lang='lat' dir='ltr'><strong>delicta</strong></span> <span class='ocrx_word' id='word_1_125' title='bbox 1121 1042 1185 1083; x_wconf 90' lang='lat' dir='ltr'><strong>esse</strong></span> <span class='ocrx_word' id='word_1_126' title='bbox 1201 1027 1326 1083; x_wconf 85' lang='lat' dir='ltr'><strong>latentur</strong></span> <span class='ocrx_word' id='word_1_127' title='bbox 1341 1052 1348 1096; x_wconf 90' lang='lat'>;</span> <span class='ocrx_word' id='word_1_128' title='bbox 1364 1027 1394 1084; x_wconf 91' lang='lat' dir='ltr'><strong>in</strong></span> <span class='ocrx_word' id='word_1_129' title='bbox 1410 1033 1537 1096; x_wconf 88' lang='lat' dir='ltr'><strong>tautum,</strong></span> <span class='ocrx_word' id='word_1_130' title='bbox 1564 1039 1597 1086; x_wconf 89' lang='lat' dir='ltr'><strong>ut</strong></span> <span class='ocrx_word' id='word_1_131' title='bbox 1624 1031 1737 1090; x_wconf 87' lang='lat' dir='ltr'><strong>hostias</strong></span> <span class='ocrx_word' id='word_1_132' title='bbox 1771 1049 1822 1105; x_wconf 93' lang='lat' dir='ltr'><strong>pro</strong></span> 
     </span>
     <span class='ocr_line' id='line_1_10' title="bbox 120 1115 1822 1192; baseline 0.003 -20"><span class='ocrx_word' id='word_1_133' title='bbox 120 1115 273 1172; x_wconf 85' lang='lat' dir='ltr'><strong>veritatem</strong></span> <span class='ocrx_word' id='word_1_134' title='bbox 309 1131 374 1172; x_wconf 88' lang='lat' dir='ltr'><strong>esse</strong></span> <span class='ocrx_word' id='word_1_135' title='bbox 402 1116 547 1186; x_wconf 89' lang='lat' dir='ltr'><strong>dicamus,</strong></span> <span class='ocrx_word' id='word_1_136' title='bbox 571 1121 600 1174; x_wconf 92' lang='lat' dir='ltr'><strong>et</strong></span> <span class='ocrx_word' id='word_1_137' title='bbox 623 1133 680 1173; x_wconf 93' lang='lat' dir='ltr'><strong>non</strong></span> <span class='ocrx_word' id='word_1_138' title='bbox 704 1115 845 1190; x_wconf 87' lang='lat' dir='ltr'><strong>intelligis</strong></span> <span class='ocrx_word' id='word_1_139' title='bbox 870 1117 945 1175; x_wconf 75' lang='lat' dir='ltr'><strong>m</strong></span> <span class='ocrx_word' id='word_1_140' title='bbox 999 1115 1519 1188; x_wconf 83' lang='lat' dir='ltr'><strong>errorejubeatotiorri,etpcntitex</strong></span> <span class='ocrx_word' id='word_1_141' title='bbox 1549 1118 1599 1188; x_wconf 91' lang='lat' dir='ltr'><strong>qni</strong></span> <span class='ocrx_word' id='word_1_142' title='bbox 1630 1135 1682 1192; x_wconf 92' lang='lat' dir='ltr'><strong>pro</strong></span> <span class='ocrx_word' id='word_1_143' title='bbox 1733 1125 1822 1178; x_wconf 86' lang='lat' dir='ltr'><strong>cuuto</strong></span> 
     </span>
     <span class='ocr_line' id='line_1_11' title="bbox 114 1203 1819 1279; baseline 0.004 -19"><span class='ocrx_word' id='word_1_144' title='bbox 114 1203 275 1260; x_wconf 74' lang='lat' dir='ltr'><strong>stultitiam</strong></span> <span class='ocrx_word' id='word_1_145' title='bbox 290 1207 374 1260; x_wconf 92' lang='lat' dir='ltr'><strong>tuam</strong></span> <span class='ocrx_word' id='word_1_146' title='bbox 389 1203 579 1277; x_wconf 78' lang='lat' dir='ltr'><strong>impudentis</strong></span> <span class='ocrx_word' id='word_1_147' title='bbox 594 1205 770 1279; x_wconf 86' lang='lat' dir='ltr'><strong>copulatam.</strong></span> <span class='ocrx_word' id='word_1_148' title='bbox 780 1205 866 1262; x_wconf 79' lang='lat' dir='ltr'><strong>atiud</strong></span> <span class='ocrx_word' id='word_1_149' title='bbox 881 1221 947 1262; x_wconf 89' lang='lat' dir='ltr'><strong>esse</strong></span> <span class='ocrx_word' id='word_1_150' title='bbox 1000 1203 1108 1277; x_wconf 89' lang='lat' dir='ltr'><strong>populo</strong></span> <span class='ocrx_word' id='word_1_151' title='bbox 1123 1204 1306 1277; x_wconf 86' lang='lat' dir='ltr'><strong>deprecetur,</strong></span> <span class='ocrx_word' id='word_1_152' title='bbox 1322 1209 1389 1261; x_wconf 89' lang='lat' dir='ltr'><strong>onte</strong></span> <span class='ocrx_word' id='word_1_153' title='bbox 1413 1221 1466 1277; x_wconf 93' lang='lat' dir='ltr'><strong>pro</strong></span> <span class='ocrx_word' id='word_1_154' title='bbox 1495 1223 1526 1262; x_wconf 92' lang='lat' dir='ltr'><strong>se</strong></span> <span class='ocrx_word' id='word_1_155' title='bbox 1554 1207 1656 1264; x_wconf 81' lang='lat' dir='ltr'><strong>offerat</strong></span> <span class='ocrx_word' id='word_1_156' title='bbox 1684 1209 1819 1267; x_wconf 87' lang='lat' dir='ltr'><strong>victimas</strong></span> 
     </span>
    </p>
   </div>
   <div class='ocr_carea' id='block_1_4' title="bbox 7 1292 1824 1369">
    <p class='ocr_par' dir='ltr' id='par_1_4' title="bbox 7 1292 1824 1369">
     <span class='ocr_line' id='line_1_12' title="bbox 7 1292 1824 1369; baseline 0.004 -21"><span class='ocrx_word' id='word_1_157' title='bbox 7 1325 8 1332; x_wconf 32' lang='grc' dir='ltr'><strong>ι</strong></span> <span class='ocrx_word' id='word_1_158' title='bbox 116 1293 170 1364; x_wconf 78' lang='lat' dir='ltr'><strong>(rt.</strong></span> <span class='ocrx_word' id='word_1_159' title='bbox 187 1293 247 1364; x_wconf 89' lang='lat' dir='ltr'><strong>est)</strong></span> <span class='ocrx_word' id='word_1_160' title='bbox 265 1292 409 1350; x_wconf 79' lang='lat' dir='ltr'><strong>damnem</strong></span> <span class='ocrx_word' id='word_1_161' title='bbox 423 1293 529 1367; x_wconf 88' lang='lat' dir='ltr'><strong>legem,</strong></span> <span class='ocrx_word' id='word_1_162' title='bbox 545 1295 623 1367; x_wconf 91' lang='lat' dir='ltr'><strong>qnod</strong></span> <span class='ocrx_word' id='word_1_163' title='bbox 650 1294 833 1352; x_wconf 77' lang='lat' dir='ltr'><strong>Manicheus</strong></span> <span class='ocrx_word' id='word_1_164' title='bbox 856 1293 943 1350; x_wconf 83' lang='lat' dir='ltr'><strong>facit:</strong></span> <span class='ocrx_word' id='word_1_165' title='bbox 1001 1293 1091 1364; x_wconf 79' lang='lat' dir='ltr'><strong>(debr,</strong></span> <span class='ocrx_word' id='word_1_166' title='bbox 1102 1309 1154 1362; x_wconf 86' lang='lat' dir='ltr'><strong>vn,</strong></span> <span class='ocrx_word' id='word_1_167' title='bbox 1167 1294 1224 1364; x_wconf 81' lang='grc'><strong>26),</strong></span> <span class='ocrx_word' id='word_1_168' title='bbox 1242 1293 1292 1365; x_wconf 87' lang='lat' dir='ltr'><strong>qui</strong></span> <span class='ocrx_word' id='word_1_169' title='bbox 1306 1298 1382 1349; x_wconf 90' lang='lat' dir='ltr'><strong>certe</strong></span> <span class='ocrx_word' id='word_1_170' title='bbox 1393 1309 1555 1366; x_wconf 88' lang='lat' dir='ltr'><strong>numquam</strong></span> <span class='ocrx_word' id='word_1_171' title='bbox 1568 1312 1619 1368; x_wconf 91' lang='lat' dir='ltr'><strong>pro</strong></span> <span class='ocrx_word' id='word_1_172' title='bbox 1630 1295 1824 1369; x_wconf 83' lang='lat' dir='ltr'><strong>aliiajunere·</strong></span> 
     </span>
    </p>
   </div>
   <div class='ocr_carea' id='block_1_5' title="bbox 109 1379 1829 4477">
    <p class='ocr_par' dir='ltr' id='par_1_5' title="bbox 109 1379 1829 4477">
     <span class='ocr_line' id='line_1_13' title="bbox 112 1379 1822 1459; baseline 0.004 -23"><span class='ocrx_word' id='word_1_173' title='bbox 112 1379 192 1438; x_wconf 88' lang='lat' dir='ltr'><strong>aliud</strong></span> <span class='ocrx_word' id='word_1_174' title='bbox 209 1379 272 1456; x_wconf 90' lang='lat' dir='ltr'><strong>legi</strong></span> <span class='ocrx_word' id='word_1_175' title='bbox 284 1381 422 1455; x_wconf 80' lang='lat' dir='ltr'><strong>preferre</strong></span> <span class='ocrx_word' id='word_1_176' title='bbox 437 1381 639 1456; x_wconf 81' lang='lat' dir='ltr'><strong>llvsnganm,</strong></span> <span class='ocrx_word' id='word_1_177' title='bbox 650 1399 714 1456; x_wconf 81' lang='lat' dir='ltr'><strong>que</strong></span> <span class='ocrx_word' id='word_1_178' title='bbox 725 1382 884 1456; x_wconf 83' lang='lat' dir='ltr'><strong>apostolica</strong></span> <span class='ocrx_word' id='word_1_179' title='bbox 898 1383 947 1440; x_wconf 91' lang='lat' dir='ltr'><strong>dc·</strong></span> <span class='ocrx_word' id='word_1_180' title='bbox 1001 1385 1050 1437; x_wconf 91' lang='lat' dir='ltr'><strong>tur</strong></span> <span class='ocrx_word' id='word_1_181' title='bbox 1063 1381 1176 1450; x_wconf 85' lang='lat' dir='ltr'><strong>olierre,</strong></span> <span class='ocrx_word' id='word_1_182' title='bbox 1193 1381 1249 1438; x_wconf 90' lang='lat' dir='ltr'><strong>nisi</strong></span> <span class='ocrx_word' id='word_1_183' title='bbox 1261 1382 1362 1453; x_wconf 89' lang='lat' dir='ltr'><strong>justus</strong></span> <span class='ocrx_word' id='word_1_184' title='bbox 1377 1383 1440 1455; x_wconf 89' lang='lat' dir='ltr'><strong>ipsc</strong></span> <span class='ocrx_word' id='word_1_185' title='bbox 1454 1389 1541 1453; x_wconf 88' lang='lat' dir='ltr'><strong>esset,</strong></span> <span class='ocrx_word' id='word_1_186' title='bbox 1557 1400 1611 1441; x_wconf 90' lang='lat' dir='ltr'><strong>nec</strong></span> <span class='ocrx_word' id='word_1_187' title='bbox 1625 1401 1753 1442; x_wconf 90' lang='lat' dir='ltr'><strong>rursum.</strong></span> <span class='ocrx_word' id='word_1_188' title='bbox 1770 1403 1822 1459; x_wconf 93' lang='lat' dir='ltr'><strong>pro</strong></span> 
     </span>
     <span class='ocr_line' id='line_1_14' title="bbox 110 1455 1824 1545; baseline 0.002 -19"><span class='ocrx_word' id='word_1_189' title='bbox 110 1469 209 1526; x_wconf 80' lang='lat' dir='ltr'><strong>ctrina</strong></span> <span class='ocrx_word' id='word_1_190' title='bbox 224 1473 285 1526; x_wconf 88' lang='lat' dir='ltr'><strong>est.</strong></span> <span class='ocrx_word' id='word_1_191' title='bbox 304 1455 338 1526; x_wconf 77' lang='lat' dir='ltr'><strong>ln&#39;</strong></span> <span class='ocrx_word' id='word_1_192' title='bbox 353 1469 406 1526; x_wconf 87' lang='lat' dir='ltr'><strong>illa</strong></span> <span class='ocrx_word' id='word_1_193' title='bbox 420 1471 499 1528; x_wconf 89' lang='lat' dir='ltr'><strong>cuim</strong></span> <span class='ocrx_word' id='word_1_194' title='bbox 514 1471 600 1542; x_wconf 86' lang='lat' dir='ltr'><strong>servi,</strong></span> <span class='ocrx_word' id='word_1_195' title='bbox 615 1471 645 1528; x_wconf 90' lang='lat' dir='ltr'><strong>in</strong></span> <span class='ocrx_word' id='word_1_196' title='bbox 660 1471 715 1528; x_wconf 92' lang='lat' dir='ltr'><strong>hoc</strong></span> <span class='ocrx_word' id='word_1_197' title='bbox 741 1487 870 1545; x_wconf 79' lang='lat' dir='ltr'><strong>presens</strong></span> <span class='ocrx_word' id='word_1_198' title='bbox 891 1472 946 1528; x_wconf 89' lang='lat' dir='ltr'><strong>Do-</strong></span> <span class='ocrx_word' id='word_1_199' title='bbox 1001 1487 1032 1527; x_wconf 90' lang='lat' dir='ltr'><strong>so</strong></span> <span class='ocrx_word' id='word_1_200' title='bbox 1047 1470 1173 1527; x_wconf 80' lang='lat' dir='ltr'><strong>offerret.</strong></span> <span class='ocrx_word' id='word_1_201' title='bbox 1190 1470 1214 1526; x_wconf 91' lang='lat' dir='ltr'><strong>si</strong></span> <span class='ocrx_word' id='word_1_202' title='bbox 1230 1476 1347 1544; x_wconf 86' lang='lat' dir='ltr'><strong>peccato</strong></span> <span class='ocrx_word' id='word_1_203' title='bbox 1370 1475 1479 1528; x_wconf 89' lang='lat' dir='ltr'><strong>careret</strong></span> <span class='ocrx_word' id='word_1_204' title='bbox 1501 1472 1681 1545; x_wconf 81' lang='lat' dir='ltr'><strong>ignorantie.</strong></span> <span class='ocrx_word' id='word_1_205' title='bbox 1708 1474 1824 1532; x_wconf 89' lang='lat' dir='ltr'><strong>Scilicet</strong></span> 
     </span>
     <span class='ocr_line' id='line_1_15' title="bbox 111 1558 1823 1637; baseline 0.003 -22"><span class='ocrx_word' id='word_1_206' title='bbox 111 1558 864 1634; x_wconf 86' lang='lat' dir='ltr'><strong>minusloquitur;ibipromittitur,bicimpletnr</strong></span> <span class='ocrx_word' id='word_1_207' title='bbox 884 1561 945 1630; x_wconf 90' lang='lat' dir='ltr'><strong>;ibi</strong></span> <span class='ocrx_word' id='word_1_208' title='bbox 1001 1559 1166 1616; x_wconf 81' lang='lat' dir='ltr'><strong>nuncmilii</strong></span> <span class='ocrx_word' id='word_1_209' title='bbox 1198 1559 1345 1616; x_wconf 89' lang='lat' dir='ltr'><strong>latissima</strong></span> <span class='ocrx_word' id='word_1_210' title='bbox 1373 1560 1590 1634; x_wconf 88' lang='lat' dir='ltr'><strong>Scripturarnm</strong></span> <span class='ocrx_word' id='word_1_211' title='bbox 1619 1563 1713 1636; x_wconf 92' lang='lat' dir='ltr'><strong>spatia</strong></span> <span class='ocrx_word' id='word_1_212' title='bbox 1740 1580 1823 1637; x_wconf 89' lang='lat' dir='ltr'><strong>pera·</strong></span> 
     </span>
     <span class='ocr_line' id='line_1_16' title="bbox 112 1647 1822 1726; baseline 0.004 -24"><span class='ocrx_word' id='word_1_213' title='bbox 112 1647 209 1714; x_wconf 88' lang='lat' dir='ltr'><strong>initia,</strong></span> <span class='ocrx_word' id='word_1_214' title='bbox 225 1647 279 1704; x_wconf 91' lang='lat' dir='ltr'><strong>hic</strong></span> <span class='ocrx_word' id='word_1_215' title='bbox 288 1647 429 1720; x_wconf 76' lang='lat' dir='ltr'><strong>perfectio</strong></span> <span class='ocrx_word' id='word_1_216' title='bbox 440 1653 485 1705; x_wconf 87' lang='lat' dir='ltr'><strong>eet</strong></span> <span class='ocrx_word' id='word_1_217' title='bbox 497 1667 504 1705; x_wconf 89' lang='lat'>:</span> <span class='ocrx_word' id='word_1_218' title='bbox 518 1648 548 1705; x_wconf 93' lang='lat' dir='ltr'><strong>in</strong></span> <span class='ocrx_word' id='word_1_219' title='bbox 561 1647 612 1706; x_wconf 89' lang='lat' dir='ltr'><strong>illa</strong></span> <span class='ocrx_word' id='word_1_220' title='bbox 622 1665 743 1722; x_wconf 88' lang='lat' dir='ltr'><strong>operum</strong></span> <span class='ocrx_word' id='word_1_221' title='bbox 755 1649 947 1706; x_wconf 82' lang='lat' dir='ltr'><strong>fundamenta</strong></span> <span class='ocrx_word' id='word_1_222' title='bbox 1001 1649 1114 1720; x_wconf 86' lang='lat' dir='ltr'><strong>grande</strong></span> <span class='ocrx_word' id='word_1_223' title='bbox 1127 1649 1139 1683; x_wconf 78' lang='lat'>⁶</span> <span class='ocrx_word' id='word_1_224' title='bbox 1154 1653 1223 1705; x_wconf 89' lang='lat' dir='ltr'><strong>runt</strong></span> <span class='ocrx_word' id='word_1_225' title='bbox 1240 1692 1246 1704; x_wconf 93' lang='lat'><strong>.</strong></span> <span class='ocrx_word' id='word_1_226' title='bbox 1264 1653 1297 1704; x_wconf 88' lang='lat' dir='ltr'><strong>ut</strong></span> <span class='ocrx_word' id='word_1_227' title='bbox 1311 1650 1430 1706; x_wconf 89' lang='lat' dir='ltr'><strong>doceam</strong></span> <span class='ocrx_word' id='word_1_228' title='bbox 1445 1666 1574 1708; x_wconf 87' lang='lat' dir='ltr'><strong>errorem</strong></span> <span class='ocrx_word' id='word_1_229' title='bbox 1587 1655 1618 1709; x_wconf 88' lang='lat' dir='ltr'><strong>et</strong></span> <span class='ocrx_word' id='word_1_230' title='bbox 1627 1652 1822 1726; x_wconf 87' lang='lat' dir='ltr'><strong>ignorantiam</strong></span> 
     </span>
     <span class='ocr_line' id='line_1_17' title="bbox 109 1734 1242 1811; baseline 0.002 -19"><span class='ocrx_word' id='word_1_231' title='bbox 109 1735 277 1806; x_wconf 75' lang='lat' dir='ltr'><strong>iaciuntur,</strong></span> <span class='ocrx_word' id='word_1_232' title='bbox 303 1734 353 1791; x_wconf 91' lang='lat' dir='ltr'><strong>bic</strong></span> <span class='ocrx_word' id='word_1_233' title='bbox 376 1735 444 1793; x_wconf 88' lang='lat' dir='ltr'><strong>iidei</strong></span> <span class='ocrx_word' id='word_1_234' title='bbox 467 1740 496 1793; x_wconf 90' lang='lat' dir='ltr'><strong>st</strong></span> <span class='ocrx_word' id='word_1_235' title='bbox 519 1737 619 1810; x_wconf 80' lang='lat' dir='ltr'><strong>gratie</strong></span> <span class='ocrx_word' id='word_1_236' title='bbox 642 1737 758 1794; x_wconf 89' lang='lat' dir='ltr'><strong>culmen</strong></span> <span class='ocrx_word' id='word_1_237' title='bbox 781 1738 945 1811; x_wconf 83' lang='lat' dir='ltr'><strong>inponitur.</strong></span> <span class='ocrx_word' id='word_1_238' title='bbox 1000 1753 1065 1793; x_wconf 89' lang='lat' dir='ltr'><strong>esse</strong></span> <span class='ocrx_word' id='word_1_239' title='bbox 1079 1741 1242 1809; x_wconf 88' lang='lat' dir='ltr'><strong>peccatum.</strong></span> 
     </span>
     <span class='ocr_line' id='line_1_18' title="bbox 114 1823 1824 1900; baseline 0.003 -20"><span class='ocrx_word' id='word_1_240' title='bbox 114 1824 174 1882; x_wconf 84' lang='lat' dir='ltr'><strong>lico</strong></span> <span class='ocrx_word' id='word_1_241' title='bbox 195 1824 370 1898; x_wconf 87' lang='lat' dir='ltr'><strong>posuimus,</strong></span> <span class='ocrx_word' id='word_1_242' title='bbox 398 1829 433 1881; x_wconf 90' lang='lat' dir='ltr'><strong>ut</strong></span> <span class='ocrx_word' id='word_1_243' title='bbox 460 1825 570 1900; x_wconf 80' lang='lat' dir='ltr'><strong>egregii</strong></span> <span class='ocrx_word' id='word_1_244' title='bbox 599 1826 785 1899; x_wconf 82' lang='lat' dir='ltr'><strong>preceptoris</strong></span> <span class='ocrx_word' id='word_1_245' title='bbox 814 1827 948 1884; x_wconf 89' lang='lat' dir='ltr'><strong>doctrina</strong></span> <span class='ocrx_word' id='word_1_246' title='bbox 1037 1823 1081 1878; x_wconf 88' lang='grc'><strong>33.</strong></span> <span class='ocrx_word' id='word_1_247' title='bbox 1098 1825 1162 1879; x_wconf 81' lang='lat' dir='ltr'><strong>Esse</strong></span> <span class='ocrx_word' id='word_1_248' title='bbox 1174 1832 1287 1896; x_wconf 83' lang='lat' dir='ltr'><strong>peccota</strong></span> <span class='ocrx_word' id='word_1_249' title='bbox 1309 1827 1481 1896; x_wconf 67' lang='lat' dir='ltr'><strong>mumoniae.</strong></span> <span class='ocrx_word' id='word_1_250' title='bbox 1510 1857 1545 1868; x_wconf 89' lang='grc'><strong>-</strong></span> <span class='ocrx_word' id='word_1_251' title='bbox 1574 1827 1602 1882; x_wconf 85' lang='lat' dir='ltr'><strong>d.</strong></span> <span class='ocrx_word' id='word_1_252' title='bbox 1633 1827 1758 1885; x_wconf 90' lang='lat' dir='ltr'><strong>Obsecro</strong></span> <span class='ocrx_word' id='word_1_253' title='bbox 1785 1832 1824 1898; x_wconf 85' lang='lat' dir='ltr'><strong>te,</strong></span> 
     </span>
     <span class='ocr_line' id='line_1_19' title="bbox 116 1911 1823 1985; baseline 0.004 -17"><span class='ocrx_word' id='word_1_254' title='bbox 116 1916 347 1970; x_wconf 84' lang='lat' dir='ltr'><strong>monstraretur.</strong></span> <span class='ocrx_word' id='word_1_255' title='bbox 1001 1926 1099 1967; x_wconf 90' lang='lat' dir='ltr'><strong>nonne</strong></span> <span class='ocrx_word' id='word_1_256' title='bbox 1113 1911 1219 1985; x_wconf 84' lang='lat' dir='ltr'><strong>legisti.</strong></span> <span class='ocrx_word' id='word_1_257' title='bbox 1237 1936 1250 1964; x_wconf 76' lang='grc' dir='ltr'><strong>ι</strong></span> <span class='ocrx_word' id='word_1_258' title='bbox 1267 1913 1322 1980; x_wconf 83' lang='lat' dir='ltr'><strong>Qui</strong></span> <span class='ocrx_word' id='word_1_259' title='bbox 1342 1915 1448 1971; x_wconf 87' lang='lat' dir='ltr'><strong>viderit</strong></span> <span class='ocrx_word' id='word_1_260' title='bbox 1477 1915 1630 1972; x_wconf 89' lang='lat' dir='ltr'><strong>mulierem</strong></span> <span class='ocrx_word' id='word_1_261' title='bbox 1656 1916 1694 1974; x_wconf 87' lang='lat' dir='ltr'><strong>ad</strong></span> <span class='ocrx_word' id='word_1_262' title='bbox 1717 1933 1823 1974; x_wconf 92' lang='lat' dir='ltr'><strong>concu-</strong></span> 
     </span>
     <span class='ocr_line' id='line_1_20' title="bbox 152 1998 1827 2076; baseline 0.002 -18"><span class='ocrx_word' id='word_1_263' title='bbox 152 2001 201 2058; x_wconf 74' lang='lat'><strong>32.</strong></span> <span class='ocrx_word' id='word_1_264' title='bbox 231 2003 410 2075; x_wconf 70' lang='lat' dir='ltr'><strong>Praecipuum</strong></span> <span class='ocrx_word' id='word_1_265' title='bbox 438 2003 612 2075; x_wconf 76' lang='lat' dir='ltr'><strong>Pelogiorum</strong></span> <span class='ocrx_word' id='word_1_266' title='bbox 650 2004 816 2060; x_wconf 63' lang='lat' dir='ltr'><strong>remedium</strong></span> <span class='ocrx_word' id='word_1_267' title='bbox 855 2006 946 2076; x_wconf 83' lang='lat' dir='ltr'><strong>impu·</strong></span> <span class='ocrx_word' id='word_1_268' title='bbox 1002 1998 1174 2070; x_wconf 87' lang='lat' dir='ltr'><strong>piscandum</strong></span> <span class='ocrx_word' id='word_1_269' title='bbox 1189 2004 1342 2072; x_wconf 75' lang='lat' dir='ltr'><strong>samiam</strong></span> <span class='ocrx_word' id='word_1_270' title='bbox 1357 2002 1521 2060; x_wconf 81' lang='lat' dir='ltr'><strong>moechatus</strong></span> <span class='ocrx_word' id='word_1_271' title='bbox 1536 2009 1580 2061; x_wconf 84' lang='lat' dir='ltr'><strong>est</strong></span> <span class='ocrx_word' id='word_1_272' title='bbox 1603 2021 1668 2062; x_wconf 88' lang='lat' dir='ltr'><strong>eam</strong></span> <span class='ocrx_word' id='word_1_273' title='bbox 1691 2005 1722 2062; x_wconf 93' lang='lat' dir='ltr'><strong>in</strong></span> <span class='ocrx_word' id='word_1_274' title='bbox 1737 2006 1827 2062; x_wconf 87' lang='lat' dir='ltr'><strong>corde</strong></span> 
     </span>
     <span class='ocr_line' id='line_1_21' title="bbox 120 2088 1825 2168; baseline 0.004 -23"><span class='ocrx_word' id='word_1_275' title='bbox 120 2090 669 2159; x_wconf 71' lang='lat' dir='ltr'><strong>poet-Centesimustitnlusest«</strong></span> <span class='ocrx_word' id='word_1_276' title='bbox 686 2095 775 2148; x_wconf 87' lang='lat' dir='ltr'><strong>Posse</strong></span> <span class='ocrx_word' id='word_1_277' title='bbox 796 2091 946 2148; x_wconf 91' lang='lat' dir='ltr'><strong>bominem</strong></span> <span class='ocrx_word' id='word_1_278' title='bbox 1002 2088 1408 2162; x_wconf 77' lang='lat' dir='ltr'><strong>suc(lluttlr.u,28)l»Ncn</strong></span> <span class='ocrx_word' id='word_1_279' title='bbox 1438 2107 1507 2164; x_wconf 89' lang='lat' dir='ltr'><strong>ergo</strong></span> <span class='ocrx_word' id='word_1_280' title='bbox 1536 2091 1617 2150; x_wconf 88' lang='lat' dir='ltr'><strong>solus</strong></span> <span class='ocrx_word' id='word_1_281' title='bbox 1643 2099 1781 2168; x_wconf 89' lang='lat' dir='ltr'><strong>aspectus</strong></span> <span class='ocrx_word' id='word_1_282' title='bbox 1795 2098 1825 2151; x_wconf 89' lang='lat' dir='ltr'><strong>et</strong></span> 
     </span>
     <span class='ocr_line' id='line_1_22' title="bbox 112 2177 1826 2253; baseline 0.002 -17"><span class='ocrx_word' id='word_1_283' title='bbox 112 2177 193 2234; x_wconf 77' lang='lat' dir='ltr'><strong>siue</strong></span> <span class='ocrx_word' id='word_1_284' title='bbox 207 2183 326 2251; x_wconf 71' lang='lat' dir='ltr'><strong>peccmo</strong></span> <span class='ocrx_word' id='word_1_285' title='bbox 337 2195 413 2248; x_wconf 88' lang='lat' dir='ltr'><strong>asse,</strong></span> <span class='ocrx_word' id='word_1_286' title='bbox 429 2183 459 2236; x_wconf 87' lang='lat' dir='ltr'><strong>et</strong></span> <span class='ocrx_word' id='word_1_287' title='bbox 472 2179 523 2236; x_wconf 87' lang='lat' dir='ltr'><strong>Dei</strong></span> <span class='ocrx_word' id='word_1_288' title='bbox 537 2180 676 2236; x_wconf 89' lang='lat' dir='ltr'><strong>mandata</strong></span> <span class='ocrx_word' id='word_1_289' title='bbox 690 2179 774 2236; x_wconf 90' lang='lat' dir='ltr'><strong>iacilc</strong></span> <span class='ocrx_word' id='word_1_290' title='bbox 788 2181 947 2251; x_wconf 89' lang='lat' dir='ltr'><strong>custodire,</strong></span> <span class='ocrx_word' id='word_1_291' title='bbox 1001 2177 1146 2233; x_wconf 83' lang='lat' dir='ltr'><strong>incentiva</strong></span> <span class='ocrx_word' id='word_1_292' title='bbox 1160 2177 1296 2234; x_wconf 89' lang='lat' dir='ltr'><strong>vitiorum</strong></span> <span class='ocrx_word' id='word_1_293' title='bbox 1313 2179 1526 2252; x_wconf 87' lang='lat' dir='ltr'><strong>reputanturin</strong></span> <span class='ocrx_word' id='word_1_294' title='bbox 1542 2183 1693 2253; x_wconf 87' lang='lat' dir='ltr'><strong>peccatum</strong></span> <span class='ocrx_word' id='word_1_295' title='bbox 1708 2199 1719 2244; x_wconf 91' lang='lat'><strong>,·</strong></span> <span class='ocrx_word' id='word_1_296' title='bbox 1734 2184 1826 2240; x_wconf 83' lang='lat' dir='ltr'><strong>sodes</strong></span> 
     </span>
     <span class='ocr_line' id='line_1_23' title="bbox 117 2264 1826 2343; baseline 0.002 -20"><span class='ocrx_word' id='word_1_297' title='bbox 117 2268 158 2323; x_wconf 87' lang='lat' dir='ltr'><strong>sit</strong></span> <span class='ocrx_word' id='word_1_298' title='bbox 176 2266 260 2338; x_wconf 82' lang='lat' dir='ltr'><strong>velit,</strong></span> <span class='ocrx_word' id='word_1_299' title='bbox 278 2289 292 2318; x_wconf 77' lang='grc' dir='ltr'><strong>ι</strong></span> <span class='ocrx_word' id='word_1_300' title='bbox 307 2268 343 2324; x_wconf 77' lang='lat' dir='ltr'><strong>de</strong></span> <span class='ocrx_word' id='word_1_301' title='bbox 358 2285 418 2341; x_wconf 85' lang='lat' dir='ltr'><strong>quo</strong></span> <span class='ocrx_word' id='word_1_302' title='bbox 433 2268 549 2326; x_wconf 73' lang='lat' dir='ltr'><strong>abunde</strong></span> <span class='ocrx_word' id='word_1_303' title='bbox 559 2269 669 2326; x_wconf 80' lang='lat' dir='ltr'><strong>dictum</strong></span> <span class='ocrx_word' id='word_1_304' title='bbox 694 2273 748 2326; x_wconf 73' lang='lat' dir='ltr'><strong>nst.</strong></span> <span class='ocrx_word' id='word_1_305' title='bbox 760 2267 890 2342; x_wconf 75' lang='lat' dir='ltr'><strong>Cumque</strong></span> <span class='ocrx_word' id='word_1_306' title='bbox 916 2287 948 2328; x_wconf 69' lang='lat' dir='ltr'><strong>sa</strong></span> <span class='ocrx_word' id='word_1_307' title='bbox 1002 2264 1110 2338; x_wconf 87' lang='lat' dir='ltr'><strong>quibus</strong></span> <span class='ocrx_word' id='word_1_308' title='bbox 1125 2266 1317 2323; x_wconf 86' lang='lat' dir='ltr'><strong>attribuimus</strong></span> <span class='ocrx_word' id='word_1_309' title='bbox 1332 2270 1558 2324; x_wconf 80' lang='lat' dir='ltr'><strong>assensum.Aut</strong></span> <span class='ocrx_word' id='word_1_310' title='bbox 1568 2269 1647 2324; x_wconf 91' lang='lat' dir='ltr'><strong>enim</strong></span> <span class='ocrx_word' id='word_1_311' title='bbox 1657 2271 1748 2327; x_wconf 87' lang='lat' dir='ltr'><strong>vitare</strong></span> <span class='ocrx_word' id='word_1_312' title='bbox 1760 2287 1826 2343; x_wconf 91' lang='lat' dir='ltr'><strong>pos-</strong></span> 
     </span>
     <span class='ocr_line' id='line_1_24' title="bbox 114 2353 1824 2432; baseline 0.001 -20"><span class='ocrx_word' id='word_1_313' title='bbox 114 2357 313 2425; x_wconf 89' lang='lat' dir='ltr'><strong>imitatorem‚</strong></span> <span class='ocrx_word' id='word_1_314' title='bbox 329 2357 389 2414; x_wconf 89' lang='lat' dir='ltr'><strong>imo</strong></span> <span class='ocrx_word' id='word_1_315' title='bbox 403 2357 580 2430; x_wconf 82' lang='lat' dir='ltr'><strong>expletorem</strong></span> <span class='ocrx_word' id='word_1_316' title='bbox 596 2358 693 2430; x_wconf 90' lang='lat' dir='ltr'><strong>operis</strong></span> <span class='ocrx_word' id='word_1_317' title='bbox 707 2357 784 2415; x_wconf 88' lang='lat' dir='ltr'><strong>beati</strong></span> <span class='ocrx_word' id='word_1_318' title='bbox 810 2359 948 2432; x_wconf 80' lang='lat' dir='ltr'><strong>martyris</strong></span> <span class='ocrx_word' id='word_1_319' title='bbox 1002 2369 1106 2410; x_wconf 89' lang='lat' dir='ltr'><strong>snmus</strong></span> <span class='ocrx_word' id='word_1_320' title='bbox 1121 2353 1229 2410; x_wconf 80' lang='lat' dir='ltr'><strong>malam</strong></span> <span class='ocrx_word' id='word_1_321' title='bbox 1243 2354 1459 2428; x_wconf 76' lang='lat' dir='ltr'><strong>cogitationem,</strong></span> <span class='ocrx_word' id='word_1_322' title='bbox 1476 2361 1505 2413; x_wconf 88' lang='lat' dir='ltr'><strong>et</strong></span> <span class='ocrx_word' id='word_1_323' title='bbox 1526 2363 1738 2430; x_wconf 85' lang='lat' dir='ltr'><strong>consequenter</strong></span> <span class='ocrx_word' id='word_1_324' title='bbox 1758 2375 1824 2430; x_wconf 92' lang='lat' dir='ltr'><strong>pos-</strong></span> 
     </span>
     <span class='ocr_line' id='line_1_25' title="bbox 113 2445 1825 2521; baseline 0.002 -21"><span class='ocrx_word' id='word_1_325' title='bbox 113 2445 270 2518; x_wconf 73' lang='lat' dir='ltr'><strong>Cypriani,</strong></span> <span class='ocrx_word' id='word_1_326' title='bbox 287 2445 444 2502; x_wconf 81' lang='lat' dir='ltr'><strong>scribentis</strong></span> <span class='ocrx_word' id='word_1_327' title='bbox 459 2447 495 2502; x_wconf 89' lang='lat' dir='ltr'><strong>sd</strong></span> <span class='ocrx_word' id='word_1_328' title='bbox 512 2445 667 2514; x_wconf 84' lang='lat' dir='ltr'><strong>Quirinum</strong></span> <span class='ocrx_word' id='word_1_329' title='bbox 690 2446 766 2519; x_wconf 80' lang='grc' dir='ltr'><strong>(ιιιι.</strong></span> <span class='ocrx_word' id='word_1_330' title='bbox 792 2447 946 2521; x_wconf 78' lang='lat' dir='ltr'><strong>(lirinum),</strong></span> <span class='ocrx_word' id='word_1_331' title='bbox 1002 2459 1107 2499; x_wconf 90' lang='lat' dir='ltr'><strong>sumus</strong></span> <span class='ocrx_word' id='word_1_332' title='bbox 1122 2459 1220 2500; x_wconf 88' lang='lat' dir='ltr'><strong>carere</strong></span> <span class='ocrx_word' id='word_1_333' title='bbox 1236 2449 1354 2516; x_wconf 88' lang='lat' dir='ltr'><strong>peccato</strong></span> <span class='ocrx_word' id='word_1_334' title='bbox 1371 2462 1377 2512; x_wconf 93' lang='grc'>;</span> <span class='ocrx_word' id='word_1_335' title='bbox 1394 2445 1482 2502; x_wconf 91' lang='lat' dir='ltr'><strong>antsi</strong></span> <span class='ocrx_word' id='word_1_336' title='bbox 1493 2446 1584 2502; x_wconf 88' lang='lat' dir='ltr'><strong>vitare</strong></span> <span class='ocrx_word' id='word_1_337' title='bbox 1595 2462 1653 2503; x_wconf 90' lang='lat' dir='ltr'><strong>nou</strong></span> <span class='ocrx_word' id='word_1_338' title='bbox 1665 2463 1825 2518; x_wconf 86' lang='lat' dir='ltr'><strong>possumus</strong></span> 
     </span>
     <span class='ocr_line' id='line_1_26' title="bbox 113 2533 1825 2609; baseline 0.001 -19"><span class='ocrx_word' id='word_1_339' title='bbox 113 2551 180 2591; x_wconf 83' lang='lat' dir='ltr'><strong>esse</strong></span> <span class='ocrx_word' id='word_1_340' title='bbox 195 2534 338 2603; x_wconf 76' lang='lat' dir='ltr'><strong>latemur,</strong></span> <span class='ocrx_word' id='word_1_341' title='bbox 354 2551 412 2591; x_wconf 92' lang='lat' dir='ltr'><strong>non</strong></span> <span class='ocrx_word' id='word_1_342' title='bbox 427 2534 566 2608; x_wconf 87' lang='lat' dir='ltr'><strong>intelligit</strong></span> <span class='ocrx_word' id='word_1_343' title='bbox 582 2551 614 2592; x_wconf 87' lang='lat' dir='ltr'><strong>se</strong></span> <span class='ocrx_word' id='word_1_344' title='bbox 629 2535 659 2594; x_wconf 92' lang='lat' dir='ltr'><strong>in</strong></span> <span class='ocrx_word' id='word_1_345' title='bbox 674 2535 777 2592; x_wconf 89' lang='lat' dir='ltr'><strong>eodem</strong></span> <span class='ocrx_word' id='word_1_346' title='bbox 792 2551 879 2608; x_wconf 90' lang='lat' dir='ltr'><strong>opere</strong></span> <span class='ocrx_word' id='word_1_347' title='bbox 902 2535 948 2592; x_wconf 88' lang='lat' dir='ltr'><strong>di·</strong></span> <span class='ocrx_word' id='word_1_348' title='bbox 1003 2548 1060 2588; x_wconf 91' lang='lat' dir='ltr'><strong>nou</strong></span> <span class='ocrx_word' id='word_1_349' title='bbox 1076 2537 1228 2604; x_wconf 86' lang='lat' dir='ltr'><strong>reputatur</strong></span> <span class='ocrx_word' id='word_1_350' title='bbox 1244 2533 1273 2588; x_wconf 92' lang='lat' dir='ltr'><strong>in</strong></span> <span class='ocrx_word' id='word_1_351' title='bbox 1288 2539 1440 2605; x_wconf 87' lang='lat' dir='ltr'><strong>peccatum</strong></span> <span class='ocrx_word' id='word_1_352' title='bbox 1455 2535 1476 2602; x_wconf 77' lang='lat'><strong>⁷,</strong></span> <span class='ocrx_word' id='word_1_353' title='bbox 1495 2534 1574 2606; x_wconf 86' lang='lat' dir='ltr'><strong>quod</strong></span> <span class='ocrx_word' id='word_1_354' title='bbox 1589 2535 1683 2592; x_wconf 82' lang='lat' dir='ltr'><strong>caveri</strong></span> <span class='ocrx_word' id='word_1_355' title='bbox 1698 2552 1756 2592; x_wconf 92' lang='lat' dir='ltr'><strong>non</strong></span> <span class='ocrx_word' id='word_1_356' title='bbox 1774 2551 1825 2609; x_wconf 92' lang='lat' dir='ltr'><strong>po·</strong></span> 
     </span>
     <span class='ocr_line' id='line_1_27' title="bbox 112 2621 1825 2698; baseline 0.001 -20"><span class='ocrx_word' id='word_1_357' title='bbox 112 2623 191 2680; x_wconf 79' lang='lat' dir='ltr'><strong>risse</strong></span> <span class='ocrx_word' id='word_1_358' title='bbox 207 2622 372 2680; x_wconf 75' lang='lat' dir='ltr'><strong>wutrarie.</strong></span> <span class='ocrx_word' id='word_1_359' title='bbox 389 2621 442 2680; x_wconf 90' lang='lat' dir='ltr'><strong>Ille</strong></span> <span class='ocrx_word' id='word_1_360' title='bbox 453 2623 737 2698; x_wconf 85' lang='lat' dir='ltr'><strong>inquinquagesimo</strong></span> <span class='ocrx_word' id='word_1_361' title='bbox 748 2627 851 2698; x_wconf 88' lang='lat' dir='ltr'><strong>quarto</strong></span> <span class='ocrx_word' id='word_1_362' title='bbox 862 2623 948 2682; x_wconf 91' lang='lat' dir='ltr'><strong>titulo</strong></span> <span class='ocrx_word' id='word_1_363' title='bbox 1003 2624 1069 2677; x_wconf 87' lang='lat' dir='ltr'><strong>test.</strong></span> <span class='ocrx_word' id='word_1_364' title='bbox 1086 2623 1116 2686; x_wconf 82' lang='grc' dir='ltr'><strong>Α,</strong></span> <span class='ocrx_word' id='word_1_365' title='bbox 1132 2621 1240 2678; x_wconf 88' lang='lat' dir='ltr'><strong>Callide</strong></span> <span class='ocrx_word' id='word_1_366' title='bbox 1255 2621 1375 2694; x_wconf 88' lang='lat' dir='ltr'><strong>quidem</strong></span> <span class='ocrx_word' id='word_1_367' title='bbox 1389 2623 1616 2696; x_wconf 89' lang='lat' dir='ltr'><strong>argumentaris,</strong></span> <span class='ocrx_word' id='word_1_368' title='bbox 1633 2625 1764 2681; x_wconf 88' lang='lat' dir='ltr'><strong>sednon</strong></span> <span class='ocrx_word' id='word_1_369' title='bbox 1780 2625 1825 2679; x_wconf 93' lang='lat' dir='ltr'><strong>in·</strong></span> 
     </span>
     <span class='ocr_line' id='line_1_28' title="bbox 113 2707 1824 2787; baseline 0.001 -19"><span class='ocrx_word' id='word_1_370' title='bbox 113 2712 193 2768; x_wconf 90' lang='lat' dir='ltr'><strong>tertii</strong></span> <span class='ocrx_word' id='word_1_371' title='bbox 209 2710 293 2779; x_wconf 88' lang='lat' dir='ltr'><strong>iibri,</strong></span> <span class='ocrx_word' id='word_1_372' title='bbox 309 2710 394 2784; x_wconf 90' lang='lat' dir='ltr'><strong>ponit</strong></span> <span class='ocrx_word' id='word_1_373' title='bbox 408 2710 556 2768; x_wconf 89' lang='lat' dir='ltr'><strong>neminem</strong></span> <span class='ocrx_word' id='word_1_374' title='bbox 571 2713 635 2770; x_wconf 91' lang='lat' dir='ltr'><strong>sine</strong></span> <span class='ocrx_word' id='word_1_375' title='bbox 650 2713 737 2770; x_wconf 88' lang='lat' dir='ltr'><strong>sorde</strong></span> <span class='ocrx_word' id='word_1_376' title='bbox 760 2718 788 2771; x_wconf 90' lang='lat' dir='ltr'><strong>et</strong></span> <span class='ocrx_word' id='word_1_377' title='bbox 802 2713 867 2770; x_wconf 92' lang='lat' dir='ltr'><strong>sine</strong></span> <span class='ocrx_word' id='word_1_378' title='bbox 881 2730 946 2787; x_wconf 90' lang='lat' dir='ltr'><strong>pec·</strong></span> <span class='ocrx_word' id='word_1_379' title='bbox 1002 2707 1109 2782; x_wconf 90' lang='lat' dir='ltr'><strong>telligis</strong></span> <span class='ocrx_word' id='word_1_380' title='bbox 1124 2710 1408 2784; x_wconf 87' lang='lat' dir='ltr'><strong>argumentationem</strong></span> <span class='ocrx_word' id='word_1_381' title='bbox 1423 2716 1505 2769; x_wconf 87' lang='lat' dir='ltr'><strong>tuam</strong></span> <span class='ocrx_word' id='word_1_382' title='bbox 1518 2717 1620 2770; x_wconf 88' lang='lat' dir='ltr'><strong>contra</strong></span> <span class='ocrx_word' id='word_1_383' title='bbox 1633 2729 1732 2770; x_wconf 90' lang='lat' dir='ltr'><strong>sacras</strong></span> <span class='ocrx_word' id='word_1_384' title='bbox 1748 2713 1824 2770; x_wconf 90' lang='lat' dir='ltr'><strong>Sori-</strong></span> 
     </span>
     <span class='ocr_line' id='line_1_29' title="bbox 115 2793 1825 2876; baseline 0.001 -19"><span class='ocrx_word' id='word_1_385' title='bbox 115 2809 181 2858; x_wconf 83' lang='lat' dir='ltr'><strong>cato</strong></span> <span class='ocrx_word' id='word_1_386' title='bbox 194 2817 264 2858; x_wconf 86' lang='lat' dir='ltr'><strong>asse</strong></span> <span class='ocrx_word' id='word_1_387' title='bbox 280 2801 302 2867; x_wconf 87' lang='lat'><strong>¹,</strong></span> <span class='ocrx_word' id='word_1_388' title='bbox 319 2799 587 2874; x_wconf 88' lang='lat' dir='ltr'><strong>statimquejungit</strong></span> <span class='ocrx_word' id='word_1_389' title='bbox 600 2793 780 2871; x_wconf 82' lang='lat' dir='ltr'><strong>testimonia,</strong></span> <span class='ocrx_word' id='word_1_390' title='bbox 793 2802 824 2860; x_wconf 91' lang='lat' dir='ltr'><strong>in</strong></span> <span class='ocrx_word' id='word_1_391' title='bbox 839 2803 948 2875; x_wconf 88' lang='lat' dir='ltr'><strong>quibus</strong></span> <span class='ocrx_word' id='word_1_392' title='bbox 1002 2803 1105 2870; x_wconf 89' lang='lat' dir='ltr'><strong>ptnres</strong></span> <span class='ocrx_word' id='word_1_393' title='bbox 1125 2799 1218 2856; x_wconf 85' lang='lat' dir='ltr'><strong>lacere</strong></span> <span class='ocrx_word' id='word_1_394' title='bbox 1233 2799 1343 2857; x_wconf 84' lang='lat' dir='ltr'><strong>Volunt</strong></span> <span class='ocrx_word' id='word_1_395' title='bbox 1358 2801 1436 2857; x_wconf 88' lang='lat' dir='ltr'><strong>enirn</strong></span> <span class='ocrx_word' id='word_1_396' title='bbox 1460 2799 1578 2874; x_wconf 87' lang='lat' dir='ltr'><strong>eloquia</strong></span> <span class='ocrx_word' id='word_1_397' title='bbox 1606 2801 1825 2876; x_wconf 87' lang='lat' dir='ltr'><strong>Scripturarum</strong></span> 
     </span>
     <span class='ocr_line' id='line_1_30' title="bbox 116 2887 1824 2964; baseline 0.001 -18"><span class='ocrx_word' id='word_1_398' title='bbox 116 2890 266 2964; x_wconf 84' lang='lat' dir='ltr'><strong>scriptam</strong></span> <span class='ocrx_word' id='word_1_399' title='bbox 281 2893 328 2946; x_wconf 87' lang='lat' dir='ltr'><strong>est</strong></span> <span class='ocrx_word' id='word_1_400' title='bbox 342 2889 421 2962; x_wconf 90' lang='lat' dir='ltr'><strong>apud</strong></span> <span class='ocrx_word' id='word_1_401' title='bbox 436 2889 517 2946; x_wconf 86' lang='lat' dir='ltr'><strong>Jcb:</strong></span> <span class='ocrx_word' id='word_1_402' title='bbox 535 2913 549 2942; x_wconf 79' lang='lat' dir='ltr'><strong>a</strong></span> <span class='ocrx_word' id='word_1_403' title='bbox 571 2891 642 2958; x_wconf 83' lang='lat' dir='ltr'><strong>Quis</strong></span> <span class='ocrx_word' id='word_1_404' title='bbox 667 2891 746 2948; x_wconf 89' lang='lat' dir='ltr'><strong>enim</strong></span> <span class='ocrx_word' id='word_1_405' title='bbox 776 2892 905 2948; x_wconf 90' lang='lat' dir='ltr'><strong>mundus</strong></span> <span class='ocrx_word' id='word_1_406' title='bbox 931 2908 950 2948; x_wconf 94' lang='lat' dir='ltr'><strong>a</strong></span> <span class='ocrx_word' id='word_1_407' title='bbox 1003 2887 1091 2943; x_wconf 86' lang='lat' dir='ltr'><strong>etism</strong></span> <span class='ocrx_word' id='word_1_408' title='bbox 1107 2888 1305 2962; x_wconf 82' lang='lat' dir='ltr'><strong>ignorantiam</strong></span> <span class='ocrx_word' id='word_1_409' title='bbox 1321 2889 1429 2946; x_wconf 88' lang='lat' dir='ltr'><strong>babere</strong></span> <span class='ocrx_word' id='word_1_410' title='bbox 1443 2895 1596 2962; x_wconf 89' lang='lat' dir='ltr'><strong>peccatum</strong></span> <span class='ocrx_word' id='word_1_411' title='bbox 1614 2909 1620 2947; x_wconf 91' lang='lat'>:</span> <span class='ocrx_word' id='word_1_412' title='bbox 1637 2891 1715 2947; x_wconf 90' lang='lat' dir='ltr'><strong>unde</strong></span> <span class='ocrx_word' id='word_1_413' title='bbox 1727 2897 1756 2947; x_wconf 93' lang='lat' dir='ltr'><strong>et</strong></span> <span class='ocrx_word' id='word_1_414' title='bbox 1768 2891 1824 2947; x_wconf 81' lang='lat' dir='ltr'><strong>lob</strong></span> 
     </span>
     <span class='ocr_line' id='line_1_31' title="bbox 116 2975 1828 3052; baseline 0 -17"><span class='ocrx_word' id='word_1_415' title='bbox 116 2979 258 3036; x_wconf 89' lang='lat' dir='ltr'><strong>sordibus</strong></span> <span class='ocrx_word' id='word_1_416' title='bbox 274 2977 290 3032; x_wconf 88' lang='lat' dir='ltr'><strong>‘l</strong></span> <span class='ocrx_word' id='word_1_417' title='bbox 304 2977 400 3034; x_wconf 83' lang='lat' dir='ltr'><strong>uersi</strong></span> <span class='ocrx_word' id='word_1_418' title='bbox 415 2977 504 3035; x_wconf 92' lang='lat' dir='ltr'><strong>unius</strong></span> <span class='ocrx_word' id='word_1_419' title='bbox 518 2978 610 3036; x_wconf 88' lang='lat' dir='ltr'><strong>etium</strong></span> <span class='ocrx_word' id='word_1_420' title='bbox 639 2979 695 3036; x_wconf 90' lang='lat' dir='ltr'><strong>diei</strong></span> <span class='ocrx_word' id='word_1_421' title='bbox 711 2979 750 3036; x_wconf 91' lang='lat' dir='ltr'><strong>sit</strong></span> <span class='ocrx_word' id='word_1_422' title='bbox 765 2979 825 3036; x_wconf 81' lang='lat' dir='ltr'><strong>vita</strong></span> <span class='ocrx_word' id='word_1_423' title='bbox 839 2981 904 3052; x_wconf 87' lang='lat' dir='ltr'><strong>ejus</strong></span> <span class='ocrx_word' id='word_1_424' title='bbox 918 2980 948 3036; x_wconf 90' lang='lat' dir='ltr'><strong>in</strong></span> <span class='ocrx_word' id='word_1_425' title='bbox 1003 2975 1072 3048; x_wconf 84' lang='lat' dir='ltr'><strong>(cop.</strong></span> <span class='ocrx_word' id='word_1_426' title='bbox 1091 2975 1111 3048; x_wconf 89' lang='grc' dir='ltr'><strong>ι)</strong></span> <span class='ocrx_word' id='word_1_427' title='bbox 1126 2977 1211 3034; x_wconf 85' lang='lat' dir='ltr'><strong>oliert</strong></span> <span class='ocrx_word' id='word_1_428' title='bbox 1223 2977 1335 3034; x_wconf 89' lang='lat' dir='ltr'><strong>hostias</strong></span> <span class='ocrx_word' id='word_1_429' title='bbox 1352 2994 1420 3051; x_wconf 90' lang='lat' dir='ltr'><strong>pros</strong></span> <span class='ocrx_word' id='word_1_430' title='bbox 1444 2978 1513 3034; x_wconf 90' lang='lat' dir='ltr'><strong>liliis</strong></span> <span class='ocrx_word' id='word_1_431' title='bbox 1530 2977 1603 3046; x_wconf 86' lang='lat' dir='ltr'><strong>suis,</strong></span> <span class='ocrx_word' id='word_1_432' title='bbox 1626 2995 1663 3035; x_wconf 92' lang='lat' dir='ltr'><strong>ne</strong></span> <span class='ocrx_word' id='word_1_433' title='bbox 1688 2979 1761 3035; x_wconf 82' lang='lat' dir='ltr'><strong>sorte</strong></span> <span class='ocrx_word' id='word_1_434' title='bbox 1776 2995 1828 3052; x_wconf 90' lang='lat' dir='ltr'><strong>per</strong></span> 
     </span>
     <span class='ocr_line' id='line_1_32' title="bbox 116 3064 1828 3142; baseline 0 -18"><span class='ocrx_word' id='word_1_435' title='bbox 116 3067 415 3140; x_wconf 61' lang='lat' dir='ltr'><strong>restauremus).</strong></span> <span class='ocrx_word' id='word_1_436' title='bbox 433 3089 448 3118; x_wconf 77' lang='grc' dir='ltr'><strong>»ι</strong></span> <span class='ocrx_word' id='word_1_437' title='bbox 464 3067 499 3125; x_wconf 81' lang='lat' dir='ltr'><strong>llt</strong></span> <span class='ocrx_word' id='word_1_438' title='bbox 510 3068 541 3123; x_wconf 90' lang='lat' dir='ltr'><strong>in</strong></span> <span class='ocrx_word' id='word_1_439' title='bbox 557 3066 672 3140; x_wconf 89' lang='lat' dir='ltr'><strong>psalmo</strong></span> <span class='ocrx_word' id='word_1_440' title='bbox 697 3069 923 3142; x_wconf 79' lang='lat' dir='ltr'><strong>quiquagesimo</strong></span> <span class='ocrx_word' id='word_1_441' title='bbox 940 3085 947 3125; x_wconf 80' lang='grc' dir='ltr'><strong>ι</strong></span> <span class='ocrx_word' id='word_1_442' title='bbox 1004 3065 1199 3138; x_wconf 84' lang='lat' dir='ltr'><strong>ignorantiam</strong></span> <span class='ocrx_word' id='word_1_443' title='bbox 1217 3067 1246 3122; x_wconf 91' lang='lat' dir='ltr'><strong>iu</strong></span> <span class='ocrx_word' id='word_1_444' title='bbox 1263 3064 1737 3140; x_wconf 64' lang='lat' dir='ltr'><strong>cog&#39;tationepeccaverintdltqui</strong></span> <span class='ocrx_word' id='word_1_445' title='bbox 1748 3067 1828 3142; x_wconf 84' lang='lat' dir='ltr'><strong>ligna</strong></span> 
     </span>
     <span class='ocr_line' id='line_1_33' title="bbox 118 3149 1825 3233; baseline 0.002 -25"><span class='ocrx_word' id='word_1_446' title='bbox 118 3177 131 3208; x_wconf 84' lang='grc' dir='ltr'><strong>ι</strong></span> <span class='ocrx_word' id='word_1_447' title='bbox 148 3157 219 3214; x_wconf 83' lang='lat' dir='ltr'><strong>iicce</strong></span> <span class='ocrx_word' id='word_1_448' title='bbox 233 3155 266 3213; x_wconf 94' lang='lat' dir='ltr'><strong>in</strong></span> <span class='ocrx_word' id='word_1_449' title='bbox 282 3155 492 3229; x_wconf 87' lang='lat' dir='ltr'><strong>iniquitatibus</strong></span> <span class='ocrx_word' id='word_1_450' title='bbox 507 3162 665 3230; x_wconf 91' lang='lat' dir='ltr'><strong>conceptus</strong></span> <span class='ocrx_word' id='word_1_451' title='bbox 680 3163 794 3224; x_wconf 77' lang='lat' dir='ltr'><strong>sumet</strong></span> <span class='ocrx_word' id='word_1_452' title='bbox 808 3149 983 3233; x_wconf 82' lang='lat' dir='ltr'><strong>in&#39;pecca-ll</strong></span> <span class='ocrx_word' id='word_1_453' title='bbox 1002 3154 1098 3222; x_wconf 74' lang='lat' dir='ltr'><strong>credit,</strong></span> <span class='ocrx_word' id='word_1_454' title='bbox 1112 3155 1137 3211; x_wconf 90' lang='lat' dir='ltr'><strong>si</strong></span> <span class='ocrx_word' id='word_1_455' title='bbox 1152 3155 1246 3212; x_wconf 89' lang='lat' dir='ltr'><strong>securi</strong></span> <span class='ocrx_word' id='word_1_456' title='bbox 1267 3171 1300 3212; x_wconf 93' lang='lat' dir='ltr'><strong>ac</strong></span> <span class='ocrx_word' id='word_1_457' title='bbox 1316 3155 1391 3212; x_wconf 87' lang='lat' dir='ltr'><strong>lerro</strong></span> <span class='ocrx_word' id='word_1_458' title='bbox 1408 3155 1537 3230; x_wconf 82' lang='lat' dir='ltr'><strong>fugiente</strong></span> <span class='ocrx_word' id='word_1_459' title='bbox 1559 3156 1594 3212; x_wconf 90' lang='lat' dir='ltr'><strong>de</strong></span> <span class='ocrx_word' id='word_1_460' title='bbox 1620 3155 1710 3230; x_wconf 86' lang='lat' dir='ltr'><strong>ligno,</strong></span> <span class='ocrx_word' id='word_1_461' title='bbox 1739 3156 1825 3212; x_wconf 81' lang='lat' dir='ltr'><strong>borno</strong></span> 
     </span>
     <span class='ocr_line' id='line_1_34' title="bbox 116 3244 1825 3318; baseline 0 -16"><span class='ocrx_word' id='word_1_462' title='bbox 116 3245 155 3302; x_wconf 90' lang='lat' dir='ltr'><strong>tia</strong></span> <span class='ocrx_word' id='word_1_463' title='bbox 170 3244 337 3318; x_wconf 75' lang='lat' dir='ltr'><strong>susecpti·</strong></span> <span class='ocrx_word' id='word_1_464' title='bbox 352 3260 399 3301; x_wconf 90' lang='lat' dir='ltr'><strong>me</strong></span> <span class='ocrx_word' id='word_1_465' title='bbox 414 3249 589 3303; x_wconf 88' lang='lat' dir='ltr'><strong>matermaa</strong></span> <span class='ocrx_word' id='word_1_466' title='bbox 612 3245 699 3318; x_wconf 83' lang='lat' dir='ltr'><strong>(Prot.</strong></span> <span class='ocrx_word' id='word_1_467' title='bbox 720 3263 740 3304; x_wconf 90' lang='lat'><strong>1.</strong></span> <span class='ocrx_word' id='word_1_468' title='bbox 756 3248 795 3316; x_wconf 83' lang='lat' dir='ltr'><strong>d).</strong></span> <span class='ocrx_word' id='word_1_469' title='bbox 819 3266 832 3299; x_wconf 78' lang='lat' dir='ltr'><strong>a</strong></span> <span class='ocrx_word' id='word_1_470' title='bbox 862 3248 897 3304; x_wconf 80' lang='lat' dir='ltr'><strong>nt</strong></span> <span class='ocrx_word' id='word_1_471' title='bbox 920 3247 950 3303; x_wconf 92' lang='lat' dir='ltr'><strong>in</strong></span> <span class='ocrx_word' id='word_1_472' title='bbox 1005 3244 1229 3311; x_wconf 83' lang='lat' dir='ltr'><strong>sueritoccisus‚</strong></span> <span class='ocrx_word' id='word_1_473' title='bbox 1246 3260 1364 3318; x_wconf 86' lang='lat' dir='ltr'><strong>pergere</strong></span> <span class='ocrx_word' id='word_1_474' title='bbox 1375 3245 1497 3316; x_wconf 71' lang='lat' dir='ltr'><strong>iubetur</strong></span> <span class='ocrx_word' id='word_1_475' title='bbox 1512 3245 1548 3300; x_wconf 90' lang='lat' dir='ltr'><strong>ad</strong></span> <span class='ocrx_word' id='word_1_476' title='bbox 1570 3245 1673 3301; x_wconf 88' lang='lat' dir='ltr'><strong>urbem</strong></span> <span class='ocrx_word' id='word_1_477' title='bbox 1690 3244 1825 3318; x_wconf 85' lang='lat' dir='ltr'><strong>lugitivo-</strong></span> 
     </span>
     <span class='ocr_line' id='line_1_35' title="bbox 121 3327 1826 3409; baseline -0.001 -18"><span class='ocrx_word' id='word_1_478' title='bbox 121 3334 257 3408; x_wconf 78' lang='lat' dir='ltr'><strong>Epistcla</strong></span> <span class='ocrx_word' id='word_1_479' title='bbox 271 3333 396 3392; x_wconf 80' lang='lat' dir='ltr'><strong>loannis</strong></span> <span class='ocrx_word' id='word_1_480' title='bbox 412 3350 420 3390; x_wconf 78' lang='grc' dir='ltr'><strong>ι</strong></span> <span class='ocrx_word' id='word_1_481' title='bbox 439 3356 453 3385; x_wconf 81' lang='grc' dir='ltr'><strong>ιι</strong></span> <span class='ocrx_word' id='word_1_482' title='bbox 469 3334 498 3391; x_wconf 87' lang='lat' dir='ltr'><strong>Si</strong></span> <span class='ocrx_word' id='word_1_483' title='bbox 513 3334 676 3392; x_wconf 87' lang='lat' dir='ltr'><strong>dixerimus</strong></span> <span class='ocrx_word' id='word_1_484' title='bbox 703 3334 773 3408; x_wconf 88' lang='lat' dir='ltr'><strong>quia</strong></span> <span class='ocrx_word' id='word_1_485' title='bbox 798 3341 950 3409; x_wconf 88' lang='lat' dir='ltr'><strong>peccatum</strong></span> <span class='ocrx_word' id='word_1_486' title='bbox 1005 3349 1070 3388; x_wconf 91' lang='lat' dir='ltr'><strong>rum</strong></span> <span class='ocrx_word' id='word_1_487' title='bbox 1086 3337 1115 3389; x_wconf 90' lang='lat' dir='ltr'><strong>et</strong></span> <span class='ocrx_word' id='word_1_488' title='bbox 1129 3333 1233 3389; x_wconf 91' lang='lat' dir='ltr'><strong>tandiu</strong></span> <span class='ocrx_word' id='word_1_489' title='bbox 1246 3333 1287 3388; x_wconf 90' lang='lat' dir='ltr'><strong>ibi</strong></span> <span class='ocrx_word' id='word_1_490' title='bbox 1308 3348 1385 3403; x_wconf 87' lang='lat' dir='ltr'><strong>esse,</strong></span> <span class='ocrx_word' id='word_1_491' title='bbox 1413 3333 1545 3406; x_wconf 88' lang='lat' dir='ltr'><strong>quandiu</strong></span> <span class='ocrx_word' id='word_1_492' title='bbox 1558 3327 1562 3335; x_wconf 56' lang='lat'><strong>⁴</strong></span> <span class='ocrx_word' id='word_1_493' title='bbox 1575 3335 1711 3392; x_wconf 91' lang='lat' dir='ltr'><strong>sacerdos</strong></span> <span class='ocrx_word' id='word_1_494' title='bbox 1734 3333 1826 3390; x_wconf 87' lang='lat' dir='ltr'><strong>maxi·</strong></span> 
     </span>
     <span class='ocr_line' id='line_1_36' title="bbox 119 3420 1828 3498; baseline 0 -18"><span class='ocrx_word' id='word_1_495' title='bbox 119 3441 180 3482; x_wconf 87' lang='lat' dir='ltr'><strong>non</strong></span> <span class='ocrx_word' id='word_1_496' title='bbox 196 3423 354 3492; x_wconf 87' lang='lat' dir='ltr'><strong>habemns,</strong></span> <span class='ocrx_word' id='word_1_497' title='bbox 370 3424 569 3497; x_wconf 87' lang='lat' dir='ltr'><strong>nosmetipsos</strong></span> <span class='ocrx_word' id='word_1_498' title='bbox 578 3425 790 3498; x_wconf 83' lang='lat' dir='ltr'><strong>decipimus.et</strong></span> <span class='ocrx_word' id='word_1_499' title='bbox 805 3426 911 3483; x_wconf 87' lang='lat' dir='ltr'><strong>veritas</strong></span> <span class='ocrx_word' id='word_1_500' title='bbox 920 3425 950 3482; x_wconf 91' lang='lat' dir='ltr'><strong>in</strong></span> <span class='ocrx_word' id='word_1_501' title='bbox 1006 3438 1073 3478; x_wconf 87' lang='lat' dir='ltr'><strong>mus</strong></span> <span class='ocrx_word' id='word_1_502' title='bbox 1089 3421 1233 3478; x_wconf 89' lang='lat' dir='ltr'><strong>moriatur</strong></span> <span class='ocrx_word' id='word_1_503' title='bbox 1247 3421 1337 3494; x_wconf 81' lang='lat' dir='ltr'><strong>(licut.</strong></span> <span class='ocrx_word' id='word_1_504' title='bbox 1354 3437 1412 3492; x_wconf 84' lang='lat' dir='ltr'><strong>xix,</strong></span> <span class='ocrx_word' id='word_1_505' title='bbox 1425 3423 1452 3490; x_wconf 82' lang='lat' dir='ltr'><strong>i,</strong></span> <span class='ocrx_word' id='word_1_506' title='bbox 1477 3422 1517 3494; x_wconf 84' lang='lat'><strong>5),</strong></span> <span class='ocrx_word' id='word_1_507' title='bbox 1532 3420 1562 3478; x_wconf 93' lang='lat' dir='ltr'><strong>id</strong></span> <span class='ocrx_word' id='word_1_508' title='bbox 1585 3426 1639 3490; x_wconf 88' lang='lat' dir='ltr'><strong>est,</strong></span> <span class='ocrx_word' id='word_1_509' title='bbox 1665 3422 1828 3480; x_wconf 89' lang='lat' dir='ltr'><strong>redimetur</strong></span> 
     </span>
     <span class='ocr_line' id='line_1_37' title="bbox 121 3509 1828 3584; baseline 0 -16"><span class='ocrx_word' id='word_1_510' title='bbox 121 3512 213 3568; x_wconf 87' lang='lat' dir='ltr'><strong>nobis</strong></span> <span class='ocrx_word' id='word_1_511' title='bbox 224 3527 286 3568; x_wconf 85' lang='lat' dir='ltr'><strong>noa</strong></span> <span class='ocrx_word' id='word_1_512' title='bbox 299 3517 343 3570; x_wconf 88' lang='lat' dir='ltr'><strong>est</strong></span> <span class='ocrx_word' id='word_1_513' title='bbox 356 3515 379 3584; x_wconf 84' lang='lat' dir='ltr'><strong>(l</strong></span> <span class='ocrx_word' id='word_1_514' title='bbox 393 3514 473 3570; x_wconf 76' lang='lat' dir='ltr'><strong>loon.</strong></span> <span class='ocrx_word' id='word_1_515' title='bbox 490 3529 511 3580; x_wconf 86' lang='lat'><strong>1,</strong></span> <span class='ocrx_word' id='word_1_516' title='bbox 525 3515 565 3584; x_wconf 90' lang='grc'><strong>8).</strong></span> <span class='ocrx_word' id='word_1_517' title='bbox 583 3536 597 3564; x_wconf 77' lang='grc' dir='ltr'><strong>ι</strong></span> <span class='ocrx_word' id='word_1_518' title='bbox 612 3515 654 3572; x_wconf 86' lang='lat' dir='ltr'><strong>Tu</strong></span> <span class='ocrx_word' id='word_1_519' title='bbox 669 3530 685 3571; x_wconf 89' lang='lat' dir='ltr'><strong>e</strong></span> <span class='ocrx_word' id='word_1_520' title='bbox 700 3514 814 3571; x_wconf 88' lang='lat' dir='ltr'><strong>diverse</strong></span> <span class='ocrx_word' id='word_1_521' title='bbox 830 3514 950 3584; x_wconf 86' lang='lat' dir='ltr'><strong>asseris,</strong></span> <span class='ocrx_word' id='word_1_522' title='bbox 1006 3510 1150 3584; x_wconf 88' lang='lat' dir='ltr'><strong>sanguine</strong></span> <span class='ocrx_word' id='word_1_523' title='bbox 1164 3509 1334 3580; x_wconf 85' lang='lat' dir='ltr'><strong>Salvatoris,</strong></span> <span class='ocrx_word' id='word_1_524' title='bbox 1348 3515 1399 3566; x_wconf 92' lang='lat' dir='ltr'><strong>aut</strong></span> <span class='ocrx_word' id='word_1_525' title='bbox 1413 3509 1443 3565; x_wconf 92' lang='lat' dir='ltr'><strong>in</strong></span> <span class='ocrx_word' id='word_1_526' title='bbox 1457 3509 1545 3566; x_wconf 92' lang='lat' dir='ltr'><strong>domo</strong></span> <span class='ocrx_word' id='word_1_527' title='bbox 1561 3509 1759 3583; x_wconf 88' lang='lat' dir='ltr'><strong>baptismatis,</strong></span> <span class='ocrx_word' id='word_1_528' title='bbox 1778 3515 1828 3568; x_wconf 91' lang='lat' dir='ltr'><strong>aut</strong></span> 
     </span>
     <span class='ocr_line' id='line_1_38' title="bbox 131 3597 1828 3676; baseline 0 -22"><span class='ocrx_word' id='word_1_529' title='bbox 131 3623 147 3652; x_wconf 69' lang='lat' dir='ltr'><strong>e</strong></span> <span class='ocrx_word' id='word_1_530' title='bbox 164 3599 258 3655; x_wconf 83' lang='lat' dir='ltr'><strong>Posse</strong></span> <span class='ocrx_word' id='word_1_531' title='bbox 271 3599 414 3658; x_wconf 86' lang='lat' dir='ltr'><strong>bominem</strong></span> <span class='ocrx_word' id='word_1_532' title='bbox 432 3603 496 3660; x_wconf 84' lang='lat' dir='ltr'><strong>sine</strong></span> <span class='ocrx_word' id='word_1_533' title='bbox 513 3606 630 3676; x_wconf 83' lang='lat' dir='ltr'><strong>peccato</strong></span> <span class='ocrx_word' id='word_1_534' title='bbox 650 3619 715 3662; x_wconf 78' lang='lat' dir='ltr'><strong>essa</strong></span> <span class='ocrx_word' id='word_1_535' title='bbox 732 3621 739 3673; x_wconf 76' lang='lat'>3</span> <span class='ocrx_word' id='word_1_536' title='bbox 757 3625 772 3655; x_wconf 78' lang='grc' dir='ltr'><strong>ι</strong></span> <span class='ocrx_word' id='word_1_537' title='bbox 788 3607 817 3660; x_wconf 89' lang='lat' dir='ltr'><strong>et</strong></span> <span class='ocrx_word' id='word_1_538' title='bbox 840 3607 873 3659; x_wconf 92' lang='lat' dir='ltr'><strong>ut</strong></span> <span class='ocrx_word' id='word_1_539' title='bbox 896 3604 951 3661; x_wconf 89' lang='lat' dir='ltr'><strong>boc</strong></span> <span class='ocrx_word' id='word_1_540' title='bbox 1006 3599 1035 3654; x_wconf 92' lang='lat' dir='ltr'><strong>in</strong></span> <span class='ocrx_word' id='word_1_541' title='bbox 1053 3598 1232 3672; x_wconf 71' lang='lat' dir='ltr'><strong>penitentie,</strong></span> <span class='ocrx_word' id='word_1_542' title='bbox 1250 3615 1314 3672; x_wconf 80' lang='lat' dir='ltr'><strong>quse</strong></span> <span class='ocrx_word' id='word_1_543' title='bbox 1330 3597 1462 3654; x_wconf 89' lang='lat' dir='ltr'><strong>imitatur</strong></span> <span class='ocrx_word' id='word_1_544' title='bbox 1491 3597 1679 3671; x_wconf 89' lang='lat' dir='ltr'><strong>baptismatis</strong></span> <span class='ocrx_word' id='word_1_545' title='bbox 1701 3598 1828 3669; x_wconf 88' lang='lat' dir='ltr'><strong>gratiam</strong></span> 
     </span>
     <span class='ocr_line' id='line_1_39' title="bbox 128 3685 1828 3766; baseline -0.004 -17"><span class='ocrx_word' id='word_1_546' title='bbox 128 3703 234 3745; x_wconf 80' lang='lat' dir='ltr'><strong>verum</strong></span> <span class='ocrx_word' id='word_1_547' title='bbox 251 3687 356 3746; x_wconf 77' lang='lat' dir='ltr'><strong>dixisse</strong></span> <span class='ocrx_word' id='word_1_548' title='bbox 366 3690 505 3760; x_wconf 85' lang='lat' dir='ltr'><strong>videaris,</strong></span> <span class='ocrx_word' id='word_1_549' title='bbox 520 3693 620 3750; x_wconf 87' lang='lat' dir='ltr'><strong>statim</strong></span> <span class='ocrx_word' id='word_1_550' title='bbox 640 3692 803 3766; x_wconf 77' lang='lat' dir='ltr'><strong>adiungis,</strong></span> <span class='ocrx_word' id='word_1_551' title='bbox 820 3715 834 3744; x_wconf 78' lang='grc' dir='ltr'><strong>ι</strong></span> <span class='ocrx_word' id='word_1_552' title='bbox 851 3691 885 3748; x_wconf 86' lang='lat' dir='ltr'><strong>lit</strong></span> <span class='ocrx_word' id='word_1_553' title='bbox 900 3692 951 3750; x_wconf 89' lang='lat' dir='ltr'><strong>Dei</strong></span> <span class='ocrx_word' id='word_1_554' title='bbox 1007 3704 1058 3761; x_wconf 92' lang='lat' dir='ltr'><strong>pcr</strong></span> <span class='ocrx_word' id='word_1_555' title='bbox 1080 3686 1258 3744; x_wconf 79' lang='lat' dir='ltr'><strong>ineffabilem</strong></span> <span class='ocrx_word' id='word_1_556' title='bbox 1291 3685 1477 3743; x_wconf 86' lang='lat' dir='ltr'><strong>clementiam</strong></span> <span class='ocrx_word' id='word_1_557' title='bbox 1498 3685 1666 3754; x_wconf 84' lang='lat' dir='ltr'><strong>Salvatoris‚</strong></span> <span class='ocrx_word' id='word_1_558' title='bbox 1693 3686 1742 3758; x_wconf 86' lang='lat' dir='ltr'><strong>qui</strong></span> <span class='ocrx_word' id='word_1_559' title='bbox 1770 3702 1828 3742; x_wconf 90' lang='lat' dir='ltr'><strong>nou</strong></span> 
     </span>
     <span class='ocr_line' id='line_1_40' title="bbox 125 3774 1829 3854; baseline 0.001 -21"><span class='ocrx_word' id='word_1_560' title='bbox 125 3776 270 3834; x_wconf 85' lang='lat' dir='ltr'><strong>mandate</strong></span> <span class='ocrx_word' id='word_1_561' title='bbox 284 3777 365 3836; x_wconf 78' lang='lat' dir='ltr'><strong>facile</strong></span> <span class='ocrx_word' id='word_1_562' title='bbox 379 3779 537 3852; x_wconf 89' lang='lat' dir='ltr'><strong>custodire,</strong></span> <span class='ocrx_word' id='word_1_563' title='bbox 553 3781 575 3837; x_wconf 89' lang='lat' dir='ltr'><strong>si</strong></span> <span class='ocrx_word' id='word_1_564' title='bbox 591 3780 669 3850; x_wconf 87' lang='lat' dir='ltr'><strong>velit,</strong></span> <span class='ocrx_word' id='word_1_565' title='bbox 686 3803 700 3832; x_wconf 77' lang='lat' dir='ltr'><strong>a</strong></span> <span class='ocrx_word' id='word_1_566' title='bbox 711 3797 775 3854; x_wconf 82' lang='lat' dir='ltr'><strong>que</strong></span> <span class='ocrx_word' id='word_1_567' title='bbox 791 3785 842 3838; x_wconf 87' lang='lat' dir='ltr'><strong>aut</strong></span> <span class='ocrx_word' id='word_1_568' title='bbox 856 3797 952 3850; x_wconf 88' lang='lat' dir='ltr'><strong>rarus,</strong></span> <span class='ocrx_word' id='word_1_569' title='bbox 1005 3775 1069 3834; x_wconf 89' lang='lat' dir='ltr'><strong>vult</strong></span> <span class='ocrx_word' id='word_1_570' title='bbox 1082 3777 1177 3849; x_wconf 90' lang='lat' dir='ltr'><strong>perire</strong></span> <span class='ocrx_word' id='word_1_571' title='bbox 1191 3792 1369 3850; x_wconf 88' lang='lat' dir='ltr'><strong>quemquam</strong></span> <span class='ocrx_word' id='word_1_572' title='bbox 1389 3777 1411 3843; x_wconf 83' lang='lat'><strong>⁸,</strong></span> <span class='ocrx_word' id='word_1_573' title='bbox 1427 3792 1481 3833; x_wconf 88' lang='lat' dir='ltr'><strong>nec</strong></span> <span class='ocrx_word' id='word_1_574' title='bbox 1500 3775 1659 3832; x_wconf 81' lang='lat' dir='ltr'><strong>delectatur</strong></span> <span class='ocrx_word' id='word_1_575' title='bbox 1683 3774 1829 3834; x_wconf 86' lang='lat' dir='ltr'><strong>mortibus</strong></span> 
     </span>
     <span class='ocr_line' id='line_1_41' title="bbox 124 3863 1827 3941; baseline -0.002 -17"><span class='ocrx_word' id='word_1_576' title='bbox 124 3871 180 3924; x_wconf 79' lang='lat' dir='ltr'><strong>eut</strong></span> <span class='ocrx_word' id='word_1_577' title='bbox 196 3865 298 3924; x_wconf 90' lang='lat' dir='ltr'><strong>nullos</strong></span> <span class='ocrx_word' id='word_1_578' title='bbox 313 3867 453 3941; x_wconf 87' lang='lat' dir='ltr'><strong>implevit.</strong></span> <span class='ocrx_word' id='word_1_579' title='bbox 469 3869 500 3926; x_wconf 91' lang='lat' dir='ltr'><strong>Si</strong></span> <span class='ocrx_word' id='word_1_580' title='bbox 515 3871 593 3926; x_wconf 90' lang='lat' dir='ltr'><strong>enim</strong></span> <span class='ocrx_word' id='word_1_581' title='bbox 609 3869 707 3928; x_wconf 83' lang='lat' dir='ltr'><strong>facilia</strong></span> <span class='ocrx_word' id='word_1_582' title='bbox 719 3875 800 3939; x_wconf 89' lang='lat' dir='ltr'><strong>suut,</strong></span> <span class='ocrx_word' id='word_1_583' title='bbox 815 3869 954 3927; x_wconf 81' lang='lat' dir='ltr'><strong>debente</strong></span> <span class='ocrx_word' id='word_1_584' title='bbox 1007 3871 1205 3939; x_wconf 83' lang='lat' dir='ltr'><strong>peccatorum,</strong></span> <span class='ocrx_word' id='word_1_585' title='bbox 1220 3865 1271 3922; x_wconf 87' lang='lat' dir='ltr'><strong>sed</strong></span> <span class='ocrx_word' id='word_1_586' title='bbox 1288 3870 1321 3922; x_wconf 88' lang='lat' dir='ltr'><strong>ut</strong></span> <span class='ocrx_word' id='word_1_587' title='bbox 1335 3868 1542 3922; x_wconf 88' lang='lat' dir='ltr'><strong>convertantur</strong></span> <span class='ocrx_word' id='word_1_588' title='bbox 1556 3868 1586 3922; x_wconf 89' lang='lat' dir='ltr'><strong>et</strong></span> <span class='ocrx_word' id='word_1_589' title='bbox 1603 3863 1700 3920; x_wconf 82' lang='lat' dir='ltr'><strong>vivant</strong></span> <span class='ocrx_word' id='word_1_590' title='bbox 1719 3863 1827 3937; x_wconf 73' lang='lat' dir='ltr'><strong>(Esset.</strong></span> 
     </span>
     <span class='ocr_line' id='line_1_42' title="bbox 122 3954 1827 4030; baseline -0.001 -17"><span class='ocrx_word' id='word_1_591' title='bbox 122 3956 262 4030; x_wconf 85' lang='lat' dir='ltr'><strong>pluribus</strong></span> <span class='ocrx_word' id='word_1_592' title='bbox 277 3956 430 4014; x_wconf 90' lang='lat' dir='ltr'><strong>custodiri.</strong></span> <span class='ocrx_word' id='word_1_593' title='bbox 447 3957 498 4014; x_wconf 90' lang='lat' dir='ltr'><strong>Sin</strong></span> <span class='ocrx_word' id='word_1_594' title='bbox 513 3961 660 4026; x_wconf 91' lang='lat' dir='ltr'><strong>autem,ut</strong></span> <span class='ocrx_word' id='word_1_595' title='bbox 674 3960 870 4016; x_wconf 89' lang='lat' dir='ltr'><strong>concedamus</strong></span> <span class='ocrx_word' id='word_1_596' title='bbox 886 3958 951 4028; x_wconf 89' lang='lat' dir='ltr'><strong>tibi,</strong></span> <span class='ocrx_word' id='word_1_597' title='bbox 1005 3973 1086 4024; x_wconf 81' lang='lat' dir='ltr'><strong>xviii,</strong></span> <span class='ocrx_word' id='word_1_598' title='bbox 1102 3955 1158 4028; x_wconf 82' lang='grc'><strong>23).</strong></span> <span class='ocrx_word' id='word_1_599' title='bbox 1175 3957 1204 4012; x_wconf 89' lang='lat' dir='ltr'><strong>C.</strong></span> <span class='ocrx_word' id='word_1_600' title='bbox 1222 3955 1302 4028; x_wconf 84' lang='lat' dir='ltr'><strong>Rogo</strong></span> <span class='ocrx_word' id='word_1_601' title='bbox 1316 3971 1380 4028; x_wconf 84' lang='lat' dir='ltr'><strong>que</strong></span> <span class='ocrx_word' id='word_1_602' title='bbox 1395 3958 1440 4011; x_wconf 90' lang='lat' dir='ltr'><strong>est</strong></span> <span class='ocrx_word' id='word_1_603' title='bbox 1454 3954 1511 4010; x_wconf 91' lang='lat' dir='ltr'><strong>ista</strong></span> <span class='ocrx_word' id='word_1_604' title='bbox 1521 3955 1638 4026; x_wconf 88' lang='lat' dir='ltr'><strong>justitia</strong></span> <span class='ocrx_word' id='word_1_605' title='bbox 1652 3958 1685 4010; x_wconf 92' lang='lat' dir='ltr'><strong>ut</strong></span> <span class='ocrx_word' id='word_1_606' title='bbox 1708 3955 1737 4010; x_wconf 92' lang='lat' dir='ltr'><strong>ln</strong></span> <span class='ocrx_word' id='word_1_607' title='bbox 1762 3969 1827 4028; x_wconf 88' lang='lat' dir='ltr'><strong>pec·</strong></span> 
     </span>
     <span class='ocr_line' id='line_1_43' title="bbox 120 4042 1827 4120; baseline -0.002 -18"><span class='ocrx_word' id='word_1_608' title='bbox 120 4061 212 4102; x_wconf 85' lang='lat' dir='ltr'><strong>rarus</strong></span> <span class='ocrx_word' id='word_1_609' title='bbox 224 4044 385 4119; x_wconf 88' lang='lat' dir='ltr'><strong>qnisquam</strong></span> <span class='ocrx_word' id='word_1_610' title='bbox 401 4063 435 4103; x_wconf 87' lang='lat' dir='ltr'><strong>ea</strong></span> <span class='ocrx_word' id='word_1_611' title='bbox 447 4047 568 4118; x_wconf 89' lang='lat' dir='ltr'><strong>implere</strong></span> <span class='ocrx_word' id='word_1_612' title='bbox 583 4051 689 4120; x_wconf 88' lang='lat' dir='ltr'><strong>potest,</strong></span> <span class='ocrx_word' id='word_1_613' title='bbox 702 4048 891 4106; x_wconf 81' lang='lat' dir='ltr'><strong>manifestum</strong></span> <span class='ocrx_word' id='word_1_614' title='bbox 908 4053 953 4106; x_wconf 88' lang='lat' dir='ltr'><strong>eet</strong></span> <span class='ocrx_word' id='word_1_615' title='bbox 1007 4049 1071 4102; x_wconf 87' lang='lat' dir='ltr'><strong>cato</strong></span> <span class='ocrx_word' id='word_1_616' title='bbox 1086 4049 1186 4102; x_wconf 90' lang='lat' dir='ltr'><strong>tenear</strong></span> <span class='ocrx_word' id='word_1_617' title='bbox 1200 4044 1321 4112; x_wconf 89' lang='lat' dir='ltr'><strong>erroris,</strong></span> <span class='ocrx_word' id='word_1_618' title='bbox 1336 4043 1423 4115; x_wconf 88' lang='lat' dir='ltr'><strong>cujus</strong></span> <span class='ocrx_word' id='word_1_619' title='bbox 1438 4047 1551 4100; x_wconf 84' lang='lat' dir='ltr'><strong>reatum</strong></span> <span class='ocrx_word' id='word_1_620' title='bbox 1569 4059 1628 4098; x_wconf 93' lang='lat' dir='ltr'><strong>non</strong></span> <span class='ocrx_word' id='word_1_621' title='bbox 1652 4042 1741 4100; x_wconf 89' lang='lat' dir='ltr'><strong>habet</strong></span> <span class='ocrx_word' id='word_1_622' title='bbox 1760 4059 1827 4100; x_wconf 86' lang='lat' dir='ltr'><strong>cen·</strong></span> 
     </span>
     <span class='ocr_line' id='line_1_44' title="bbox 120 4131 1827 4212; baseline -0.002 -21"><span class='ocrx_word' id='word_1_623' title='bbox 120 4151 192 4192; x_wconf 87' lang='lat' dir='ltr'><strong>esse</strong></span> <span class='ocrx_word' id='word_1_624' title='bbox 207 4134 329 4192; x_wconf 84' lang='lat' dir='ltr'><strong>difficile</strong></span> <span class='ocrx_word' id='word_1_625' title='bbox 345 4135 534 4207; x_wconf 87' lang='lat' dir='ltr'><strong>quadrarum</strong></span> <span class='ocrx_word' id='word_1_626' title='bbox 549 4138 700 4210; x_wconf 77' lang='lat' dir='ltr'><strong>estittque</strong></span> <span class='ocrx_word' id='word_1_627' title='bbox 714 4141 747 4194; x_wconf 92' lang='lat' dir='ltr'><strong>ut</strong></span> <span class='ocrx_word' id='word_1_628' title='bbox 761 4137 816 4194; x_wconf 92' lang='lat' dir='ltr'><strong>hoc</strong></span> <span class='ocrx_word' id='word_1_629' title='bbox 832 4153 951 4212; x_wconf 88' lang='lat' dir='ltr'><strong>augeas,</strong></span> <span class='ocrx_word' id='word_1_630' title='bbox 1007 4134 1152 4192; x_wconf 79' lang='lat' dir='ltr'><strong>scientia?</strong></span> <span class='ocrx_word' id='word_1_631' title='bbox 1167 4133 1269 4192; x_wconf 88' lang='lat' dir='ltr'><strong>Nescio</strong></span> <span class='ocrx_word' id='word_1_632' title='bbox 1295 4150 1341 4190; x_wconf 88' lang='lat' dir='ltr'><strong>me</strong></span> <span class='ocrx_word' id='word_1_633' title='bbox 1362 4147 1498 4206; x_wconf 87' lang='lat' dir='ltr'><strong>peccasse</strong></span> <span class='ocrx_word' id='word_1_634' title='bbox 1525 4137 1554 4188; x_wconf 91' lang='lat' dir='ltr'><strong>et</strong></span> <span class='ocrx_word' id='word_1_635' title='bbox 1577 4133 1642 4204; x_wconf 87' lang='lat' dir='ltr'><strong>ejus</strong></span> <span class='ocrx_word' id='word_1_636' title='bbox 1670 4131 1710 4188; x_wconf 88' lang='lat' dir='ltr'><strong>rei</strong></span> <span class='ocrx_word' id='word_1_637' title='bbox 1738 4146 1827 4204; x_wconf 88' lang='lat' dir='ltr'><strong>quam</strong></span> 
     </span>
     <span class='ocr_line' id='line_1_45' title="bbox 121 4213 1828 4300; baseline -0.003 -20"><span class='ocrx_word' id='word_1_638' title='bbox 121 4231 153 4282; x_wconf 85' lang='lat' dir='ltr'><strong>et</strong></span> <span class='ocrx_word' id='word_1_639' title='bbox 174 4224 415 4299; x_wconf 89' lang='lat' dir='ltr'><strong>magnitudinem</strong></span> <span class='ocrx_word' id='word_1_640' title='bbox 430 4229 489 4282; x_wconf 81' lang='lat' dir='ltr'><strong>ture</strong></span> <span class='ocrx_word' id='word_1_641' title='bbox 515 4224 632 4283; x_wconf 78' lang='lat' dir='ltr'><strong>virtutis</strong></span> <span class='ocrx_word' id='word_1_642' title='bbox 651 4213 880 4300; x_wconf 80' lang='lat' dir='ltr'><strong>ostendas,quod</strong></span> <span class='ocrx_word' id='word_1_643' title='bbox 896 4226 953 4284; x_wconf 89' lang='lat' dir='ltr'><strong>sci·</strong></span> <span class='ocrx_word' id='word_1_644' title='bbox 1007 4225 1118 4296; x_wconf 87' lang='lat' dir='ltr'><strong>nescio,</strong></span> <span class='ocrx_word' id='word_1_645' title='bbox 1134 4220 1295 4297; x_wconf 80' lang='lat' dir='ltr'><strong>poenasluo</strong></span> <span class='ocrx_word' id='word_1_646' title='bbox 1310 4221 1324 4278; x_wconf 80' lang='lat' dir='ltr'><strong>i</strong></span> <span class='ocrx_word' id='word_1_647' title='bbox 1339 4222 1372 4278; x_wconf 82' lang='lat' dir='ltr'><strong>lli</strong></span> <span class='ocrx_word' id='word_1_648' title='bbox 1386 4219 1536 4294; x_wconf 89' lang='lat' dir='ltr'><strong>quidplus</strong></span> <span class='ocrx_word' id='word_1_649' title='bbox 1552 4220 1667 4287; x_wconf 83' lang='lat' dir='ltr'><strong>faciam,</strong></span> <span class='ocrx_word' id='word_1_650' title='bbox 1683 4218 1707 4275; x_wconf 92' lang='lat' dir='ltr'><strong>si</strong></span> <span class='ocrx_word' id='word_1_651' title='bbox 1724 4223 1828 4291; x_wconf 90' lang='lat' dir='ltr'><strong>sponte</strong></span> 
     </span>
     <span class='ocr_line' id='line_1_46' title="bbox 118 4307 1828 4387; baseline -0.002 -20"><span class='ocrx_word' id='word_1_652' title='bbox 118 4311 189 4370; x_wconf 89' lang='lat' dir='ltr'><strong>licet</strong></span> <span class='ocrx_word' id='word_1_653' title='bbox 199 4313 237 4370; x_wconf 89' lang='lat' dir='ltr'><strong>de</strong></span> <span class='ocrx_word' id='word_1_654' title='bbox 253 4313 332 4370; x_wconf 91' lang='lat' dir='ltr'><strong>bono</strong></span> <span class='ocrx_word' id='word_1_655' title='bbox 348 4313 530 4370; x_wconf 84' lang='lat' dir='ltr'><strong>conscientie</strong></span> <span class='ocrx_word' id='word_1_656' title='bbox 544 4315 682 4372; x_wconf 88' lang='lat' dir='ltr'><strong>thesauro</strong></span> <span class='ocrx_word' id='word_1_657' title='bbox 697 4320 828 4374; x_wconf 88' lang='lat' dir='ltr'><strong>eructare</strong></span> <span class='ocrx_word' id='word_1_658' title='bbox 852 4315 951 4372; x_wconf 90' lang='lat' dir='ltr'><strong>creda·</strong></span> <span class='ocrx_word' id='word_1_659' title='bbox 1006 4329 1163 4387; x_wconf 88' lang='lat' dir='ltr'><strong>peccavero</strong></span> <span class='ocrx_word' id='word_1_660' title='bbox 1178 4313 1192 4368; x_wconf 79' lang='lat' dir='ltr'><strong>i</strong></span> <span class='ocrx_word' id='word_1_661' title='bbox 1205 4313 1238 4368; x_wconf 84' lang='grc' dir='ltr'><strong>Α.</strong></span> <span class='ocrx_word' id='word_1_662' title='bbox 1256 4314 1278 4367; x_wconf 86' lang='grc' dir='ltr'>Α</span> <span class='ocrx_word' id='word_1_663' title='bbox 1293 4327 1339 4368; x_wconf 90' lang='lat' dir='ltr'><strong>ms</strong></span> <span class='ocrx_word' id='word_1_664' title='bbox 1354 4309 1504 4367; x_wconf 81' lang='lat' dir='ltr'><strong>sententie</strong></span> <span class='ocrx_word' id='word_1_665' title='bbox 1518 4312 1547 4365; x_wconf 89' lang='lat' dir='ltr'><strong>et</strong></span> <span class='ocrx_word' id='word_1_666' title='bbox 1561 4307 1762 4382; x_wconf 79' lang='lat' dir='ltr'><strong>dispositionis</strong></span> <span class='ocrx_word' id='word_1_667' title='bbox 1777 4307 1828 4364; x_wconf 89' lang='lat' dir='ltr'><strong>Dei</strong></span> 
     </span>
     <span class='ocr_line' id='line_1_47' title="bbox 119 4395 1829 4477; baseline -0.004 -21"><span class='ocrx_word' id='word_1_668' title='bbox 119 4403 162 4458; x_wconf 86' lang='lat' dir='ltr'><strong>ris</strong></span> <span class='ocrx_word' id='word_1_669' title='bbox 178 4405 201 4470; x_wconf 75' lang='lat'><strong>⁸,</strong></span> <span class='ocrx_word' id='word_1_670' title='bbox 219 4401 308 4476; x_wconf 88' lang='lat' dir='ltr'><strong>ponis</strong></span> <span class='ocrx_word' id='word_1_671' title='bbox 325 4401 354 4458; x_wconf 90' lang='lat' dir='ltr'><strong>iu</strong></span> <span class='ocrx_word' id='word_1_672' title='bbox 383 4401 470 4460; x_wconf 89' lang='lat' dir='ltr'><strong>titulo</strong></span> <span class='ocrx_word' id='word_1_673' title='bbox 487 4419 493 4458; x_wconf 83' lang='lat' dir='ltr'>z</span> <span class='ocrx_word' id='word_1_674' title='bbox 511 4425 525 4454; x_wconf 78' lang='grc' dir='ltr'><strong>ι</strong></span> <span class='ocrx_word' id='word_1_675' title='bbox 542 4403 583 4460; x_wconf 84' lang='grc' dir='ltr'><strong>Νι</strong></span> <span class='ocrx_word' id='word_1_676' title='bbox 610 4401 713 4461; x_wconf 90' lang='lat' dir='ltr'><strong>leviter</strong></span> <span class='ocrx_word' id='word_1_677' title='bbox 740 4403 860 4477; x_wconf 87' lang='lat' dir='ltr'><strong>quidem</strong></span> <span class='ocrx_word' id='word_1_678' title='bbox 888 4421 953 4462; x_wconf 91' lang='lat' dir='ltr'><strong>esse</strong></span> <span class='ocrx_word' id='word_1_679' title='bbox 1028 4405 1075 4460; x_wconf 72' lang='grc'><strong>31</strong></span> <span class='ocrx_word' id='word_1_680' title='bbox 1094 4419 1201 4460; x_wconf 87' lang='lat' dir='ltr'><strong>causas</strong></span> <span class='ocrx_word' id='word_1_681' title='bbox 1218 4400 1345 4472; x_wconf 86' lang='lat' dir='ltr'><strong>requiris</strong></span> <span class='ocrx_word' id='word_1_682' title='bbox 1360 4399 1374 4454; x_wconf 83' lang='lat' dir='ltr'><strong>i</strong></span> <span class='ocrx_word' id='word_1_683' title='bbox 1390 4398 1557 4472; x_wconf 82' lang='lat' dir='ltr'><strong>Respondet</strong></span> <span class='ocrx_word' id='word_1_684' title='bbox 1571 4395 1667 4454; x_wconf 81' lang='lat' dir='ltr'><strong>stulte</strong></span> <span class='ocrx_word' id='word_1_685' title='bbox 1682 4396 1829 4469; x_wconf 88' lang='lat' dir='ltr'><strong>interroga</strong></span> 
     </span>
    </p>
   </div>
   <div class='ocr_carea' id='block_1_6' title="bbox 118 4484 1828 4581">
    <p class='ocr_par' dir='ltr' id='par_1_6' title="bbox 118 4484 1828 4581">
     <span class='ocr_line' id='line_1_48' title="bbox 118 4484 1828 4581; baseline -0.005 -33"><span class='ocrx_word' id='word_1_686' title='bbox 118 4491 310 4564; x_wconf 63' lang='lat' dir='ltr'><strong>pecundum</strong></span> <span class='ocrx_word' id='word_1_687' title='bbox 324 4491 381 4562; x_wconf 84' lang='lat' dir='ltr'><strong>(tit.</strong></span> <span class='ocrx_word' id='word_1_688' title='bbox 397 4492 508 4564; x_wconf 78' lang='lat' dir='ltr'><strong>cunr).</strong></span> <span class='ocrx_word' id='word_1_689' title='bbox 524 4514 537 4544; x_wconf 79' lang='grc' dir='ltr'><strong>ι</strong></span> <span class='ocrx_word' id='word_1_690' title='bbox 553 4493 588 4548; x_wconf 80' lang='lat' dir='ltr'><strong>Et</strong></span> <span class='ocrx_word' id='word_1_691' title='bbox 612 4491 683 4565; x_wconf 91' lang='lat' dir='ltr'><strong>quid</strong></span> <span class='ocrx_word' id='word_1_692' title='bbox 706 4493 745 4549; x_wconf 90' lang='lat' dir='ltr'><strong>sit</strong></span> <span class='ocrx_word' id='word_1_693' title='bbox 767 4493 822 4550; x_wconf 90' lang='lat' dir='ltr'><strong>hoc</strong></span> <span class='ocrx_word' id='word_1_694' title='bbox 845 4494 950 4560; x_wconf 81' lang='lat' dir='ltr'><strong>leviter,</strong></span> <span class='ocrx_word' id='word_1_695' title='bbox 967 4517 991 4581; x_wconf 74' lang='lat' dir='ltr'>D</span> <span class='ocrx_word' id='word_1_696' title='bbox 1008 4492 1080 4549; x_wconf 91' lang='lat' dir='ltr'><strong>tioni</strong></span> <span class='ocrx_word' id='word_1_697' title='bbox 1095 4496 1151 4548; x_wconf 80' lang='lat' dir='ltr'><strong>tue</strong></span> <span class='ocrx_word' id='word_1_698' title='bbox 1167 4490 1241 4547; x_wconf 88' lang='lat' dir='ltr'><strong>liber</strong></span> <span class='ocrx_word' id='word_1_699' title='bbox 1255 4488 1408 4562; x_wconf 79' lang='lat' dir='ltr'><strong>Sapientia</strong></span> <span class='ocrx_word' id='word_1_700' title='bbox 1424 4505 1431 4544; x_wconf 74' lang='grc' dir='ltr'><strong>ι</strong></span> <span class='ocrx_word' id='word_1_701' title='bbox 1448 4511 1462 4538; x_wconf 75' lang='lat' dir='ltr'><strong>a</strong></span> <span class='ocrx_word' id='word_1_702' title='bbox 1479 4487 1589 4544; x_wconf 83' lang='lat' dir='ltr'><strong>Altiora</strong></span> <span class='ocrx_word' id='word_1_703' title='bbox 1603 4489 1631 4542; x_wconf 89' lang='lat' dir='ltr'><strong>te</strong></span> <span class='ocrx_word' id='word_1_704' title='bbox 1644 4502 1680 4543; x_wconf 89' lang='lat' dir='ltr'><strong>ne</strong></span> <span class='ocrx_word' id='word_1_705' title='bbox 1703 4484 1828 4560; x_wconf 77' lang='lat' dir='ltr'><strong>quesie-</strong></span> 
     </span>
    </p>
   </div>
   <div class='ocr_carea' id='block_1_7' title="bbox 112 4661 1830 5606">
    <p class='ocr_par' dir='ltr' id='par_1_7' title="bbox 119 4661 1829 4810">
     <span class='ocr_line' id='line_1_49' title="bbox 154 4661 1829 4746; baseline -0.006 -19"><span class='ocrx_word' id='word_1_706' title='bbox 154 4671 164 4704; x_wconf 95' lang='lat'><strong>¹</strong></span> <span class='ocrx_word' id='word_1_707' title='bbox 182 4669 428 4743; x_wconf 79' lang='lat' dir='ltr'><strong>idendosepanes</strong></span> <span class='ocrx_word' id='word_1_708' title='bbox 443 4670 657 4740; x_wconf 81' lang='lat' dir='ltr'><strong>Martianeum,</strong></span> <span class='ocrx_word' id='word_1_709' title='bbox 674 4670 806 4745; x_wconf 86' lang='lat' dir='ltr'><strong>aliosque</strong></span> <span class='ocrx_word' id='word_1_710' title='bbox 824 4689 875 4728; x_wconf 85' lang='lat' dir='ltr'><strong>cur</strong></span> <span class='ocrx_word' id='word_1_711' title='bbox 889 4675 953 4746; x_wconf 76' lang='lat' dir='ltr'><strong>Lepi</strong></span> <span class='ocrx_word' id='word_1_712' title='bbox 1041 4668 1220 4739; x_wconf 80' lang='lat' dir='ltr'><strong>‘Perpersm</strong></span> <span class='ocrx_word' id='word_1_713' title='bbox 1237 4665 1424 4722; x_wconf 80' lang='lat' dir='ltr'><strong>Martianaeus</strong></span> <span class='ocrx_word' id='word_1_714' title='bbox 1451 4663 1607 4739; x_wconf 76' lang='lat' dir='ltr'><strong>peragendo</strong></span> <span class='ocrx_word' id='word_1_715' title='bbox 1630 4661 1829 4720; x_wconf 86' lang='lat' dir='ltr'><strong>dissentienti·</strong></span> 
     </span>
     <span class='ocr_line' id='line_1_50' title="bbox 119 4735 1618 4810; baseline -0.005 -13"><span class='ocrx_word' id='word_1_716' title='bbox 119 4747 183 4798; x_wconf 82' lang='lat' dir='ltr'><strong>eis.</strong></span> <span class='ocrx_word' id='word_1_717' title='bbox 1006 4739 1062 4795; x_wconf 91' lang='lat' dir='ltr'><strong>bus</strong></span> <span class='ocrx_word' id='word_1_718' title='bbox 1078 4754 1149 4794; x_wconf 90' lang='lat' dir='ltr'><strong>mss.</strong></span> <span class='ocrx_word' id='word_1_719' title='bbox 1166 4743 1254 4809; x_wconf 89' lang='lat' dir='ltr'><strong>atque</strong></span> <span class='ocrx_word' id='word_1_720' title='bbox 1269 4737 1355 4793; x_wconf 90' lang='lat' dir='ltr'><strong>editis</strong></span> <span class='ocrx_word' id='word_1_721' title='bbox 1370 4735 1618 4810; x_wconf 88' lang='lat' dir='ltr'><strong>castigatioribus.</strong></span> 
     </span>
    </p>

    <p class='ocr_par' dir='ltr' id='par_1_8' title="bbox 115 4800 1830 5238">
     <span class='ocr_line' id='line_1_51' title="bbox 160 4800 1828 4930; baseline -0.005 -62"><span class='ocrx_word' id='word_1_722' title='bbox 160 4811 173 4846; x_wconf 82' lang='lat'>²</span> <span class='ocrx_word' id='word_1_723' title='bbox 188 4811 329 4888; x_wconf 79' lang='lat' dir='ltr'><strong>Corrupto</strong></span> <span class='ocrx_word' id='word_1_724' title='bbox 344 4812 486 4870; x_wconf 87' lang='lat' dir='ltr'><strong>hactenus</strong></span> <span class='ocrx_word' id='word_1_725' title='bbox 501 4811 668 4870; x_wconf 88' lang='lat' dir='ltr'><strong>obtinuerat</strong></span> <span class='ocrx_word' id='word_1_726' title='bbox 681 4816 741 4871; x_wconf 81' lang='lat' dir='ltr'><strong>sire</strong></span> <span class='ocrx_word' id='word_1_727' title='bbox 753 4819 861 4888; x_wconf 86' lang='lat' dir='ltr'><strong>peceato</strong></span> <span class='ocrx_word' id='word_1_728' title='bbox 876 4831 953 4885; x_wconf 81' lang='lat' dir='ltr'><strong>posse</strong></span> <span class='ocrx_word' id='word_1_729' title='bbox 1042 4811 1051 4844; x_wconf 82' lang='lat'>⁷</span> <span class='ocrx_word' id='word_1_730' title='bbox 1066 4807 1182 4865; x_wconf 81' lang='lat' dir='ltr'><strong>Scilicet</strong></span> <span class='ocrx_word' id='word_1_731' title='bbox 1192 4810 1311 4890; x_wconf 72' lang='lat' dir='ltr'><strong>termole</strong></span> <span class='ocrx_word' id='word_1_732' title='bbox 1325 4812 1358 4864; x_wconf 94' lang='lat' dir='ltr'><strong>ut</strong></span> <span class='ocrx_word' id='word_1_733' title='bbox 1384 4806 1495 4890; x_wconf 82' lang='lat' dir='ltr'><strong>aliquid</strong></span> <span class='ocrx_word' id='word_1_734' title='bbox 1525 4825 1541 4864; x_wconf 92' lang='lat' dir='ltr'><strong>e</strong></span> <span class='ocrx_word' id='word_1_735' title='bbox 1565 4803 1733 4890; x_wconf 75' lang='lat' dir='ltr'><strong>scholarum</strong></span> <span class='ocrx_word' id='word_1_736' title='bbox 1763 4800 1828 4930; x_wconf 45' lang='lat' dir='ltr'><strong>zul-</strong></span> 
     </span>
     <span class='ocr_line' id='line_1_52' title="bbox 117 4877 1829 4958; baseline -0.001 -18"><span class='ocrx_word' id='word_1_737' title='bbox 117 4899 193 4940; x_wconf 78' lang='lat' dir='ltr'><strong>esre.</strong></span> <span class='ocrx_word' id='word_1_738' title='bbox 209 4889 311 4942; x_wconf 82' lang='lat' dir='ltr'><strong>contra</strong></span> <span class='ocrx_word' id='word_1_739' title='bbox 326 4901 415 4955; x_wconf 83' lang='lat' dir='ltr'><strong>quam</strong></span> <span class='ocrx_word' id='word_1_740' title='bbox 431 4889 481 4941; x_wconf 85' lang='lat' dir='ltr'><strong>aut</strong></span> <span class='ocrx_word' id='word_1_741' title='bbox 494 4886 655 4958; x_wconf 77' lang='lat' dir='ltr'><strong>cyprianus</strong></span> <span class='ocrx_word' id='word_1_742' title='bbox 671 4885 799 4958; x_wconf 83' lang='lat' dir='ltr'><strong>scripsit,</strong></span> <span class='ocrx_word' id='word_1_743' title='bbox 815 4891 866 4942; x_wconf 89' lang='lat' dir='ltr'><strong>ant</strong></span> <span class='ocrx_word' id='word_1_744' title='bbox 885 4887 952 4944; x_wconf 84' lang='lat' dir='ltr'><strong>ilia-</strong></span> <span class='ocrx_word' id='word_1_745' title='bbox 1007 4897 1072 4938; x_wconf 81' lang='lat' dir='ltr'><strong>scre</strong></span> <span class='ocrx_word' id='word_1_746' title='bbox 1087 4879 1269 4936; x_wconf 84' lang='lat' dir='ltr'><strong>adducamus</strong></span> <span class='ocrx_word' id='word_1_747' title='bbox 1294 4897 1323 4935; x_wconf 74' lang='lat' dir='ltr'><strong>tu</strong></span> <span class='ocrx_word' id='word_1_748' title='bbox 1348 4879 1489 4949; x_wconf 76' lang='lat' dir='ltr'><strong>medium,</strong></span> <span class='ocrx_word' id='word_1_749' title='bbox 1506 4895 1564 4934; x_wconf 88' lang='lat' dir='ltr'><strong>non</strong></span> <span class='ocrx_word' id='word_1_750' title='bbox 1587 4877 1729 4932; x_wconf 72' lang='lat' dir='ltr'><strong>memsuis</strong></span> <span class='ocrx_word' id='word_1_751' title='bbox 1740 4893 1752 4958; x_wconf 73' lang='grc' dir='ltr'><strong>Ι;</strong></span> <span class='ocrx_word' id='word_1_752' title='bbox 1789 4891 1829 4958; x_wconf 66' lang='lat' dir='ltr'><strong>eu</strong></span> 
     </span>
     <span class='ocr_line' id='line_1_53' title="bbox 116 4945 1829 5040; baseline -0.006 -28"><span class='ocrx_word' id='word_1_753' title='bbox 116 4971 174 5012; x_wconf 85' lang='lat' dir='ltr'><strong>ron</strong></span> <span class='ocrx_word' id='word_1_754' title='bbox 230 4973 266 5014; x_wconf 88' lang='lat' dir='ltr'><strong>os</strong></span> <span class='ocrx_word' id='word_1_755' title='bbox 281 4956 419 5025; x_wconf 87' lang='lat' dir='ltr'><strong>intendit,</strong></span> <span class='ocrx_word' id='word_1_756' title='bbox 435 4961 487 5013; x_wconf 89' lang='lat' dir='ltr'><strong>aut</strong></span> <span class='ocrx_word' id='word_1_757' title='bbox 501 4957 627 5029; x_wconf 86' lang='lat' dir='ltr'><strong>denique</strong></span> <span class='ocrx_word' id='word_1_758' title='bbox 641 4959 800 5040; x_wconf 78' lang='lat' dir='ltr'><strong>preferant</strong></span> <span class='ocrx_word' id='word_1_759' title='bbox 813 4963 951 5014; x_wconf 78' lang='lat' dir='ltr'><strong>mestum</strong></span> <span class='ocrx_word' id='word_1_760' title='bbox 1007 4953 1085 5009; x_wconf 92' lang='lat' dir='ltr'><strong>enim</strong></span> <span class='ocrx_word' id='word_1_761' title='bbox 1101 4953 1159 5008; x_wconf 91' lang='lat' dir='ltr'><strong>duo</strong></span> <span class='ocrx_word' id='word_1_762' title='bbox 1174 4949 1321 5034; x_wconf 80' lang='lat' dir='ltr'><strong>Pelagiani</strong></span> <span class='ocrx_word' id='word_1_763' title='bbox 1340 4949 1519 5032; x_wconf 77' lang='lat' dir='ltr'><strong>confundere</strong></span> <span class='ocrx_word' id='word_1_764' title='bbox 1542 4947 1690 5030; x_wconf 75' lang='lat' dir='ltr'><strong>amabant.</strong></span> <span class='ocrx_word' id='word_1_765' title='bbox 1717 4945 1829 5030; x_wconf 67' lang='lat' dir='ltr'><strong>Similis</strong></span> 
     </span>
     <span class='ocr_line' id='line_1_54' title="bbox 115 4971 1830 5104; baseline -0.006 -20"><span class='ocrx_word' id='word_1_766' title='bbox 115 4971 234 5102; x_wconf 53' lang='lat' dir='ltr'><strong>quiffls</strong></span> <span class='ocrx_word' id='word_1_767' title='bbox 249 5027 445 5097; x_wconf 74' lang='lat' dir='ltr'><strong>mentimur,</strong></span> <span class='ocrx_word' id='word_1_768' title='bbox 468 5032 530 5083; x_wconf 92' lang='lat' dir='ltr'><strong>tum</strong></span> <span class='ocrx_word' id='word_1_769' title='bbox 555 5027 739 5086; x_wconf 79' lang='lat' dir='ltr'><strong>Corbeiensis</strong></span> <span class='ocrx_word' id='word_1_770' title='bbox 762 5044 840 5084; x_wconf 88' lang='lat' dir='ltr'><strong>unua</strong></span> <span class='ocrx_word' id='word_1_771' title='bbox 864 5044 952 5101; x_wconf 90' lang='lat' dir='ltr'><strong>penes</strong></span> <span class='ocrx_word' id='word_1_772' title='bbox 1007 5028 1052 5080; x_wconf 87' lang='lat' dir='ltr'><strong>est</strong></span> <span class='ocrx_word' id='word_1_773' title='bbox 1065 5021 1235 5096; x_wconf 86' lang='lat' dir='ltr'><strong>pervulgata</strong></span> <span class='ocrx_word' id='word_1_774' title='bbox 1249 5021 1300 5078; x_wconf 85' lang='lat' dir='ltr'><strong>rlla</strong></span> <span class='ocrx_word' id='word_1_775' title='bbox 1315 5025 1461 5104; x_wconf 80' lang='lat' dir='ltr'><strong>sententia</strong></span> <span class='ocrx_word' id='word_1_776' title='bbox 1478 5021 1508 5076; x_wconf 88' lang='lat' dir='ltr'><strong>S.</strong></span> <span class='ocrx_word' id='word_1_777' title='bbox 1531 5022 1688 5090; x_wconf 79' lang='lat' dir='ltr'><strong>Augustum</strong></span> <span class='ocrx_word' id='word_1_778' title='bbox 1705 5035 1711 5073; x_wconf 93' lang='lat'>:</span> <span class='ocrx_word' id='word_1_779' title='bbox 1729 5041 1742 5068; x_wconf 76' lang='grc' dir='ltr'><strong>ι</strong></span> <span class='ocrx_word' id='word_1_780' title='bbox 1758 5019 1830 5100; x_wconf 80' lang='lat' dir='ltr'><strong>Quis</strong></span> 
     </span>
     <span class='ocr_line' id='line_1_55' title="bbox 115 5089 1830 5176; baseline -0.006 -20"><span class='ocrx_word' id='word_1_781' title='bbox 115 5097 333 5156; x_wconf 73' lang='lat' dir='ltr'><strong>benedictinos</strong></span> <span class='ocrx_word' id='word_1_782' title='bbox 348 5099 379 5156; x_wconf 89' lang='lat' dir='ltr'><strong>S.</strong></span> <span class='ocrx_word' id='word_1_783' title='bbox 394 5098 552 5172; x_wconf 71' lang='lat' dir='ltr'><strong>Augustini</strong></span> <span class='ocrx_word' id='word_1_784' title='bbox 566 5099 702 5168; x_wconf 88' lang='lat' dir='ltr'><strong>editores,</strong></span> <span class='ocrx_word' id='word_1_785' title='bbox 719 5099 748 5155; x_wconf 92' lang='lat' dir='ltr'><strong>in</strong></span> <span class='ocrx_word' id='word_1_786' title='bbox 765 5097 871 5173; x_wconf 82' lang='lat' dir='ltr'><strong>quibus</strong></span> <span class='ocrx_word' id='word_1_787' title='bbox 892 5115 952 5156; x_wconf 88' lang='lat' dir='ltr'><strong>om·</strong></span> <span class='ocrx_word' id='word_1_788' title='bbox 1007 5099 1107 5169; x_wconf 86' lang='lat' dir='ltr'><strong>peccat</strong></span> <span class='ocrx_word' id='word_1_789' title='bbox 1122 5095 1151 5150; x_wconf 91' lang='lat' dir='ltr'><strong>in</strong></span> <span class='ocrx_word' id='word_1_790' title='bbox 1166 5111 1199 5150; x_wconf 92' lang='lat' dir='ltr'><strong>eo</strong></span> <span class='ocrx_word' id='word_1_791' title='bbox 1217 5093 1294 5176; x_wconf 85' lang='lat' dir='ltr'><strong>quod</strong></span> <span class='ocrx_word' id='word_1_792' title='bbox 1314 5107 1408 5148; x_wconf 82' lang='lat' dir='ltr'><strong>caveri</strong></span> <span class='ocrx_word' id='word_1_793' title='bbox 1425 5108 1482 5148; x_wconf 90' lang='lat' dir='ltr'><strong>non</strong></span> <span class='ocrx_word' id='word_1_794' title='bbox 1503 5093 1599 5174; x_wconf 80' lang='lat' dir='ltr'><strong>potest</strong></span> <span class='ocrx_word' id='word_1_795' title='bbox 1613 5089 1627 5144; x_wconf 86' lang='lat' dir='ltr'><strong>i</strong></span> <span class='ocrx_word' id='word_1_796' title='bbox 1642 5110 1655 5140; x_wconf 81' lang='grc' dir='ltr'><strong>ι</strong></span> <span class='ocrx_word' id='word_1_797' title='bbox 1673 5105 1761 5172; x_wconf 35' lang='grc' dir='ltr'><strong>ιιιιιι</strong></span> <span class='ocrx_word' id='word_1_798' title='bbox 1788 5091 1830 5146; x_wconf 80' lang='lat' dir='ltr'><strong>its</strong></span> 
     </span>
     <span class='ocr_line' id='line_1_56' title="bbox 118 5159 1829 5238; baseline -0.005 -12"><span class='ocrx_word' id='word_1_799' title='bbox 118 5171 214 5227; x_wconf 86' lang='lat' dir='ltr'><strong>nibus</strong></span> <span class='ocrx_word' id='word_1_800' title='bbox 227 5170 355 5226; x_wconf 82' lang='lat' dir='ltr'><strong>verbum</strong></span> <span class='ocrx_word' id='word_1_801' title='bbox 389 5186 519 5228; x_wconf 82' lang='lat' dir='ltr'><strong>essenon</strong></span> <span class='ocrx_word' id='word_1_802' title='bbox 535 5170 691 5228; x_wconf 87' lang='lat' dir='ltr'><strong>invenitur.</strong></span> <span class='ocrx_word' id='word_1_803' title='bbox 1007 5166 1148 5224; x_wconf 87' lang='lat' dir='ltr'><strong>adversus</strong></span> <span class='ocrx_word' id='word_1_804' title='bbox 1162 5164 1383 5238; x_wconf 77' lang='lat' dir='ltr'><strong>Pelagianorum</strong></span> <span class='ocrx_word' id='word_1_805' title='bbox 1400 5162 1564 5220; x_wconf 84' lang='lat' dir='ltr'><strong>calumnias</strong></span> <span class='ocrx_word' id='word_1_806' title='bbox 1580 5159 1756 5231; x_wconf 88' lang='lat' dir='ltr'><strong>deiend1t‚nt</strong></span> <span class='ocrx_word' id='word_1_807' title='bbox 1771 5177 1829 5218; x_wconf 90' lang='lat' dir='ltr'><strong>uon</strong></span> 
     </span>
    </p>

    <p class='ocr_par' dir='ltr' id='par_1_9' title="bbox 155 5187 1829 5320">
     <span class='ocr_line' id='line_1_57' title="bbox 155 5187 1829 5320; baseline -0.005 -22"><span class='ocrx_word' id='word_1_808' title='bbox 155 5243 168 5278; x_wconf 80' lang='lat'><strong>³</strong></span> <span class='ocrx_word' id='word_1_809' title='bbox 183 5241 218 5298; x_wconf 89' lang='lat' dir='ltr'><strong>ln</strong></span> <span class='ocrx_word' id='word_1_810' title='bbox 235 5241 355 5299; x_wconf 91' lang='lat' dir='ltr'><strong>duobus</strong></span> <span class='ocrx_word' id='word_1_811' title='bbox 369 5187 529 5308; x_wconf 52' lang='lat' dir='ltr'><strong>intrassis,</strong></span> <span class='ocrx_word' id='word_1_812' title='bbox 545 5244 577 5300; x_wconf 84' lang='lat' dir='ltr'><strong>la</strong></span> <span class='ocrx_word' id='word_1_813' title='bbox 589 5245 708 5316; x_wconf 84' lang='lat' dir='ltr'><strong>peccetis</strong></span> <span class='ocrx_word' id='word_1_814' title='bbox 720 5243 828 5316; x_wconf 85' lang='lat' dir='ltr'><strong>peperit</strong></span> <span class='ocrx_word' id='word_1_815' title='bbox 838 5247 893 5298; x_wconf 89' lang='lat' dir='ltr'><strong>etc.</strong></span> <span class='ocrx_word' id='word_1_816' title='bbox 1009 5242 1262 5320; x_wconf 31' lang='lat' dir='ltr'><strong>propteraa‘neget</strong></span> <span class='ocrx_word' id='word_1_817' title='bbox 1284 5233 1329 5291; x_wconf 78' lang='lat' dir='ltr'><strong>sel</strong></span> <span class='ocrx_word' id='word_1_818' title='bbox 1344 5233 1486 5308; x_wconf 90' lang='lat' dir='ltr'><strong>originale</strong></span> <span class='ocrx_word' id='word_1_819' title='bbox 1500 5237 1663 5316; x_wconf 76' lang='lat' dir='ltr'><strong>peccatum,</strong></span> <span class='ocrx_word' id='word_1_820' title='bbox 1679 5235 1755 5306; x_wconf 88' lang='lat' dir='ltr'><strong>quod</strong></span> <span class='ocrx_word' id='word_1_821' title='bbox 1773 5232 1829 5318; x_wconf 68' lang='lat' dir='ltr'><strong>uti3</strong></span> 
     </span>
    </p>

    <p class='ocr_par' dir='ltr' id='par_1_10' title="bbox 149 5305 1829 5398">
     <span class='ocr_line' id='line_1_58' title="bbox 149 5305 1829 5398; baseline -0.005 -28"><span class='ocrx_word' id='word_1_822' title='bbox 149 5315 163 5350; x_wconf 77' lang='lat'>⁸</span> <span class='ocrx_word' id='word_1_823' title='bbox 180 5313 279 5370; x_wconf 80' lang='lat' dir='ltr'><strong>vetus</strong></span> <span class='ocrx_word' id='word_1_824' title='bbox 293 5312 363 5370; x_wconf 88' lang='lat' dir='ltr'><strong>edit.</strong></span> <span class='ocrx_word' id='word_1_825' title='bbox 380 5317 408 5370; x_wconf 91' lang='lat' dir='ltr'><strong>et</strong></span> <span class='ocrx_word' id='word_1_826' title='bbox 420 5313 521 5398; x_wconf 83' lang='lat' dir='ltr'><strong>Regin.</strong></span> <span class='ocrx_word' id='word_1_827' title='bbox 537 5330 610 5380; x_wconf 81' lang='lat' dir='ltr'><strong>ms,</strong></span> <span class='ocrx_word' id='word_1_828' title='bbox 624 5311 757 5371; x_wconf 64' lang='lat' dir='ltr'><strong>enarrare</strong></span> <span class='ocrx_word' id='word_1_829' title='bbox 768 5316 887 5370; x_wconf 68' lang='lat' dir='ltr'><strong>cocere.</strong></span> <span class='ocrx_word' id='word_1_830' title='bbox 1007 5327 1066 5382; x_wconf 89' lang='lat' dir='ltr'><strong>que</strong></span> <span class='ocrx_word' id='word_1_831' title='bbox 1079 5325 1172 5366; x_wconf 78' lang='lat' dir='ltr'><strong>caveri</strong></span> <span class='ocrx_word' id='word_1_832' title='bbox 1193 5325 1250 5364; x_wconf 90' lang='lat' dir='ltr'><strong>non</strong></span> <span class='ocrx_word' id='word_1_833' title='bbox 1277 5310 1382 5379; x_wconf 89' lang='lat' dir='ltr'><strong>potest,</strong></span> <span class='ocrx_word' id='word_1_834' title='bbox 1408 5305 1451 5361; x_wconf 89' lang='lat' dir='ltr'><strong>vel</strong></span> <span class='ocrx_word' id='word_1_835' title='bbox 1482 5309 1687 5362; x_wconf 80' lang='lat' dir='ltr'><strong>necessitatem</strong></span> <span class='ocrx_word' id='word_1_836' title='bbox 1715 5309 1829 5390; x_wconf 84' lang='lat' dir='ltr'><strong>peceati</strong></span> 
     </span>
    </p>

    <p class='ocr_par' dir='ltr' id='par_1_11' title="bbox 112 5375 1830 5606">
     <span class='ocr_line' id='line_1_59' title="bbox 149 5375 1828 5458; baseline -0.003 -16"><span class='ocrx_word' id='word_1_837' title='bbox 149 5385 162 5420; x_wconf 84' lang='lat'>⁸</span> <span class='ocrx_word' id='word_1_838' title='bbox 178 5383 232 5442; x_wconf 85' lang='lat' dir='ltr'><strong>Sic</strong></span> <span class='ocrx_word' id='word_1_839' title='bbox 249 5400 308 5442; x_wconf 89' lang='lat' dir='ltr'><strong>ms.</strong></span> <span class='ocrx_word' id='word_1_840' title='bbox 325 5389 415 5457; x_wconf 90' lang='lat' dir='ltr'><strong>atque</strong></span> <span class='ocrx_word' id='word_1_841' title='bbox 428 5383 497 5442; x_wconf 78' lang='lat' dir='ltr'><strong>editi</strong></span> <span class='ocrx_word' id='word_1_842' title='bbox 512 5387 634 5458; x_wconf 87' lang='lat' dir='ltr'><strong>passim.</strong></span> <span class='ocrx_word' id='word_1_843' title='bbox 651 5384 703 5442; x_wconf 87' lang='lat' dir='ltr'><strong>PP.</strong></span> <span class='ocrx_word' id='word_1_844' title='bbox 719 5383 901 5443; x_wconf 78' lang='lat' dir='ltr'><strong>benedictini</strong></span> <span class='ocrx_word' id='word_1_845' title='bbox 920 5385 951 5442; x_wconf 91' lang='lat' dir='ltr'><strong>S.</strong></span> <span class='ocrx_word' id='word_1_846' title='bbox 1008 5380 1181 5438; x_wconf 89' lang='lat' dir='ltr'><strong>materialis.</strong></span> <span class='ocrx_word' id='word_1_847' title='bbox 1198 5379 1295 5437; x_wconf 85' lang='lat' dir='ltr'><strong>Video</strong></span> <span class='ocrx_word' id='word_1_848' title='bbox 1318 5395 1354 5435; x_wconf 90' lang='lat' dir='ltr'><strong>us</strong></span> <span class='ocrx_word' id='word_1_849' title='bbox 1369 5383 1528 5451; x_wconf 88' lang='lat' dir='ltr'><strong>utrumqne</strong></span> <span class='ocrx_word' id='word_1_850' title='bbox 1543 5383 1644 5435; x_wconf 88' lang='lat' dir='ltr'><strong>contra</strong></span> <span class='ocrx_word' id='word_1_851' title='bbox 1663 5375 1828 5436; x_wconf 79' lang='lat' dir='ltr'><strong>lulianum.</strong></span> 
     </span>
     <span class='ocr_line' id='line_1_60' title="bbox 112 5395 1830 5530; baseline -0.003 -18"><span class='ocrx_word' id='word_1_852' title='bbox 112 5455 286 5530; x_wconf 69' lang='lat' dir='ltr'><strong>eugomini</strong></span> <span class='ocrx_word' id='word_1_853' title='bbox 302 5455 439 5526; x_wconf 90' lang='lat' dir='ltr'><strong>editores,</strong></span> <span class='ocrx_word' id='word_1_854' title='bbox 455 5457 558 5514; x_wconf 83' lang='lat' dir='ltr'><strong>lislam</strong></span> <span class='ocrx_word' id='word_1_855' title='bbox 577 5473 626 5514; x_wconf 83' lang='lat' dir='ltr'><strong>aec</strong></span> <span class='ocrx_word' id='word_1_856' title='bbox 647 5472 677 5514; x_wconf 88' lang='lat' dir='ltr'><strong>co</strong></span> <span class='ocrx_word' id='word_1_857' title='bbox 697 5459 788 5518; x_wconf 64' lang='lat' dir='ltr'><strong>stum:</strong></span> <span class='ocrx_word' id='word_1_858' title='bbox 813 5473 871 5516; x_wconf 89' lang='lat' dir='ltr'><strong>noo</strong></span> <span class='ocrx_word' id='word_1_859' title='bbox 892 5456 952 5516; x_wconf 89' lang='lat' dir='ltr'><strong>dia·</strong></span> <span class='ocrx_word' id='word_1_860' title='bbox 1042 5453 1150 5511; x_wconf 77' lang='lat' dir='ltr'><strong>&#39;Unus</strong></span> <span class='ocrx_word' id='word_1_861' title='bbox 1164 5449 1270 5520; x_wconf 74' lang='lat' dir='ltr'><strong>Vatia..</strong></span> <span class='ocrx_word' id='word_1_862' title='bbox 1287 5395 1340 5522; x_wconf 50' lang='lat' dir='ltr'><strong>dm·</strong></span> <span class='ocrx_word' id='word_1_863' title='bbox 1362 5465 1417 5510; x_wconf 83' lang='grc' dir='ltr'><strong>ιιι</strong></span> <span class='ocrx_word' id='word_1_864' title='bbox 1440 5449 1497 5508; x_wconf 87' lang='lat' dir='ltr'><strong>vuli</strong></span> <span class='ocrx_word' id='word_1_865' title='bbox 1518 5449 1632 5526; x_wconf 78' lang='lat' dir='ltr'><strong>perdere</strong></span> <span class='ocrx_word' id='word_1_866' title='bbox 1653 5464 1830 5530; x_wconf 70' lang='lat' dir='ltr'><strong>quemquem,</strong></span> 
     </span>
     <span class='ocr_line' id='line_1_61' title="bbox 112 5525 1062 5606; baseline 0.005 -20"><span class='ocrx_word' id='word_1_867' title='bbox 112 5527 243 5602; x_wconf 86' lang='lat' dir='ltr'><strong>plieeret</strong></span> <span class='ocrx_word' id='word_1_868' title='bbox 258 5525 285 5586; x_wconf 88' lang='lat' dir='ltr'><strong>si</strong></span> <span class='ocrx_word' id='word_1_869' title='bbox 298 5527 482 5586; x_wconf 83' lang='lat' dir='ltr'><strong>addidissent</strong></span> <span class='ocrx_word' id='word_1_870' title='bbox 495 5527 591 5588; x_wconf 82' lang='lat' dir='ltr'><strong>detera</strong></span> <span class='ocrx_word' id='word_1_871' title='bbox 606 5570 615 5598; x_wconf 85' lang='lat'>,</span> <span class='ocrx_word' id='word_1_872' title='bbox 630 5527 665 5586; x_wconf 88' lang='lat' dir='ltr'><strong>vi</strong></span> <span class='ocrx_word' id='word_1_873' title='bbox 691 5570 697 5587; x_wconf 92' lang='lat'><strong>.</strong></span> <span class='ocrx_word' id='word_1_874' title='bbox 719 5527 748 5589; x_wconf 84' lang='lat' dir='ltr'><strong>S.</strong></span> <span class='ocrx_word' id='word_1_875' title='bbox 771 5532 896 5606; x_wconf 77' lang='lat' dir='ltr'><strong>August.</strong></span> <span class='ocrx_word' id='word_1_876' title='bbox 920 5527 954 5590; x_wconf 84' lang='lat' dir='ltr'><strong>de</strong></span> <span class='ocrx_word' id='word_1_877' title='bbox 1006 5531 1062 5582; x_wconf 73' lang='lat'><strong>0¹⁰·</strong></span> 
     </span>
    </p>
   </div>
   <div class='ocr_carea' id='block_1_8' title="bbox 112 5599 632 5678">
    <p class='ocr_par' dir='ltr' id='par_1_12' title="bbox 112 5599 632 5678">
     <span class='ocr_line' id='line_1_62' title="bbox 112 5599 632 5678; baseline 0 -16"><span class='ocrx_word' id='word_1_878' title='bbox 112 5601 209 5669; x_wconf 69' lang='lat' dir='ltr'><strong>darm</strong></span> <span class='ocrx_word' id='word_1_879' title='bbox 223 5599 347 5678; x_wconf 68' lang='lat' dir='ltr'><strong>Primii,</strong></span> <span class='ocrx_word' id='word_1_880' title='bbox 363 5615 428 5678; x_wconf 85' lang='lat' dir='ltr'><strong>cap.</strong></span> <span class='ocrx_word' id='word_1_881' title='bbox 443 5601 471 5676; x_wconf 80' lang='lat' dir='ltr'><strong>t.</strong></span> <span class='ocrx_word' id='word_1_882' title='bbox 488 5615 571 5678; x_wconf 84' lang='lat' dir='ltr'><strong>uum,</strong></span> <span class='ocrx_word' id='word_1_883' title='bbox 588 5601 632 5662; x_wconf 81' lang='lat' dir='ltr'><strong>ta.</strong></span> 
     </span>
    </p>
   </div>
   <div class='ocr_carea' id='block_1_9' title="bbox 0 0 2038 6162">
    <p class='ocr_par' dir='ltr' id='par_1_13' title="bbox 0 0 2038 6162">
     <span class='ocr_line' id='line_1_63' title="bbox 0 0 2038 6162; baseline 0 4"><span class='ocrx_word' id='word_1_884' title='bbox 0 0 2038 6162; x_wconf 95' lang='lat' dir='ltr'><strong> </strong></span> 
     </span>
    </p>
   </div>
  </div>
 </body>
</html>
