4096 6164
189 299 251 376 aar
781 304 938 378 coarat
956 299 1138 382 sunnon
1159 311 1235 382 ur.
1250 311 1298 382 ιι.
1836 302 1900 395 ati

188 439 310 505 uomina
331 435 487 516 cujusdam
512 439 599 503 amici
624 443 741 507 Damasi
769 443 906 504 Romana
929 446 1011 507 urbis
1025 448 1053 518 Α
1068 449 1123 508 Ser
1137 449 1231 508 millia
1246 455 1344 510 autern
1376 447 1518 512 librorum
1536 449 1632 530 legere
1641 449 1661 527 ¹,
1695 455 1830 533 aculam
1844 463 1891 520 ast

187 531 321 610 episcopi
336 549 390 606 ego
402 537 495 606 petar,
512 534 559 591 cui
575 532 624 593 ille
642 534 854 594 ecclesiasticas
875 536 1014 610 epistolas
1068 557 1182 598 errores
1197 559 1229 598 ec
1245 541 1411 600 malavalle
1431 559 1615 618 cognoscere,
1632 545 1682 604 sed
1705 551 1797 608 totam
1818 549 1895 624 pene*

188 623 345 684 dictandas
373 622 505 689 tradidit,
538 628 567 681 et
597 623 844 698 Apollinaricrum
877 626 1012 683 versutia
1069 629 1157 687 vitam
1173 630 1338 703 disciplinis
1354 633 1418 704 ejus
1434 631 1718 693 aestudiisdedere.
1744 637 1895 705 Quomodo

185 715 404 780 describantur,
419 713 499 785 quod
513 711 665 771 Athanasii
674 713 784 771 librum
795 714 845 771 ubi
856 715 1014 772 Dominicis
1068 734 1135 796 ergo
1150 721 1206 776 iste
1239 719 1345 776 merito
1379 719 1544 780 audiendus
1577 726 1632 792 est,
1665 733 1732 781 cum
1766 726 1894 784 coacul-

188 801 411 874 ltomcscriptus
436 805 493 871 est,
519 801 556 858 ad
581 802 658 859 tiu
682 802 840 876 legendum
860 807 1013 878 acceptum
1067 812 1128 880 pat,
1145 807 1195 881 qui
1228 808 1435 866 instructionis
1457 825 1518 868 suaa
1550 827 1639 869 causa
1671 816 1895 888 perpaucaejus

188 892 234 952 ita
256 890 444 964 corruperint,
468 895 500 946 ut
528 891 558 947 in
586 891 675 948 litura
703 893 733 949 id
765 893 843 965 quod
873 893 1011 964 rasdliut,
1067 895 1160 970 (salva
1174 897 1241 954 ildei
1277 897 1378 970 regula
1410 901 1498 972 atque
1531 899 1647 975 integra
1679 901 1797 978 pietate)
1816 899 1893 978 lege-

193 997 295 1040 rursns
308 978 479 1047 scriberent,
492 981 523 1035 ut
538 979 650 1038 scilicet
664 996 722 1038 non
737 981 773 1038 ab
789 980 848 1038 illis
860 981 1010 1054 falsatum,
1067 989 1137 1042 runt
1153 985 1168 1041 ‘i

189 1070 276 1128 seda
299 1085 347 1124 me
379 1067 512 1124 additum
540 1072 705 1141 putaretur.
735 1072 838 1137 Quaeo
863 1074 901 1139 te,
918 1070 1012 1128 amice
1100 1074 1489 1150 saepememorati
1514 1077 1624 1151 iiapuoc
1646 1083 1816 1138 naucrat—
1836 1083 1890 1151 Oui

185 1156 371 1226 charissime,
387 1159 420 1214 ut
435 1157 465 1213 in
480 1157 687 1216 ecclesiasticis
701 1157 887 1228 tractatibus,
909 1159 957 1216 uhi
974 1160 1010 1217 de
1066 1167 1136 1220 sunt
1150 1163 1211 1236 isti,
1228 1164 1278 1237 qui
1294 1165 1324 1220 in
1340 1163 1469 1222 Ecclesia
1487 1165 1638 1239 disputare
1664 1168 1754 1227 latius
1773 1171 1893 1229 solenti

183 1247 307 1304 veritate
322 1245 494 1320 dogmatum
509 1245 659 1318 quaritur,
676 1251 707 1302 et
720 1247 755 1303 de
778 1246 873 1304 salute
896 1247 1010 1305 anima·
1065 1251 1116 1324 qui
1131 1252 1221 1309 libros
1237 1253 1387 1310 scrihere?
1402 1253 1452 1328 qui
1467 1258 1561 1311 totum
1577 1257 1612 1312 tle
1624 1255 1748 1330 Origene
1762 1257 1890 1334 loquun-

182 1353 252 1393 rum
281 1337 451 1392 nostrarum
481 1335 627 1406 majorum
663 1333 813 1409 flagitatur
839 1337 1010 1406 auctoritas,
1065 1343 1112 1397 tur
1125 1343 1155 1397 et
1169 1341 1327 1398 scribunt?
1346 1340 1889 1420 quidumsuanoluntiortacoguosci,

180 1423 392 1497 hujuscemodi
407 1421 599 1481 deliramenta
613 1423 747 1482 dimittas
770 1429 798 1482 et
819 1425 1008 1499 prandiorum
1065 1433 1093 1487 et
1105 1429 1213 1503 ingrati
1228 1433 1299 1488 sunt
1312 1429 1343 1487 in
1358 1421 1545 1504 magistrum,
1561 1431 1670 1490 idcirco
1684 1432 1835 1507 simplices
1847 1433 1891 1494 ab

182 1528 396 1586 ambarumque
410 1512 525 1570 tabulas
548 1529 600 1586 pro
625 1517 798 1588 argumento
827 1531 885 1572 uon
909 1518 1009 1572 teneas
1064 1517 1144 1575 illiue
1158 1516 1281 1576 lectione
1297 1519 1466 1576 deterrenti
1479 1519 1658 1578 Nominatim
1674 1520 1764 1579 debes
1782 1520 1889 1593 dicere,

178 1603 325 1663 veritatis.
342 1601 417 1660 Fieri
430 1602 508 1658 euim
520 1605 625 1674 petest,
638 1605 671 1658 ut
683 1602 773 1660 etiam
785 1603 810 1660 si
822 1619 839 1660 a
851 1619 897 1661 me
908 1619 1009 1660 verum
1064 1611 1092 1664 et
1115 1607 1196 1681 ipsos
1217 1607 1353 1665 homines
1379 1601 1528 1666 denotare.
1553 1609 1628 1684 llrgo
1655 1601 1734 1667 beati
1757 1607 1889 1687 episcopi

179 1691 305 1759 audisti,
321 1689 398 1747 alius
414 1690 465 1762 qui
480 1689 570 1762 hujus
584 1691 626 1746 rei
640 1691 763 1764 ignarus
778 1693 833 1759 est,
849 1691 928 1748 dicat
951 1695 1009 1749 ate
1062 1697 1235 1754 Anastasius
1245 1696 1266 1765 ³,
1288 1699 1316 1753 et
1337 1695 1528 1770 Theophilus,
1551 1701 1580 1755 et
1605 1699 1748 1757 Venerius
1768 1696 1889 1774 (Medio-

180 1778 478 1853 cssecompositum:
495 1782 524 1836 et
547 1779 633 1852 quasi
657 1779 771 1836 minum
798 1779 1007 1850 Philistionis‘,
1063 1783 1145 1856 lani),
1162 1789 1190 1842 et
1222 1783 1409 1843 Chromatius
1442 1785 1616 1862 (Aquileia),
1650 1791 1679 1846 et
1711 1789 1809 1848 omnis
1826 1797 1888 1849 tam

179 1869 226 1929 vel
241 1867 369 1938 Lentuli,
385 1883 419 1924 ac
434 1865 540 1924 Murali
554 1866 705 1942 stropham
726 1867 853 1942 eleganti
874 1885 1009 1928 sermone
1065 1871 1194 1931 Orientis
1209 1891 1298 1947 quam
1314 1873 1483 1933 Occidentis
1496 1875 1713 1935 Catholicornm
1727 1873 1887 1954 synodum,

180 1959 351 2018 condatem.
1064 1963 1115 2035 qui
1131 1961 1195 2035 pari
1207 1961 1364 2032 sententia,
1379 1963 1448 2035 quia
1462 1963 1526 2036 peri
1543 1966 1572 2020 et
1586 1963 1704 2038 spiritu,
1729 1965 1813 2024 illum
1828 1964 1888 2024 ha-

219 2048 267 2104 ti.
282 2051 319 2103 Oe
333 2046 360 2102 S.
376 2043 531 2117 Epiphanio
552 2046 673 2118 quercia.
699 2077 733 2086 -
753 2047 814 2112 Ouo
829 2061 887 2103 non
907 2063 1009 2120 parve·
1064 2052 1187 2108 retirum
1204 2049 1379 2108 denuntiant
1396 2050 1524 2124 populis,
1546 2052 1625 2110 iures
1644 2052 1788 2112 librorum
1806 2044 1888 2115 illius

187 2137 252 2194 nist
265 2133 351 2191 semel
363 2134 505 2191 effrenata
526 2133 701 2192 temeritas?
722 2135 791 2192 Post
809 2137 1009 2193 excommuni·
1060 2139 1214 2213 judicandi
1230 2142 1318 2196 sunt:
1335 2143 1362 2196 et
1377 2139 1496 2212 quando
1511 2140 1541 2197 in
1556 2141 1692 2200 hcclesiis
1715 2141 1886 2217 praedicant.

186 2224 330 2282 aetianam
360 2221 476 2294 Hilarii,
518 2225 585 2295 post
624 2221 758 2296 Cypriani
790 2219 1007 2302 ψευδεπίγραφον
1064 2244 1123 2285 ιιοιι
1147 2227 1365 2300 scripturarum
1389 2227 1539 2301 mysteria,
1564 2231 1615 2286 sed
1641 2229 1777 2306 Origenis
1808 2230 1887 2291 curu

184 2314 329 2371 haereseos
342 2312 464 2378 librum,
480 2313 547 2384 post
569 2310 733 2381 Athanasii,
758 2329 805 2369 me
819 2314 1006 2384 dormitante,
1062 2316 1317 2373 commemorauit
1331 2315 1396 2372 Non
1411 2316 1465 2372 tihi
1477 2312 1586 2373 suflicit
1594 2319 1705 2391 passim
1715 2318 1817 2376 contra
1824 2333 1886 2378 om·

178 2403 314 2472 lituram,
329 2400 418 2457 simul
434 2405 463 2456 et
476 2399 710 2473 inscriptionem,
736 2401 835 2475 erupit
849 2401 1007 2474 aliquando
1062 2421 1114 2462 nes
1128 2403 1308 2473 detrectatio,
1326 2403 1383 2461 uisi
1410 2403 1576 2477 specialiter
1600 2411 1701 2463 contra
1722 2407 1841 2465 beatum
1856 2403 1886 2466 et

179 2497 283 2551 eontra
301 2507 409 2564 papam
442 2488 639 2562 Epiphanium
670 2493 699 2546 et
731 2489 861 2546 dolorem
880 2492 1007 2564 pectoris
1060 2493 1207 2566 insignem
1229 2491 1362 2548 Ecclesia
1385 2493 1565 2550 sacerdotem
1590 2493 1658 2569 styli
1682 2493 1727 2551 tui
1751 2494 1883 2554 lanceam

178 2583 240 2651 sui,
273 2579 435 2653 quodcum
451 2577 480 2634 in
511 2577 637 2651 epistola
669 2593 759 2652 quam
792 2580 828 2636 ad
861 2578 1005 2637 ioannem
1060 2579 1277 2655 dirigaeiouis
1292 2583 1338 2637 est
1351 2579 1411 2647 ille,
1426 2579 1478 2653 qui
1492 2579 1572 2638 velut
1586 2581 1789 2640 necessitatem
1800 2593 1887 2641 avana

178 2671 354 2746 episcopum
405 2667 573 2739 scripserat,
610 2667 781 2725 hereticum
823 2669 929 2742 arguit,
975 2667 1005 2726 in
1060 2669 1203 2744 gelizandi
1217 2683 1270 2741 per
1284 2671 1501 2742 omncsgentee
1524 2671 1554 2726 et
1573 2686 1624 2741 per
1646 2684 1748 2729 omnes
1766 2668 1886 2748 linguae

178 2759 316 2831 Apothfia
329 2773 384 2830 pro
399 2755 522 2828 Origene
554 2756 671 2830 digerit,
705 2759 734 2812 et
767 2755 812 2814 his
845 2771 1005 2814 sesermo·
1060 2758 1214 2815 haherese
1239 2759 1333 2829 putat,
1349 2757 1385 2813 de
1404 2756 1527 2830 Origene
1555 2757 1631 2815 male
1656 2758 1885 2834 loquendiiqui

180 2848 268 2906 nibus
303 2842 483 2902 consclatur:
518 2845 626 2911 «Quin
659 2845 758 2918 patius
791 2844 947 2918 aperienda
961 2849 1006 2904 est
1059 2862 1109 2905 sex
1124 2845 1217 2902 millia
1231 2844 1374 2901 librorum
1388 2843 1453 2917 ejus
1466 2861 1499 2902 se
1513 2845 1629 2920 legisse,
1645 2843 1736 2921 qnam
1755 2847 1886 2921 plurima

180 2936 281 2995 hocin
297 2933 362 2992 loco
378 2932 601 2990 veritaslatens.
618 2933 682 2990 Non
698 2933 776 2990 euim
793 2933 932 3007 possibile
949 2939 1003 3003 eet,
1058 2935 1183 2994 fratrum
1217 2929 1406 2990 multitudine
1420 2935 1567 3002 audiente,
1583 2935 1735 2994 confessus
1765 2935 1884 2994 estilu

180 3031 241 3084 mm
257 3021 361 3097 iniquo
381 3020 494 3094 judicio
519 3021 560 3079 uti
586 3037 767 3096 quemquam
790 3021 956 3090 hominum,
972 3026 1006 3079 nt
1059 3041 1118 3098 qua
1132 3022 1320 3080 multitudine
1335 3025 1364 3079 ct
1377 3026 1492 3080 caterva
1506 3023 1630 3082 fratrum
1644 3027 1677 3081 tu
1688 3013 1806 3099 quoquc
1820 3035 1885 3083 me*

179 3115 215 3175 dc
230 3129 322 3172 causa
336 3110 441 3185 aquali
458 3127 516 3168 non
536 3110 686 3184 equaliter
709 3111 827 3168 sentiet.
854 3111 910 3168 Sed
926 3111 1003 3186 quod
1058 3113 1126 3170 dius
1141 3129 1216 3179 arae,
1246 3109 1363 3185 quando
1393 3109 1442 3168 ille
1456 3112 1486 3168 iu
1502 3129 1555 3168 sua
1587 3111 1716 3186 Epistola
1736 3112 1882 3187 qiuaritnr,

179 3207 315 3262 auctores
340 3200 558 3257 obrectstcrum
583 3201 647 3272 ejus
667 3199 793 3267 hieuut,
826 3200 876 3273 qui
904 3200 949 3257 vel
975 3200 1004 3256 in
1020 3184 1041 3250 C
1060 3199 1262 3274 pr00rigenis
1293 3197 1395 3256 heresi
1429 3197 1572 3257 nsteriaa
1602 3205 1631 3258 te
1662 3199 1801 3275 dogmata
1815 3205 1885 3260 cese

178 3287 308 3350 molesia
322 3287 474 3361 disputare
493 3287 582 3344 latius
605 3288 711 3360 solent,
743 3288 788 3344 vel
812 3289 890 3345 etian
912 3287 1003 3345 libros
1057 3285 1194 3363 prolatet
1226 3285 1348 3343 Crimini
1363 3287 1389 3344 ei
1405 3287 1547 3344 damdunr
1562 3291 1608 3346 eet
1630 3289 1877 3361 quaestoresue,

178 3380 317 3449 scribere,
335 3376 387 3450 qui
401 3377 496 3433 toturn
512 3377 548 3433 de
562 3376 686 3450 Origene
699 3375 745 3434 vel
768 3377 941 3450 loquuntur,
959 3382 1004 3438 val
1057 3379 1170 3452 Syram,
1186 3379 1216 3434 et
1234 3375 1385 3432 Hebraam
1411 3379 1440 3431 et
1465 3375 1664 3450 AEgyptiacam
1687 3377 1831 3452 linguam,
1847 3383 1883 3437 e'x

177 3467 326 3527 scribunt.
341 3465 384 3522 Ne
398 3481 467 3538 ergo
479 3463 580 3538 plures
589 3464 719 3538 ipsorum
731 3465 1001 3539 iuriaoogncscaut,
1057 3471 1139 3543 parte
1154 3469 1183 3523 at
1198 3463 1331 3522 Latinam
1343 3463 1479 3521 noverit?
1493 3465 1568 3538 Ergo
1583 3465 1612 3522 at
1625 3465 1750 3538 apostoli
1765 3469 1795 3524 et
1812 3481 1882 3544 apo

181 3573 249 3634 quae
263 3556 363 3628 utique
386 3553 411 3612 si
435 3553 543 3628 ingrati
564 3553 594 3610 iu
619 3553 795 3627 magistrum
819 3571 878 3610 non
894 3559 1002 3626 esseut,
1058 3555 1152 3614 stolici
1178 3555 1242 3623 viri,
1264 3552 1313 3626 qui
1331 3551 1441 3627 linguis
1461 3552 1667 3626 loquebantur,
1700 3553 1733 3611 in
1759 3555 1883 3613 crimine

184 3642 371 3718 nequaquam
410 3641 570 3699 criminosa
599 3642 777 3713 viderentur,
811 3641 1004 3716 simpliciores
1058 3648 1146 3713 sunt;
1163 3647 1191 3699 et
1206 3657 1253 3698 me
1268 3638 1450 3713 trilinguem,
1484 3638 1625 3714 bilinguis
1647 3634 1884 3720 ips'eridcbis'ti'

182 3747 319 3808 quosque
332 3731 367 3788 ab
381 3732 446 3804 eius
460 3730 585 3787 lectione
605 3732 763 3788 deterrent.
787 3729 918 3804 Denique
936 3731 1003 3804 qui·
1058 3733 1097 3789 De
1107 3748 1158 3788 sex
1173 3728 1307 3786 millibus
1322 3732 1420 3784 autern
1434 3727 1590 3799 librorum,
1606 3744 1680 3802 quoe
1696 3729 1772 3786 m
1798 3730 1835 3786 c'b
1849 3736 1885 3787 eo'

179 3821 249 3882 dam
262 3838 298 3879 ex
312 3819 395 3895 ipsis,
411 3821 462 3893 qui
479 3836 510 3876 se
524 3819 604 3877 velut
618 3819 835 3894 evangelizandi
851 3820 1005 3878 necessita·
1057 3820 1148 3878 lectos
1164 3834 1228 3876 esse
1243 3816 1398 3890 confingis,
1414 3815 1482 3890 quis
1496 3818 1595 3874 credet
1609 3819 1661 3874 aut
1674 3821 1703 3875 te
1718 3825 1818 3876 verum
1836 3815 1884 3874 di·

176 3917 237 3970 tam
244 3927 300 3984 per
314 3913 525 3983 omncsgentee
539 3912 569 3965 et
581 3923 633 3981 per
648 3925 750 3966 omnes
763 3908 881 3984 liuguae
897 3907 1005 3965 habere
1058 3917 1133 3979 cere,
1149 3912 1200 3963 aut
1213 3903 1299 3962 illum
1311 3905 1443 3978 potuisse
1458 3905 1600 3963 mentiri?
1615 3905 1645 3964 Si
1656 3906 1736 3964 enirn
1743 3905 1886 3981 Origenes

177 3995 531 4076 putat,de0rigeuemals
542 3997 691 4070 loquendi,
700 4014 749 4054 ser
761 3996 1003 4055 millialibrorum
1058 4015 1109 4056 sex
1123 3995 1216 4053 millia
1242 3993 1571 4068 scripsissetlibrorum,
1583 3995 1827 4068 potueratileriut
1840 3994 1885 4052 vir

181 4089 245 4161 ejus
258 4103 291 4145 se
302 4085 423 4160 legisse,
439 4103 528 4159 quam
544 4084 671 4160 plurima
686 4085 762 4143 cst
787 4085 911 4143 fratrum
928 4086 1004 4144 mul·
1058 4084 1279 4146 eruditissimus
1295 4083 1356 4156 [At.
1373 4081 1529 4156 erudituel,
1550 4087 1578 4141 et
1603 4083 1776 4142 abiniu‘ntia·
1790 4083 1885 4142 sacris

177 4175 307 4234 titudine
327 4173 475 4244 audiente,
490 4175 641 4232 consessus
656 4179 710 4232 est.
728 4174 781 4240 Qui
798 4175 822 4231 si
846 4177 947 4249 utique
961 4177 1006 4248 (ut
1059 4175 1177 4233 Litteris
1188 4173 1355 4240 institutus,
1372 4187 1425 4244 pro
1458 4172 1629 4230 curiositate
1661 4171 1883 4230 etsoicntlalc·

176 4265 241 4340 ipse
255 4265 356 4322 dicare
370 4262 455 4336 solet)
470 4280 522 4336 pro
533 4263 744 4338 cognoscendis
755 4265 820 4336 ejus
831 4264 918 4322 malis
928 4264 1006 4340 lege·
1058 4263 1149 4340 gisset
1164 4263 1269 4320 aliene.
1287 4261 1367 4327 Quod
1383 4259 1509 4318 vercille
1519 4277 1578 4318 non
1592 4260 1721 4335 scripsit,
1736 4259 1884 4332 quomodo

176 4354 238 4424 bat,
255 4353 393 4411 sufficere
409 4357 543 4426 poterant
557 4353 658 4409 decem
674 4352 742 4408 libri
766 4353 803 4410 ad
826 4369 1004 4427 cognoscen·
1058 4355 1113 4411 iste
1127 4353 1224 4427 legere
1238 4349 1357 4424 potuit?
1372 4348 1504 4406 Numera
1523 4348 1635 4406 indices
1657 4347 1799 4407 librorum
1818 4347 1886 4420 sius

179 4429 261 4510 dum,
277 4445 329 4500 eut
343 4439 446 4515 viginti
462 4443 548 4511 cama,
566 4444 616 4497 eut
631 4444 664 4497 ut
689 4440 851 4514 plurimum
874 4441 1002 4515 triginta.
1059 4443 1108 4517 qni
1124 4443 1154 4498 in
1169 4438 1257 4498 tertio
1272 4437 1424 4495 volumine
1437 4436 1566 4507 Eusebii,
1582 4438 1613 4495 in
1627 4452 1685 4512 quo
1710 4427 1829 4510 scripsit
1840 4435 1886 4493 tl·

180 4567 259 4635 lslsi,
282 4567 335 4624 sed
358 4569 475 4624 mutum
503 4567 579 4622 inter
602 4580 636 4622 ea
660 4565 808 4634 amandat,
839 4583 903 4640 qum
923 4567 1006 4624 serie
1021 4553 1045 4618 D
1060 4584 1125 4634 ma,
1141 4564 1325 4637 Theophilus
1340 4562 1534 4630 Alexandria,
1557 4561 1700 4620 Venerius
1716 4559 1885 4634 Mediolani,

179 4638 377 4713 disputationi
410 4655 469 4722 non
502 4637 622 4694 iaciunt.
652 4636 698 4721 ,De
736 4639 876 4721 Bounimai
907 4642 1006 4696 autem
1061 4636 1250 4696 Chromatius
1264 4633 1401 4707 Aquileiae
1416 4633 1514 4708 episcc
1536 4650 1572 4691 us
1586 4639 1658 4692 eret.
1673 4635 1816 4691 Mansuri.

181 4713 303 4770 tunicis
317 4709 510 4796 appellatione
531 4709 572 4800 ad¹
593 4708 742 4766 Christum
767 4709 1005 4834 significandum,
1096 4711 1110 4793 *Ι
1123 4709 1256 4764 Refertur
1278 4705 1431 4788 ababbaeo
1464 4709 1485 4763 t.
1555 4705 1703 4764 amatior.
1737 4719 1804 4778 pag.
1819 4703 1888 4806 QG,

182 4797 278 4911 tut
292 4780 754 4925 :ltttttltltitittit
767 4785 1006 4927 ,tetigitte
1058 4773 1633 4925 llllturittltlthtstittt
1671 4793 1722 4858 ¹¹³³·
1741 4778 1886 4902 otti

182 4927 280 4983 amus
293 4942 323 4982 u.
339 4926 385 4992 51,
400 4924 432 4981 iu
448 4923 526 4981 uotis
539 4941 548 5006 ξ
563 4939 637 5006 quas
651 4922 728 5048 vige,
745 4923 770 4980 ei
784 4921 876 4981 lubet.
1060 4925 1139 4998 pium
1154 4920 1332 5045 (erigenam)
1346 4920 1442 4989 lotum,
1459 4923 1491 4976 ut
1504 4920 1637 5001 loquitur
1658 4911 1839 5042 Theoghilus
1855 4915 1885 4984 in

219 5000 241 5054 ¹.
258 4994 441 5054 Philistionis
461 4998 595 5052 meminit
619 4993 648 5050 S.
697 4993 817 5066 piphan.
843 4993 946 5052 heres.
960 4995 1005 5052 36.
1062 5008 1196 5074 sermone
1210 5005 1300 5074 quem
1327 4991 1502 5072 lastinianus
1516 4986 1737 5115 imperatorias
1759 4990 1799 5045 at.
1813 4983 1887 5062 Vide

183 5068 313 5128 Gnostic.
329 5085 358 5124 n.
374 5067 387 5125 t
403 5084 411 5134 ;
427 5063 542 5124 Lentuli
557 5063 755 5121 Tertullianus
778 5063 812 5122 dc
831 5065 923 5122 Pollio
941 5083 1005 5140 cap.
1062 5063 1217 5138 Theophili
1231 5061 1534 5146 synodicam,trasque
1546 5077 1562 5116 a
1576 5073 1696 5142 resque
1711 5057 1794 5116 illam
1814 5059 1887 5116 sub·

183 5135 210 5196 t.
227 5137 343 5196 blarulli
375 5137 488 5195 dictum
508 5136 581 5194 illud
600 5140 694 5193 exstat
713 5152 783 5192 saue
804 5135 938 5196 festivum
970 5138 1007 5195 ed
1062 5131 1393 5212 sequunturcpistolae,
1428 5134 1544 5188 anobis
1576 5131 1671 5188 editas
1701 5132 1774 5188 tom.
1791 5130 1890 5200 1⁷,suo2

182 5211 348 5284 parasitum
375 5209 524 5284 gulosum.
549 5208 587 5264 lu
607 5208 744 5264 Hectorem
758 5209 889 5277 imitaris,
904 5210 942 5265 ot
956 5209 1008 5268 liic
1063 5225 1178 5270 numer.
1192 5210 1229 5262 72
1243 5211 1272 5262 et
1287 5202 1489 5289 sequentibus.
1714 5274 1720 5284 ·
1777 5273 1806 5286 ..
1869 5274 1875 5285 ⁹

182 5281 464 5410 ''¹⁶⁹¹“‘mn'⁶⁶⁶iii
483 5281 1009 5408 litteratioribus
1062 5280 1246 5409 „illiti
1255 5271 1805 5404 lliltltltutilllitt”ill
1838 5289 1889 5400 lt

179 5355 432 5483 ιιιίιιῦιιῖυἰαιίηιειξῗιῗη
450 5423 591 5491 irritatus,
612 5437 685 5478 anus
699 5391 757 5478 'tibi
779 5422 912 5479 liorailos
935 5395 1008 5481 cora³
1061 5438 1127 5480 rum
1140 5392 1310 5503 'linguarum
1320 5417 1448 5502 peritum
1461 5363 1591 5474 surgatis.
1606 5419 1682 5503 llier.
1692 5387 1726 5502 in
1738 5431 1771 5500 ra
1782 5414 1885 5471 libne.

178 5496 417 5642 Qfflusupra
431 5581 514 5624 uum.
536 5565 577 5633 13,
592 5565 622 5620 in
635 5557 724 5620 natis?
1061 5493 1324 5628 ,wglgmifflf
1334 5489 1888 5632 ξιῖηέἴῖνξοόιρδὺξνῗαθῖιὴιιειῑηῗιὲιᾞῖ

215 5640 319 5700 ⁸ltccti
339 5639 459 5715 epicopi
487 5638 661 5706 iamtoeias,
691 5637 747 5693 etc.
769 5635 928 5696 arsasius
952 5635 1008 5704 lim
1061 5641 1088 5696 te
1104 5635 1230 5696 Graecum
1240 5640 1348 5708 putent.
1707 5665 1709 5670 -
