4072 6164
218 324 276 394 181

216 461 379 515 conscientia
392 441 571 528 peecatorum,
587 465 656 518 iahia
672 481 719 519 sus
735 469 867 520 5555555555
888 469 1034 528 immunda,

217 526 273 574 773.
290 525 356 576 15555
370 540 498 592 arrogans
512 529 652 580 dictasset
667 545 683 580 a
698 532 811 594 Pelagio,
827 537 880 582 703.

249 587 369 640 isboseth
381 591 471 655 justus
485 593 653 656 appellatur,
669 597 741 657 quod
756 587 856 658 absque
872 609 941 645 noxa
956 595 1037 644 inter·

217 649 302 701 lectus
317 651 359 712 sit,
374 655 429 703 737.

249 713 443 765 ismaelitarum
458 720 548 766 vestes
562 721 590 767 et
605 731 687 778 arma,
704 721 742 769 58.

172 811 176 818 .
217 775 503 899 salabrissseabaarnbbbmm
518 779 1039 845 0555555555555555,5555555555555555

249 900 323 972 ltalia
337 877 473 976 quondam
484 916 579 976 magna
589 904 689 976 0555555
703 904 849 975 dicebatur,
866 907 925 977 itttti.¹

249 961 675 1087 fflggsfffebnolfffichnmnu⁵
684 966 792 1030 adjutus
802 969 836 1017 ab
847 967 989 1022 1151555555,
998 968 1038 1016 85.

616 1159 634 1223 1

248 1277 331 1328 iacob
345 1277 546 1329 benedictiones
560 1279 643 1330 Patris
657 1279 751 1329 artifici
767 1281 918 1344 impetravit
932 1280 1041 1332 menda·

218 1341 338 1452 estf'pm'
352 1339 436 1453 515555351
450 1342 544 1404 probat
557 1357 585 1392 se
595 1343 731 1393 hominem
741 1343 857 1406 lugendo
870 1349 982 1394 mortem
994 1342 1038 1394 lilii

217 1415 247 1452 sn
286 1415 350 1466 osep
372 1439 379 1461 ,
444 1441 449 1452 .

245 1464 361 1516 tacebas
375 1469 402 1515 et
415 1465 532 1516 5555555
546 1467 657 1516 nimium
672 1466 806 1517 lerventes
826 1467 925 1531 absque
948 1481 1038 1518 errore

214 1538 269 1576 uon
285 1527 402 1588 luerunt,
415 1529 470 1578 753.
486 1528 544 1578 Duo
554 1529 667 1591 apostoli
677 1529 768 1579 555555
780 1531 897 1584 nomine,
909 1533 963 1579 ern.
972 1531 1037 1580 Lau-

215 1586 294 1638 datur
306 1589 420 1639 5555555
435 1589 518 1640 irater
533 1590 647 1648 Domini,
663 1594 716 1649 aen,
733 1594 786 1640 305.
802 1592 865 1641 E'us
876 1593 1003 1642 sanctitas
1013 1597 1039 1642 et

215 1650 354 1712 virginius
364 1653 558 1710 commendata,
570 1653 634 1702 ibid.
646 1653 699 1702 Soti
711 1655 809 1704 555555
831 1655 920 1703 initum
932 1659 989 1705 erat
998 1656 1038 1702 in·

233 1714 289 1763 redi
304 1713 401 1763 Sancta
424 1719 587 1770 sanctorum,
602 1719 647 1764 sen
685 1716 793 1778 iosephi
809 1717 990 1766 testimonium
1006 1717 1038 1766 de

214 1789 222 1824 5
243 1787 268 1834 5,
285 1779 338 1826 835.
355 1776 533 1826 Plurimorum
555 1781 693 1828 auctorum
717 1779 868 1828 testimonia
885 1779 917 1826 de
933 1780 1037 1837 eodem,

216 1836 279 1886 idid.
287 1839 404 1887 lacobus
414 1837 517 1888 titulum
527 1854 557 1889 us
578 1841 647 1889 asad
656 1841 879 1890 obsidionem'l'iti
887 1843 1037 1891 stultiorem

216 1899 512 1974 Adriani,notissimnm
528 1855 628 1960 habuit,
645 1905 698 1974 833.
711 1903 971 1966 Falsoquorumdmn
982 1904 1037 1965 opi·

215 1975 261 2013 nro
276 1961 308 2012 de
323 1962 381 2012 loco
396 1977 454 2024 epis
468 1964 621 2026 sepulturae,
638 1963 701 2012 56551.
715 1964 798 2015 ltater
810 1966 902 2016 555555
918 1966 1037 2015 Minoris,

216 2027 297 2090 qum?
311 2025 367 2074 ets.
382 2025 497 2076 Diversis
510 2027 663 2077 nominibus
678 2027 803 2084 0555555,
819 2027 883 2076 ibid.

247 2086 413 2136 lamblichus
428 2087 603 2152 philosophus
613 2093 808 2139 commentatus
818 2093 857 2139 cst
871 2090 898 2139 in
913 2088 1038 2152 dogmata

216 2149 381 2213 Pythagore,
397 2153 452 2201 565.

245 2211 339 2261 555555
353 2225 400 2261 rex
414 2213 503 2277 Lybiae
519 2211 646 2262 Didonem
661 2213 755 2276 petivit
769 2213 795 2262 in
807 2213 971 2278 conjugium,
983 2216 1038 2264 350.

247 2273 305 2322 Non
319 2276 407 2324 statim
422 2275 467 2338 qui
480 2275 594 2340 jejunat,
610 2277 663 2324 Deo
676 2274 791 2339 jejunat.
809 2277 861 2325 553.

245 2336 411 2400 ieiuniorum
427 2339 631 2394 commendatio,
648 2340 701 2394 358,
717 2340 762 2388 353
777 2342 804 2387 55
818 2352 873 2402 seq.
889 2337 1038 2387 Sanctifica-

215 2397 263 2457 tio,
278 2401 333 2448 353.
347 2399 482 2462 iejunium
496 2400 706 2451 Christianorum
721 2400 839 2450 Christus
854 2401 1037 2460 sanctificavit,

217 2463 272 2512 ata.
288 2459 405 2512 Solvitur
419 2462 461 2512 die
478 2463 614 2514 Dominico
630 2463 698 2512 5555
725 2463 887 2520 Pentecoste,
913 2466 967 2512 580.
991 2464 1039 2510 Per

213 2521 348 2587 jejunium
365 2537 505 2586 possumus
520 2525 605 2576 redire
616 2527 642 2574 iu
658 2525 820 2587 paradisum,
832 2529 886 2574 353.
901 2525 1037 2588 5555555555

216 2587 246 2638 50
261 2585 363 2634 dierum
390 2587 559 2648 nonpatitur
587 2592 683 2637 natura
709 2586 857 2645 hominurn,
874 2591 927 2636 553.
944 2587 993 2644 055
1009 2589 1037 2636 50

217 2646 311 2696 055555
326 2652 413 2709 potest
425 2649 548 2712 jejunare
562 2654 588 2698 et
602 2650 701 2698 vivere.
716 2653 817 2699 aeterno
831 2654 950 2712 tempore
965 2654 1037 2710 pote·

217 2707 253 2759 rit
265 2710 366 2772 absque
376 2722 435 2759 asca
450 2716 475 2760 et
492 2716 556 2774 potu
568 2711 667 2768 vivore,
678 2714 733 2760 555.

247 2769 343 2830 Jcphts
357 2771 427 2822 inter
441 2773 512 2823 55555
525 2773 568 2824 SS.
584 2778 751 2832 numeratus,
763 2773 823 2822 lieet
832 2772 910 2822 licerit
921 2771 1039 2820 meretri-

217 2831 255 2883 cis
269 2833 347 2892 illius,
363 2837 417 2885 tea.
434 2837 561 2894 Arguitur
576 2836 707 2886 temerarii
722 2835 786 2894 voti,
797 2837 851 2883 373.

247 2895 377 2946 ieremias
386 2895 565 2948 sanctificatus
579 2899 608 2947 in
624 2903 707 2954 utero,
718 2899 773 2946 777.
785 2896 843 2946 Fuit
852 2897 926 2958 virgo
941 2898 967 2943 et
978 2909 1038 2957 pro·

217 2958 309 3070 ἲ15853,
327 2959 392 3010 ittet.
406 2961 490 3010 Timet
514 2961 626 3022 impium
642 2974 741 3023 regem,
758 2959 822 3006 ierit.
851 2959 985 3006 Carcerem
997 2970 1040 3027 ⁴ro·

228 3021 351 3080 ormidat,
367 3023 408 3072 cui
420 3027 528 3084 55555555
543 3025 598 3072 5555
607 3023 752 3084 parneisus,
763 3025 819 3070 778.
831 3020 858 3069 15
870 3025 933 3082 typo
943 3018 1038 3068 Christi

218 3083 350 3146 propheta
363 3085 486 3148 gentibus
503 3085 625 3142 mittitur,
639 3085 693 3134 577.

249 3145 278 3193 15
294 3147 467 3194 subversione
480 3146 594 3204 5555555,
610 3146 726 3194 mundus
740 3145 892 3200 subversus,
908 3145 961 3191 275.

247 3207 393 3255 Jerusalem
409 3207 492 3256 multe
516 3209 590 3270 pejor
604 3214 644 3258 est
664 3206 787 3265 Sodoma,
802 3209 856 3255 755.
878 3205 1039 3254 5550555555

219 3267 507 3317 555555555555551555
523 3273 631 3331 propter
645 3283 736 3317 necem
750 3269 850 3325 555555,
866 3271 920 3316 stt.

247 3329 311 3378 5555
326 3329 397 3380 Nave
412 3329 518 3378 castitas
532 3331 744 3390 commendatur,
759 3333 812 3379 573.

247 3391 327 3441 iesus
339 3391 479 3444 55550555.
494 3393 737 3456 55555555515555555,
754 3393 807 3442 388.
970 3452 974 3460 ι

247 3453 297 3502 iob
312 3458 504 3504 tormentorum
520 3455 603 3504 vietor
618 3456 737 3504 miserias
751 3468 812 3503 5555
835 3454 1038 3504 resurrectionis

215 3521 305 3578 apest
322 3515 431 3565 55555555
446 3515 555 3572 5515555,
572 3521 625 3567 557.
643 3517 736 3567 Nullus
758 3522 811 3567 5555
827 3522 916 3576 operte
933 3518 1038 3564 loeutus

215 3581 255 3628 555
269 3578 302 3628 05
317 3578 405 3628 555555
420 3580 622 3636 5555555555555,
636 3581 690 3630 538,
706 3579 764 3628 Fuit
782 3581 879 3628 5551555
903 3578 1036 3636 Ecclesiae,

214 3639 280 3689 ibid.
294 3640 405 3690 Videtur
414 3645 507 3691 555555
518 3641 657 3705 Origeunm
669 3642 814 3704 scripsisse,
826 3640 887 3689 5555.
900 3639 974 3698 Quali
984 3639 1036 3689 555

212 3699 322 3764 justitias
336 3709 488 3762 coronetur,
504 3707 558 3754 756.
582 3705 632 3755 555
646 3710 672 3754 55
686 3704 783 3760 caeteri,
797 3703 861 3767 justi
885 3702 948 3752 dicti
963 3706 1034 3762 sont,

212 3766 361 3877 5555501355
377 3779 435 3814 eam
447 3767 588 3830 justitiam,
604 3781 665 3831 qrras
675 3771 761 3830 potest
771 3767 798 3815 in
809 3765 967 3829 injustitiam
979 3779 1036 3814 mu·

225 3826 325 3884 5558.
349 3832 376 3877 55
390 3843 445 3890 seq.

242 3888 367 3948 ioannes,
384 3892 437 3940 853.
453 3891 560 3952 Angelis
574 3889 907 3951 eomparaturtsstimonio
918 3889 1033 3946 tietuini,

211 3951 266 3999 752.
280 3951 389 4000 Minimo
404 3953 429 4000 iu
445 3953 666 4015 regeneratorum
682 3953 770 4001 minor
792 3965 849 4001 esse
887 3951 1032 4010 erhibetur,

211 4010 275 4060 tota.
292 4015 321 4061 ln
336 4013 369 4062 ba
389 4013 493 4063 tisruate
507 4028 555 4064 555
568 4014 648 4063 dedit.
664 4015 680 4064 S
701 3966 962 4072 55555558015555555,
979 4027 1033 4062 uon

211 4072 280 4146 aliis,
297 4075 349 4125 578.
365 4028 482 4149 &ursatio
503 4077 664 4140 proponitur
678 4029 711 4126 555
726 4077 885 4139 baptismate
900 4075 1030 4139 ejusdem,

211 4149 254 4186 eur
270 4137 455 4200 respondetur,
471 4137 535 4187 ahad.

240 4198 351 4249 ioannis
367 4199 540 4258 Evangelistas
556 4199 722 4264 privilegium
738 4204 778 4248 est
792 4199 959 4262 virginitatis.
976 4202 1030 4250 880.

240 4260 352 4311 ioannis
363 4262 535 4326 Evangeiiurn
547 4264 674 4321 scriptum
685 4267 779 4310 555555
790 4261 908 4310 Corinthi
919 4265 945 4309 55
955 4262 1030 4310 Ebio·

211 4321 325 4374 nitarum
341 4324 446 4386 dogma,
462 4326 507 4374 ata
541 4323 657 4386 disposta
681 4323 814 4379 Evsrrgelii
840 4323 951 4370 5555555
970 4339 1032 4373 curn

209 4386 312 4435 caeteris
320 4387 456 4449 quomodo
466 4387 583 4436 tollitur?
593 4390 646 4434 855.
660 4384 845 4446 Duaeepistolec
856 4385 976 4446 ejusdem
987 4401 1030 4434 cu·

211 4445 251 4494 'us
259 4452 434 4498 asseruntur?
444 4448 507 4497 idid.
517 4449 634 4498 loannes
643 4449 741 4500 1555555.
749 4446 873 4496 laminam
882 4459 990 4496 auream
1001 4449 1029 4497 in

220 4513 296 4558 55555
310 4511 501 4570 5555555885.
514 4510 677 4560 Dormivitin
689 4509 803 4570 Epheso,
817 4507 881 4556 10551.
898 4509 960 4558 Dure
976 4523 1029 4559 me·

208 4571 300 4620 morire
312 4571 432 4633 eJ‘usdem
442 4572 513 4634 apud
528 4572 671 4634 Ephesum,
681 4575 736 4622 855.
746 4571 864 4620 5555555
873 4571 1029 4635 Drangiane

208 4634 326 4694 tempore
350 4638 479 4686 mortuus.
500 4637 553 4683 573.
583 4634 653 4683 idem
680 4633 830 4694 Apostolus,
852 4633 1027 4692 Evangelistn,

206 4698 233 4743 et
246 4693 382 4756 Propheta
394 4694 452 4754 luit,
468 4695 534 4745 idid.
550 4695 609 4745 Puit
622 4695 756 4756 relegatus
770 4695 797 4743 in
814 4695 938 4745 Pathuros
953 4698 1027 4747 iusu-

205 4755 267 4816 lsm,
283 4760 338 4808 380.
354 4757 391 4808 De
405 4757 499 4808 eodem
515 4757 579 4821 quid
595 4757 675 4808 relect
687 4755 874 4814 Tertullianus,
886 4759 947 4806 itti.

234 4819 352 4870 5555555
366 4819 461 4870 Senior
474 4820 542 4870 alius
564 4819 597 4870 ab
620 4820 692 4869 Evao
714 4818 799 4878 eliste,
813 4823 866 4869 850.
893 4819 955 4882 Ejus
969 4834 1026 4870 esse

203 4879 330 4933 dicuntur
344 4883 403 4934 dues
417 4883 543 4946 Epistoles
557 4881 667 4931 ioannis
704 4895 793 4940 55555,
804 4883 868 4930 ibid.

232 4943 352 4995 5555555
365 4945 493 4996 Hierosol.
509 4945 635 4994 irridetur
647 4944 681 4993 ab
696 4945 866 5006 ltierouymo,
891 4945 944 4995 558.
970 4945 1023 4994 553.

201 5005 322 5058 Nominis
337 5009 377 5058 sui
392 5011 519 5059 extenuat
533 5008 699 5071 dignitatem,
714 5008 768 5056 553.
783 5007 847 5056 0555
862 5005 1025 5068 questiones

202 5066 235 5116 05
253 5067 304 5119 005
319 5069 431 5134 objectae
447 5069 552 5126 555555,
569 5069 623 5120 553.
638 5069 765 5133 Arguitur
775 5069 845 5130 quiid
858 5081 885 5115 55
898 5079 950 5116 555
962 5080 1025 5130 pur-

197 5129 1016 5258 ttulit⁴itinerariaelittihttttltt‘uut·

243 5224 249 5246 t
312 5220 320 5240 ι
905 5227 910 5248 ,
977 5227 982 5240 ι

199 5251 296 5301 155555
310 5257 483 5318 approbatur,
500 5258 553 5306 563.
570 5256 734 5320 Epiphanius
747 5258 825 5304 vocat
839 5258 928 5316 aperte
942 5253 1022 5302 5555-

201 5325 264 5362 nem
280 5313 637 5377 hereticum‚ttt..louunas
646 5322 732 5369 tacere
745 5315 1021 5380 jussitEpipbauium,

199 5375 255 5426 520.
270 5375 336 5424 Vult·
347 5377 525 5441 Erriphaniunr
541 5385 692 5439 suspectum
710 5381 797 5430 155555
812 5377 953 5433 haereseos,
965 5381 1019 5427 it8.

198 5435 328 5486 Eunrdem
344 5437 453 5493 deridet.
469 5440 531 5490 5055.
547 5443 609 5504 Ejus
625 5443 650 5491 in
667 5443 741 5492 illurn
757 5441 932 5502 impudentia,
957 5439 1018 5490 55551.

197 5498 437 5612 9555Ἥ5555555
451 5502 597 5566 ingressum
609 5505 739 5564 brnlesiss,
759 5505 812 5553 555.
830 5503 892 5566 Ejus
905 5501 1017 5553 erudeli·

210 5575 240 5610 ΙΙ
265 5576 273 5609 ι
292 5577 300 5608 ι
321 5595 327 5610 Ι

225 5596 343 5674 5555555
359 5623 517 5686 Propositus
529 5627 626 5675 Domus
642 5627 755 5676 itouast.
770 5627 884 5682 055555,
900 5631 939 5677 30.

207 5735 210 5740 .
225 5686 306 5736 Jonas
322 5685 414 5749 injusti
431 5687 552 5736 maeroris
567 5688 696 5750 arguitur,
712 5691 766 5738 783.

223 5749 300 5800 tona
315 5749 415 5804 Portus,
433 5750 486 5796 555,

223 5811 352 5862 55555555
366 5809 469 5861 medios
481 5809 550 5859 inter
565 5809 645 5858 05550
662 5812 687 5858 55
701 5810 770 5865 Saul,
784 5811 839 5858 377.

221 5874 350 5941 iosaphat
365 5885 455 5924 555555
469 5884 523 5923 555
539 5871 633 5933 ceruit,
648 5871 702 5921 768.

716 331 837 402 INDEX
861 333 997 401 RERUM
1020 334 1070 402 551
1093 335 1413 442 snurnurtanntt.

1832 341 1882 406 itt

1123 471 1236 522 5555055
1251 474 1442 536 interpretatur
1465 473 1543 524 ’555155
1559 472 1670 534 Domina,
1685 473 1736 524 771.

1122 533 1221 598 ioseph
1237 537 1311 598 virgo
1327 537 1377 585 luit
1391 551 1438 598 per
1485 537 1575 590 ariam.
1591 539 1646 588 837.
1672 537 1758 587 Custos
1769 537 1820 601 ejus
1844 537 1885 588 luit

1092 598 1181 710 {aazias
1195 611 1275 660 quam
1291 599 1410 658 maritus,
1420 598 1482 650 ibid.
1493 601 1544 649 Cur
1554 603 1630 664 pater
1640 600 1737 650 Domini
1746 600 1882 664 appellatur,

1123 720 1256 784 tosephus
1270 721 1369 772 latetur
1377 722 1509 774 Christum
1523 738 1539 772 a
1551 723 1845 774 Pharisaeisinteriecturn
1857 725 1884 774 55

1093 785 1306 845 magnitudinem
1318 786 1464 848 signorum,
1476 789 1530 836 655,
1541 787 1578 836 De
1586 787 1680 836 eodem
1689 785 1783 835 Christo
1794 787 1886 836 Domino

1098 850 1191 896 nostro
1202 846 1259 910 ejus
1273 848 1464 906 testimonium,
1480 847 1543 897 ibid.
1557 848 1688 909 55555555
1702 849 1803 910 scriptor
1816 848 1886 897 ilisto-

1097 909 1143 958 riae
1154 909 1376 970 htaclrnbaeorum,
1387 911 1450 972 quid
1461 910 1541 960 sentit
1550 911 1583 961 de
1593 911 1772 973 passionibus?
1781 911 1887 960 75355551

1093 969 1175 1020 551555
1189 972 1222 1020 05
1237 972 1338 1021 cellulis
1367 973 1427 1022 5515
1452 973 1636 1034 interpretum,
1652 975 1705 1024 530.
1732 974 1766 1022 De
1791 973 1886 1022 Essenis

1092 1033 1176 1082 muita
1191 1034 1278 1092 551555,
1290 1035 1343 1084 353.
1359 1036 1416 1084 Duo
1431 1034 1888 1097 5550555555555555555555515555·

1093 1108 1136 1154 na,
1148 1095 1213 1145 ibid.
1234 1097 1301 1155 Quid
1317 1097 1422 1159 scripsit
1434 1048 1465 1145 555
1481 1097 1590 1153 tacebo,
1606 1099 1660 1147 305.
1677 1097 1742 1146 Libri
1755 1097 1851 1160 iosephi
1863 1096 1889 1167 05

1093 1159 1245 1270 585ιέ555555
1271 1158 1383 1210 iudaice
1412 1159 1582 1210 bibliothece
1609 1160 1783 1210 Romanorum
1813 1158 1889 1208 5550555

1122 1281 1227 1332 1555555
1244 1281 1394 1346 imperium,
1411 1285 1465 1334 335.

1123 1343 1279 1394 5555555555
1287 1344 1433 1395 monachus
1444 1345 1519 1396 canis
1527 1349 1663 1395 revertens
1673 1343 1706 1394 ad
1717 1345 1889 1402 555555555303.

1094 1407 1195 1456 Nomen
1211 1407 1293 1469 ipsius
1310 1407 1343 1456 de
1359 1407 1434 1457 idolis
1448 1407 1597 1457 0555555555
1613 1411 1661 1466 555,
1678 1409 1730 1456 385.
1756 1407 1891 1456 5555555555

1093 1468 1237 1540 Epicureus
1252 1469 1329 1518 simul
1339 1474 1365 1518 et
1375 1470 1486 1528 Stoicus,
1498 1473 1552 1520 357.
1565 1471 1676 1532 Nuptias
1687 1468 1806 1533 predicat
1816 1472 1841 1517 55
1850 1469 1891 1517 vir·

1093 1531 1198 1593 grunni
1212 1531 1341 1586 05555555,
1358 1535 1412 1582 333.
1428 1532 1682 1604 Vocaturlipicurus
1696 1531 1891 1586 Christianorum,

1093 1596 1147 1642 837.
1161 1593 1230 1642 Vitis
1254 1596 1385 1642 sermonis
1399 1594 1527 1656 ejusdem,
1543 1594 1606 1642 50551.
1630 1595 1660 1642 55
1676 1606 1809 1642 commuue
1824 1593 1893 1640 555555

1092 1659 1132 1704 555
1146 1655 1274 1712 omnium,
1293 1656 1455 1706 8515551555
1469 1657 1612 1719 discipulas
1626 1657 1729 1714 habuit,
1739 1657 1790 1706 380.
1801 1655 1893 1703 Senten-
1994 1654 1995 1712 l

1093 1717 1155 1765 tiam
1165 1717 1300 1766 5555555555
1311 1717 1436 1768 damoeta
1447 1719 1537 1768 ltomse
1549 1723 1575 1768 et
1584 1719 1609 1767 iu
1624 1718 1779 1773 Airica,7ht.
1789 1716 1893 1765 55555055
1994 1735 1995 1782 p

1093 1779 1298 1828 transformatur
1313 1780 1339 1828 iu
1354 1781 1608 1843 invinianumquasi
1625 1781 1651 1829 in
1668 1779 1840 1842 Eaphorbum,
1848 1781 1892 1828 385.

1093 1841 1255 1890 Auctoritate
1271 1843 1397 1892 Romanae
1413 1843 1536 1892 Ecclesiec
1551 1843 1600 1892 luit
1614 1842 1766 1901 damnatus,
1781 1843 1830 1892 353.

1123 1903 1206 1952 55055
1220 1903 1302 1953 155555
1314 1905 1414 1961 555555,
1432 1908 1485 1954 833.

1122 1965 1890 2028 55055555055555555555555555555555555555555555555555,

1092 2030 1147 2078 550.
1164 2028 1285 2077 1155555555
1296 2029 1459 2088 5505555555,
1473 2033 1526 2079 537.
1537 2028 1616 2078 Aliud
1624 2033 1665 2077 est
1679 2029 1706 2078 in
1718 2024 1894 2078 Ecclesiislsal·
1995 2085 1996 2096 γ

1092 2102 1150 2138 5555
1165 2090 1262 2200 legere,
1278 2090 1349 2168 aliud
1363 2091 1463 2141 5505555
1478 2091 1582 2154 singula
1596 2091 1682 2140 verba
1692 2089 1894 2140 calumniantibus

1093 2156 1372 2286 τε155515ιοί515505,1555565555
1386 2227 1445 2264 eum
1461 2213 1589 2278 pondere,
1604 2216 1660 2264 765.
1672 2213 1775 2287 Certum
1784 2211 1896 2282 judicium

1093 2275 1175 2325 soltus
1202 2278 1308 2334 Detest,
1324 2279 1379 2327 758.
1402 2277 1485 2326 Nemo
1514 2281 1601 2338 potest
1627 2276 1725 2326 Christi
1738 2276 1843 2339 palmam
1856 2274 1896 2322 5555

1093 2351 1227 2387 assumere
1242 2343 1303 2388 ante
1318 2338 1387 2387 diem
1400 2339 1502 2402 judicii,
1513 2343 1566 2388 536.
1583 2338 1677 2387 Nullus
1687 2337 1827 2450 intrepidus
1837 2336 1897 2408 vadit

1093 2401 1126 2449 ad
1143 2399 1268 2449 'adiciam
1283 2402 1395 2458 Domini,
1409 2405 1463 2450 760.
1479 2403 1562 2450 Neruo
1573 2404 1735 2463 potestante
1764 2401 1811 2449 ism
1818 2399 1897 2461 Judreu

1092 2460 1125 2511 05
1139 2413 1293 2512 borniuibus
1305 2462 1434 2525 judicare,
1451 2463 1605 2512 lithomeris
1614 2466 1688 2513 terra
1698 2462 1796 2526 indiget
1803 2460 1896 2525 judicio,

1093 2525 1147 2572 775.
1167 2526 1318 2573 Amantium
1335 2540 1404 2574 55555
1417 2530 1481 2574 som
1493 2525 1603 2588 judicia,
1620 2527 1675 2575 503.

1123 2586 1214 2636 550555
1230 2587 1354 2648 55505555
1369 2589 1510 2638 verborum
1532 2585 1706 2637 simulatione
1722 2586 1782 2636 vicit
1797 2583 1899 2634 Holeier·

1095 2661 1167 2705 nem,
1182 2652 1236 2698 575.

1123 2711 1208 2820 toatloei
1224 2711 1312 2822 trriatl‘iti
1324 2711 1458 2772 Romanis,
1470 2709 1542 2774 quod
1554 2709 1781 2762 exacerbaverunt
1790 2707 1898 2772 Spiritum

1093 2785 1225 2831 naucum,
1257 2777 1295 2822 5.

1123 2835 1243 2884 Julianus
1253 2837 1316 2897 imp.
1328 2833 1512 2885 hostisChristi
1524 2834 1733 2894 intensissimus,
1745 2835 1799 2884 82³.
1808 2833 1899 2883 Succes-

1093 2896 1127 2945 sit
1141 2897 1305 2954 Constanho,
1321 2909 1347 2946 et
1362 2897 1419 2959 ejus
1433 2897 1601 2960 indulgentie
1615 2897 1737 2960 episcopi
1759 2897 1855 2945 exsules
1867 2907 1899 2942 re·

1095 2957 1178 3007 05555
1192 2959 1225 3008 50
1241 2973 1301 3007 5555
1312 2959 1449 3014 Ecclesiae,
1465 2962 1517 3009 535.

1122 3021 1184 3068 iulii
1199 3025 1226 3070 st
1243 3021 1379 3070 Athanasii
1394 3021 1550 3070 Poutiticum
1565 3022 1731 3080 5555555555,
1747 3023 1800 3070 355.

1124 3083 1249 3132 tomenta
1265 3085 1335 3132 5505
1350 3084 1387 3131 555
1403 3083 1483 3143 dictu,
1498 3086 1552 3133 329.

1124 3145 1238 3194 iunonis
1253 3146 1374 3200 univiris,
1390 3149 1444 3196 555.

1122 3207 1225 3268 iupiter
1239 3208 1372 3256 05555555
1386 3214 1412 3256 55
1425 3207 1589 3262 0555551555,
1609 3207 1665 3254 313.
1682 3207 1792 3269 'templa
1804 3203 1869 3254 55555
1881 3205 1903 3272 et

1093 3272 1258 3318 cessinonire
1273 3269 1449 3319 conciderunt
1463 3271 1562 3328 5555555,
1574 3271 1627 3318 885.
1640 3269 1832 3332 Prophetarum
1841 3267 1902 3316 55555

1093 3331 1264 3388 abstinentia,
1280 3335 1334 3382 355.

1124 3394 1181 3442 555
1191 3394 1354 3443 iustihcatur
1362 3393 1450 3444 55555.
1462 3393 1512 3441 uisi
1525 3407 1570 3454 uer
1580 3392 1659 3441 550555
1670 3393 1778 3452 Christi,
1790 3390 1903 3442 7555555

1092 3455 1137 3504 Dei
1153 3461 1324 3517 conspectam
1341 3456 1429 3505 55555
1440 3455 1609 3517 justificatur,
1625 3459 1683 3506 780.

1123 3519 1243 3567 tustinus
1260 3519 1441 3580 Philosophus,
1458 3520 1512 3567 803.

1121 3579 1227 3628 iustitia
1244 3580 1339 3641 Duplex
1357 3581 1382 3627 iu
1399 3579 1540 3642 Scriptoris
1555 3579 1662 3634 sanctis,
1680 3584 1738 3630 703.
1752 3577 1854 3629 555555555
1866 3588 1903 3646 cu·

1091 3643 1204 3691 stoditur
1219 3642 1316 3692 labore.
1333 3642 1469 3704 diligentia
1485 3645 1512 3690 et
1526 3641 1570 3688 Dei
1583 3641 1803 3696 clementiani.
1818 3640 1871 3688 b'ou
1881 3647 1904 3684 in

1091 3701 1207 3752 hominis
1221 3705 1323 3761 meritc,
1338 3709 1384 3753 sed
1400 3707 1426 3752 iu
1441 3705 1485 3752 Dei
1500 3703 1592 3765 glutis,
1605 3703 1713 3765 justitia
1726 3708 1777 3764 est,
1791 3701 1903 3752 755555·

1090 3765 1147 3814 titia
1163 3767 1372 3815 Petriarcharum
1389 3770 1415 3814 et
1430 3765 1619 3827 Prophetarum
1634 3778 1690 3814 non
1713 3767 1765 3816 5555
1787 3764 1903 3828 perlecta.

1089 3831 1143 3876 707.
1160 3829 1266 3877 Plenam
1280 3828 1410 3889 justitiam
1425 3841 1479 3876 5555
1504 3827 1586 3877 55555
1599 3831 1645 3890 qui
1661 3842 1719 3878 non
1734 3829 1793 3879 vult
1804 3836 1902 3889 erogare

1090 3892 1252 3951 purrpsribus
1267 3892 1441 3939 substantiam
1457 3903 1544 3946 silero,
1559 3893 1614 3938 757.
1884 3947 1888 3954 Ι

1119 3952 1211 4001 555555
1225 3956 1264 4001 555
1279 3954 1305 4001 55
1321 3967 1350 4001 55
1365 3957 1434 4014 55550
1446 3953 1519 4000 515555
1533 3951 1622 4000 multis
1637 3950 1792 4010 virtutibus,
1802 3948 1904 4000 758555

1088 4015 1212 4072 salvatur,
1228 4013 1409 4076 5555515550.
1434 4013 1528 4063 Nullus
1541 4014 1573 4062 ad
1616 4013 1747 4064 erlectuur
1760 4016 1847 4075 justus
1860 4013 1902 4062 est.

1088 4076 1132 4124 sed
1147 4091 1179 4125 ex
1193 4077 1281 4138 siliqua
1296 4077 1577 4139 parte1.reccator·,'i55.
1609 4088 1643 4123 ori
1660 4080 1725 4125 5555
1737 4069 1904 4140 immuneseb

1087 4139 1160 4187 omni
1177 4144 1294 4200 5555555,
1309 4139 1364 4187 755.
1382 4139 1493 4186 Prosunt
1505 4137 1625 4186 nonnulli
1637 4139 1777 4188 nominari
1785 4137 1857 4200 justi,
1866 4145 1905 4196 qur

1086 4199 1197 4249 aliorum
1209 4201 1404 4263 eoruperatiouc
1412 4199 1477 4262 justi
1490 4214 1542 4248 noo
1555 4201 1693 4258 5555150.
1706 4200 1780 4258 Quos
1793 4203 1906 4261 55555555

1084 4261 1181 4324 justos,
1197 4277 1268 4324 steps
1283 4266 1437 4325 peccatores
1452 4262 1635 4320 inveniuntur,
1652 4267 1678 4311 et
1696 4277 1778 4326 quos,
1793 4266 1843 4311 etc.
1856 4259 1905 4308 753.

1086 4325 1177 4374 555555
1192 4324 1363 4382 tiberiensis,
1380 4325 1434 4374 853.

1114 4387 1231 4436 iuvenes
1246 4387 1405 4446 erravimus,
1422 4386 1598 4436 emendemur
1612 4399 1700 4446 serres,
1716 4389 1774 4438 533.

1484 4513 1510 4577 L

1115 4633 1374 4684 Lacedaemoniorum
1391 4633 1538 4690 frugalitas.
1554 4637 1609 4684 stu.

1113 4697 1249 4745 Lactantio
1265 4695 1329 4758 qiud
1340 4697 1488 4746 ascribitur.
1501 4699 1556 4746 537.
1581 4697 1719 4746 Sententia
1736 4697 1804 4746 laiso
1818 4696 1840 4744 ei
1864 4693 1904 4743 tri·

1081 4757 1155 4814 butu,
1167 4761 1221 4808 558.
1239 4761 1403 4808 5555550555
1420 4758 1536 4808 vindieat
1552 4759 1746 4822 Hieronymus,
1762 4763 1818 4809 300.

1115 4821 1197 4870 55555
1212 4821 1413 4874 factiosissimae,
1429 4823 1483 4872 555.

1115 4883 1191 4932 heico
1207 4883 1271 4946 quid
1285 4896 1339 4931 non
1354 4883 1558 4932 555555551573.

1113 4944 1244 4994 Lanarum
1255 4945 1394 5007 conchylia
1410 4945 1491 4994 555155
1502 4957 1579 5008 aquae
1594 4942 1710 5004 diluunt,
1728 4947 1785 4996 586.

1111 5007 1238 5068 Lapethc,
1252 5007 1391 5070 oppidum,
1408 5009 1447 5055 37.

1111 5067 1901 5132 Latinussermoproprietatemttraecamnonexprimit,261.

1110 5132 1239 5180 Latrones
1255 5130 1343 5180 nudus
1358 5143 1411 5180 non
1426 5132 1511 5186 timet,
1527 5133 1564 5180 56.

1111 5193 1229 5243 Laudare
1244 5193 1329 5242 solent
1343 5193 1477 5242 interdum
1486 5192 1617 5250 55555555,
1628 5191 1699 5256 quod
1712 5205 1769 5242 non
1781 5191 1900 5254 probant,

1077 5255 1130 5304 585.
1148 5255 1218 5305 hicet
1232 5269 1279 5318 pro
1294 5259 1413 5316 ternpore
1428 5254 1550 5304 eumdem
1566 5255 1673 5304 laudare
1687 5259 1716 5303 et
1741 5255 1900 5324 vituperare,

1076 5318 1131 5366 353.
1148 5318 1205 5367 Non
1219 5323 1260 5366 est
1274 5317 1331 5366 vitii
1342 5317 1477 5367 bominem
1494 5331 1576 5368 unuin
1588 5318 1697 5367 laudare
1713 5318 1743 5366 in
1759 5316 1827 5376 aliis,
1838 5320 1862 5366 st
1872 5325 1897 5362 ln

1076 5379 1134 5428 airis
1149 5393 1286 5436 accersere,
1302 5380 1360 5440 sed,
1375 5383 1437 5431 555..
1452 5381 1497 5428 550

1107 5442 1202 5490 5555555
1217 5442 1349 5490 invadens
1364 5441 1509 5498 5555555555,
1525 5443 1564 5490 ta.

1105 5505 1197 5552 Lector
1211 5507 1305 5552 555555
1319 5505 1371 5552 rito
1397 5504 1573 5565 deprehendit
1596 5501 1734 5553 cuniculos
1749 5503 1776 5551 et
1790 5499 1895 5550 insidias

1076 5564 1176 5628 uiribus
1189 5568 1287 5614 veritos
1301 5567 1473 5619 subvertitur,
1491 5569 1543 5615 550.

1107 5627 1232 5677 teutolus
1247 5628 1457 5688 rniruogmotms,
1472 5631 1526 5677 553.

1106 5691 1158 5738 heo
1173 5693 1305 5748 Nemesos,
1321 5693 1375 5740 387.

1101 5753 1228 5802 55555055
1238 5753 1356 5814 (trigenis
1372 5757 1446 5814 pater
1456 5751 1583 5814 martyrio
1594 5751 1746 5806 coronatus,
1757 5751 1813 5798 835.
1824 5749 1888 5798 5155-

1068 5826 1126 5864 rem
1141 5827 1201 5864 cum
1213 5820 1313 5878 septem
1325 5813 1384 5875 titiis
1395 5813 1543 5878 dereliquit,
1559 5813 1623 5864 ibid.
1640 5815 1701 5864 ilem
1713 5811 1772 5874 ejus
1781 5809 1888 5860 tamilla·

1069 5888 1125 5928 rem
1140 5877 1219 5929 liseus
1234 5877 1381 5942 occuparit,
1398 5875 1460 5928 55551.
