4072 6164
167 259 229 360 pra
665 265 717 332 on
739 263 1375 336 scronruoum.aconensem.
1812 264 1873 356 ιιι

169 401 325 473 astusque
339 397 425 458 hodie
447 399 529 460 vicus
552 401 629 462 circa
643 401 783 462 Gerasam
798 403 901 462 orbem
919 404 992 460 Ara·
1006 404 1034 474 A
1084 403 1224 478 Asedoth
1241 402 1300 460 elia
1313 403 1374 460 hec
1389 401 1491 472 civitas
1506 401 1575 477 (non
1597 419 1671 480 que¹
1684 417 1784 482 supra,
1803 399 1872 482 lieet

165 488 233 556 bie,
248 485 407 561 quindeein
422 489 459 546 ob
474 508 509 547 ee
523 491 656 549 millibus
671 492 786 549 distans
800 494 902 548 contro
916 491 991 547 occi·
1047 494 1150 552 eodem
1163 491 1283 550 nomine
1295 492 1424 566 vocetur)
1435 509 1524 566 quem
1536 494 1711 570 expugnavit
1721 491 1871 574 quendem

165 575 300 648 dentem,
314 576 365 650 qui
379 579 456 652 Arga
477 580 656 654 eppellatur:
681 582 759 654 quod
787 580 994 654 interpretetur
1046 581 1144 654 iesus,
1161 597 1229 656 rege
1241 580 1322 642 illius
1334 581 1497 638 interiecto.
1814 569 1817 580 ’

167 665 367 740 Symmachus
382 684 564 725 mensorem.
1082 673 1165 744 Aser,
1182 670 1284 728 civitas
1300 670 1382 744 regni
1397 670 1495 744 Jebin,
1513 685 1602 744 quem
1628 669 1721 728 solam
1743 670 1873 730 incendit

203 754 346 822 Asedoth‚
371 755 442 812 urbs
464 757 710 827 amorrheorum,
737 775 800 832 quo
830 758 935 816 cecidit
962 757 993 814 in
1047 759 1144 832 lesos,
1166 759 1236 832 quia
1265 757 1435 833 metropolis
1465 763 1527 816 eret
1555 759 1687 816 omnium
1715 775 1873 834 regnorum

166 847 275 902 sortem
301 843 396 902 tribue
420 845 541 902 Ruben:
568 846 732 920 appellatur
755 852 866 916 nutem,
893 847 993 905 addito
1047 847 1218 906 Philistiim.
1234 849 1284 904 list
1298 851 1327 903 et
1351 846 1409 904 elie
1431 847 1501 920 villa
1526 864 1620 920 usque
1643 846 1827 920 hodieAsor,
1842 845 1872 904 in

167 937 372 1006 cognomento,
387 934 516 991 Asedoth
534 935 664 1010 Phasge:
682 936 761 1010 quod
776 935 806 993 in
820 936 922 1012 lingua
942 954 993 994 no·
1048 937 1158 995 linibus
1172 935 1335 1008 hecelonis,
1352 939 1454 992 contro
1469 936 1611 992 orientem
1625 937 1708 1012 ejus:
1726 952 1789 1010 que
1803 935 1875 992 ceci-

168 1025 233 1088 stre
247 1027 375 1094 resonet,
391 1023 569 1081 abscissum.
1048 1027 1091 1084 dit
1106 1025 1136 1082 in
1147 1029 1255 1083 sortem
1266 1023 1361 1082 tribus
1371 1023 1387 1081 J
1392 1026 1459 1096 ude,
1472 1026 1557 1096 cujus
1568 1029 1597 1082 et
1608 1021 1760 1097 Scriptura
1769 1023 1874 1102 memi-

204 1110 337 1181 Aborim,
354 1128 439 1168 moos
455 1111 484 1169 in
496 1128 553 1185 quo
564 1117 698 1170 mortuus
709 1117 753 1171 est
762 1115 866 1172 Moses.
883 1113 994 1170 Dicitur
1048 1117 1091 1172 nit
1106 1117 1196 1188 (torre
1210 1131 1272 1184 xm,
1288 1113 1343 1186 l5),
1361 1113 1513 1187 appellens
1527 1115 1641 1172 samad
1655 1111 1873 1184 distinctionem

164 1205 266 1266 eutem
281 1204 310 1258 et
325 1217 411 1260 mons
436 1217 501 1258 esse
523 1201 636 1272 Nobeu,
654 1203 684 1259 in
699 1207 777 1260 terre
791 1203 876 1260 Moab
892 1206 994 1258 contra
1047 1202 1163 1278 veteris,
1179 1209 1254 1259 Aser
1268 1219 1383 1260 novem.
1759 1207 1762 1212 '

163 1288 284 1348 Jericho
313 1306 404 1363 supra
431 1289 592 1348 Jordanem
621 1290 652 1346 in
680 1289 837 1366 supercilio
867 1291 991 1366 Phnsge.
1083 1295 1211 1364 AErmon,
1229 1291 1486 1366 regiolluaeorunr,
1506 1307 1596 1364 quam
1624 1289 1752 1362 obtinuit
1772 1287 1873 1347 Jesos.

165 1377 399 1452 ostenditurque
423 1377 650 1436 ascendentibus
677 1379 712 1436 de
740 1379 857 1436 Liviede
883 1379 912 1435 in
941 1380 993 1436 Es·
1048 1382 1197 1456 (Hebrmns
1217 1397 1285 1437 vero
1308 1396 1366 1453 qno
1389 1378 1564 1454 protegente
1588 1377 1755 1453 Scripturas
1773 1375 1873 1452 didici,

164 1469 251 1541 bum,
280 1467 402 1541 antiquo
441 1465 585 1542 hodieque
621 1468 761 1527 vocabulo
794 1468 882 1540 juxte
910 1483 992 1524 mon·
1048 1471 1176 1527 affirmet
1213 1474 1344 1526 montem
1383 1469 1503 1525 AErmon
1543 1468 1669 1525 Paneadi
1709 1466 1874 1539 imminere,

165 1561 228 1618 tem
263 1555 389 1630 Phegor‚
428 1571 535 1614 nomen
568 1557 727 1630 pristinum
761 1557 947 1626 retinentem,
977 1573 994 1612 a
1047 1575 1136 1633 quem
1160 1559 1310 1632 qnondam
1333 1562 1453 1616 tenuere
1476 1555 1552 1614 evei
1575 1561 1604 1615 et
1629 1555 1812 1614 Amorrheci:
1839 1557 1876 1613 de

160 1663 227 1720 ¹quo
260 1645 335 1704 circe
372 1662 439 1704 enm
472 1645 552 1718 regio
589 1662 684 1718 nsque
721 1663 798 1703 nnnc
832 1644 994 1720 appelletur
1048 1665 1106 1722 quo
1130 1664 1209 1704 nunc
1234 1647 1338 1705 estivo
1363 1647 1445 1705 nives
1468 1647 1577 1720 'l'yrum
1601 1647 1638 1704 ob
1662 1643 1875 1704 deliciesdeie'-

163 1735 294 1808 Phasge.
1047 1737 1177 1810 rentur.)

204 1821 363 1891 Avothiair,
403 1823 481 1896 qnod
519 1823 730 1897 interpretetur
767 1820 895 1886 ἐπαύλεις
925 1818 1005 1898 lcip,'
1085 1824 1200 1897 theles,
1223 1841 1309 1882 mons
1327 1839 1416 1897 qoem
1440 1823 1545 1898 Aquila
1569 1819 1877 1898 interpretetur,dlvi·

157 1913 292 1978 ,neree
315 1916 418 1980 Busan,
450 1912 479 1969 in
509 1929 567 1986 qne
596 1917 666 1970 suut
690 1913 746 1970 vici
774 1912 993 1988 (sexaginta)in
1048 1915 1166 1971 dentem
1195 1918 1352 1971 montem:
1380 1917 1409 1970 et
1436 1912 1641 1986 Symmachus,
1671 1913 1750 1970 m
1777 1911 1876 1975 leuem

157 2005 269 2064 ‚monte
284 1999 403 2071 Galead,
420 2001 471 2073 qui
495 2001 665 2059 ceciderunt
684 2000 714 2057 in
740 2005 848 2059 sortem
865 2001 994 2058 dimidio
1049 2009 1188 2075 montem,
1204 2003 1303 2074 idest,
1319 2003 1477 2076 limpidum
1493 2002 1554 2059 sive
1574 2001 1734 2059 lubricum.

165 2089 266 2146 tribus
279 2089 432 2147 llenasse:
450 2089 498 2161 qui
514 2091 597 2148 loeus
612 2107 690 2148 nunc
702 2095 822 2148 vocetur
834 2090 947 2158 Gelam,
964 2091 994 2145 in
1084 2095 1221 2165 hermon,
1255 2108 1341 2149 mous
1372 2091 1617 2162 Amorrhaeorum,
1647 2091 1683 2148 de
1711 2105 1772 2163 quo
1799 2103 1879 2152 nunu

165 2181 249 2236 terre
262 2178 406 2236 Butoucea.
1050 2179 1241 2238 dictumest:
1263 2195 1351 2252 quem
1379 2177 1532 2236 Phoenices
1543 2181 1674 2249 -uocsrc,
1703 2178 1829 2249 emtus
1845 2179 1875 2234 et

1050 2268 1237 2326 Amorrhaeos
1257 2265 1422 2342 appellauit,
1437 2267 1518 2324 contr
1528 2283 1535 2322 ι
1545 2265 1713 2338 diciturque
1726 2263 1879 2333 incertius

440 2365 487 2424 uu
507 2365 615 2424 LIBRO
633 2365 728 2424 tuso.
1051 2359 1117 2431 ejus
1136 2357 1254 2432 insigne
1275 2356 1450 2430 templuml,
1474 2355 1553 2428 quod
1576 2354 1616 2418 ,ab
1646 2351 1879 2418 ethnicismum

1052 2447 1177 2504 hebetur
1191 2463 1206 2504 e
1222 2446 1340 2519 regione
1354 2443 1498 2501 Ponendis
1512 2447 1541 2499 et
1560 2441 1662 2503 Libani
1673 2458 1680 2499 ι
1693 2440 1746 2501 sod
1760 2443 1789 2500 et
1800 2444 1880 2505 terra

151 2603 159 2614 Δ
208 2533 414 2594 Antilibanus:
432 2552 465 2594 ee
494 2551 558 2609 que
582 2539 652 2592 sunt
676 2551 766 2609 supro
791 2533 946 2605 Libanum,
961 2534 997 2591 ad
1053 2535 1181 2592 liliorum
1196 2535 1285 2593 lsrael
1299 2539 1382 2592 trans
1408 2533 1567 2593 lordonum
1596 2529 1881 2598 ub,eolieortum'e

168 2623 345 2681 orientalem
360 2621 497 2698 plagem¹
517 2623 715 2698 respicientis,
742 2623 931 2681 Antilibanus
947 2641 999 2698 ep·
1053 2628 1201 2698 prerupto
1214 2625 1342 2682 Arnonis
1356 2637 1450 2696 usque
1472 2621 1509 2679 ad
1536 2625 1667 2682 montem
1687 2621 1878 2688 termenan-

167 2712 332 2788 pellantnr,
347 2711 425 2770 circo
439 2714 589 2787 regionem
606 2713 689 2769 urbis
708 2712 855 2782 Damasci,
872 2731 936 2786 quse
952 2729 998 2769 ee·
1052 2713 1194 2772 tenditur.

144 2871 155 2882 ,
169 2801 247 2861 cidit
259 2803 291 2858 iu
306 2806 415 2859 sortem
429 2803 526 2860 trihus
537 2805 684 2860 Monesse
1095 2804 1185 2876 teob,
1202 2803 1303 2862 eivites
1331 2815 1421 2874 qoam
1449 2800 1627 2875 expugnavit
1642 2799 1752 2871 ,lesus
1771 2801 1813 2864 et
1831 2801 1881 2868 est

208 2890 998 2963 Azece,civitasChananaeoruminpertetribusludee,
1054 2908 1149 2965 usque
1177 2892 1263 2949 bodie
1296 2891 1365 2948 ville
1398 2890 1485 2962 juxte
1523 2887 1695 2962 Diospolin,
1726 2886 1813 2960 quusi
1839 2885 1879 2953 ,in

167 2981 209 3040 ad
225 2981 999 3055 quamusquepersecutosmestieensquinque
1055 2985 1158 3055 quarto
1188 2979 1326 3037 milliario
1355 2979 1391 3036 ad
1422 2977 1595 3036 orientalem
1621 2975 1785 3051 etegent,
1802 2991 1880 3048 ‚gum

167 3085 266 3144 reges.
295 3070 352 3128 Sed
382 3075 410 3128 et
437 3071 524 3128 hodie
552 3074 673 3128 vocatur
700 3069 768 3127 ville
792 3072 893 3139 hecco,
923 3069 1001 3127 inter
1054 3074 1174 3129 vocetur
1195 3069 1413 3127 Bethoannebo.
1439 3066 1585 3140 (Plerique
1609 3070 1707 3128 eutem
1731 3064 1881 3134 &firment

145 3157 420 3244 ,meurnsropoum
435 3165 464 3217 e
477 3159 591 3216 ereum.
1013 3137 1036 3205 G
1053 3159 1085 3216 in
1100 3159 1292 3220 octavorum
1303 3156 1550 3229 milliariositsm,
1563 3158 1593 3214 er
1604 3152 1746 3229 superse
1757 3142 1881 3220 mtur-

206 3247 321 3317 Aialon,
350 3247 422 3306 velis
450 3254 538 3322 etque
565 3252 760 3323 preruptam,
789 3265 879 3322 super
907 3249 996 3322 quod,
1052 3249 1183 3322 nehem.)

152 3341 276 3398 orante
295 3338 442 3412 quendem
471 3337 553 3410 iesu,
583 3337 656 3396 luna
683 3337 765 3394 stetit
787 3337 872 3410 juxta
900 3335 997 3393 villam
1088 3339 1194 3410 hsdod,
1213 3339 1244 3395 in
1259 3342 1337 3394 sorte
1353 3336 1449 3394 trihus
1467 3337 1560 3408 ludo,
1576 3351 1648 3410 quc·
1663 3349 1744 3399 nuno
1759 3334 1881 3393 secetur
1909 3338 1914 3347 '

170 3443 237 3502 qun
256 3442 361 3500 usque
390 3423 468 3484 nunc
496 3425 582 3484 Ailon
621 3427 739 3496 dicitur,
769 3430 871 3484 contre
904 3425 1000 3482 orien-
1053 3431 1180 3486 Azotos:
1200 3427 1231 3483 in
1245 3443 1306 3499 qus
1318 3425 1448 3483 derelicti
1462 3429 1534 3484 sunt
1547 3425 1691 3498 gigantes,
1709 3423 1760 3496 qui
1781 3419 1880 3499 appel·

170 3520 235 3574 tem
248 3515 385 3584 bethelis,
402 3515 498 3573 tribus
513 3517 550 3573 ad
574 3531 608 3573 ea
631 3514 765 3572 millibus
780 3515 904 3587 distans,
921 3513 999 3571 houd
1053 3517 1191 3576 labentur
1207 3514 1336 3586 linacim,
1354 3519 1383 3570 et
1397 3518 1443 3570 eet
1457 3529 1550 3586 nsque
1564 3511 1651 3570 hodie
1666 3511 1782 3586 insigne
1796 3507 1881 3584 oppi-

174 3601 278 3678 procul
295 3605 423 3662 sGabne
446 3610 477 3662 et
500 3603 593 3661 Reme
616 3603 714 3662 Saulis
739 3602 874 3660 urbibus.
900 3601 1000 3676 (Porro
1054 3607 1127 3664 dum
1138 3603 1307 3672 Palestino.

176 3687 291 3747 Hebraei
304 3691 451 3750 ailirmant
464 3691 578 3760 Aialon,
594 3690 691 3748 vicum
703 3691 860 3762 essejunta
874 3689 1000 3762 Nicopo·
1091 3695 1175 3764 ider,
1199 3692 1270 3750 urbs
1284 3707 1374 3763 quem
1400 3687 1578 3763 expugnavit
1602 3687 1689 3745 lesus
1705 3699 1783 3760 ,rege
1797 3683 1880 3744 illius

173 3773 229 3836 lim
244 3779 273 3836 in
288 3780 416 3838 seeundo
431 3779 540 3853 lepide,
556 3779 748 3854 pergentibus
766 3779 894 3851 AEliem.)
1055 3782 1219 3840 interiecto.

209 3867 306 3926 Achor
331 3867 486 3940 (Hebraice
524 3867 633 3926 dicitur
659 3867 816 3926 emecachor
843 3877 977 3960 iiuupm')
993 3887 1000 3926 ε
1090 3870 1199 3944 Aphec,
1216 3869 1319 3926 etheo
1334 3867 1506 3938 civitasest,
1522 3879 1613 3938 quam
1627 3878 1696 3938 rege
1710 3860 1877 3938 ipsiustru·

170 3959 302 4032 eoquod
317 3959 359 4016 ibi
373 3958 573 4016 tumultuatos
588 3961 616 4014 et
631 3957 767 4014 turbatus
783 3957 822 4015 sit
842 3957 953 4031 lsrael),
971 3959 1002 4014 in
1057 3961 1163 4031 cidsto,
1180 3958 1357 4034 expugnavit
1370 3957 1471 4016 iesus.

171 4063 234 4122 qna
246 4047 451 4122 lapidaverunt
460 4047 609 4121 quendem
620 4047 721 4104 Achao
729 4049 750 4116 ¹,
762 4049 881 4120 propter
891 4045 1001 4103 furtum
1092 4047 1219 4122 Aesaph,
1240 4052 1269 4104 et
1282 4049 1384 4104 contra
1398 4044 1489 4118 hujus
1515 4057 1613 4116 regem
1633 4043 1720 4099 iesus
1735 4053 1883 4120 pugnasse

171 4136 382 4196 anathematis.
405 4137 455 4193 list
479 4141 578 4194 autem
604 4137 640 4193 ed
667 4134 898 4210 septentrionem
927 4135 1001 4192 leri·
1056 4137 1252 4196 describitur:
1267 4134 1490 4209 appelleturque
1510 4130 1597 4189 hodie
1611 4129 1714 4190 villula
1728 4126 1881 4198 chasalus,

171 4227 268 4286 obus:
284 4229 423 4299 eiusque
445 4226 533 4282 hodie
548 4243 566 4282 n
579 4225 708 4299 regionis
732 4223 811 4282 illius
836 4225 944 4282 accolis
960 4226 1002 4282 sic
1056 4227 1086 4285 in
1110 4230 1211 4284 octavo
1237 4225 1334 4300 lepide
1358 4223 1552 4294 Diocaesarea,
1575 4219 1611 4276 od
1627 4219 1755 4277 radicem
1772 4217 1881 4286 montis

172 4313 359 4373 nominetur.
389 4315 524 4372 Meminit
551 4314 642 4388 huius
669 4313 742 4370 Osee
769 4313 912 4387 propheta
926 4314 1004 4387 (Osee
1057 4316 1184 4387 Thabor,
1201 4315 1231 4370 in
1247 4311 1473 4386 campestribus.

160 4421 210 4477 ‘aru
225 4403 283 4477 65).
1094 4407 1230 4475 teceron,
1252 4403 1283 4458 in
1297 4400 1377 4458 tribu
1391 4401 1455 4458 Dsn
1469 4398 1543 4471 (sive
1556 4401 1591 4456 ut
1612 4411 1666 4472 ego
1681 4394 1837 4466 mutuom,
1852 4391 1883 4450 in

1012 4502 1038 4570 D

201 4583 222 4658 ,¹
237 4581 279 4640 lc
303 4583 466 4642 cmeutclem
485 4584 610 4656 plepem,
638 4585 693 4638 ete.
720 4580 798 4639 colb.
823 4597 880 4638 ms.
910 4584 1001 4639 codex
1090 4582 1236 4640 ‘Minime
1263 4597 1329 4638 vero
1356 4578 1447 4636 tredit
1474 4576 1618 4634 ltusebius
1644 4573 1716 4660 lepis
1745 4571 1882 4666 lqmptupr

174 4653 829 4792 elmitiltltttlltlttlttltl·
850 4655 891 4710 u
912 4654 999 4712 erm
1055 4642 1882 4791 llilluititttttctttttttuttt‘liti

149 4793 154 4800 '
209 4741 307 4854 ¹²¹1iiim
325 4797 423 4863 riclror,
439 4769 645 4870 sequentihus
660 4766 763 4863 Actae,
780 4796 1002 4870 utllieronymo
1077 4747 1195 4854 eperat’
1211 4795 1318 4865 l'ebule,
1348 4793 1419 4866 qood
1447 4792 1540 4862 ccccli
1566 4791 1784 4862 concupiscentes
1807 4783 1882 4854 filios

202 4862 285 4940 tecet,
301 4868 353 4924 sed
368 4869 468 4937 Actor,
484 4871 517 4924 ut
540 4867 630 4925 Graeci
655 4867 812 4940 Scriptores
828 4867 953 4936 codices,
970 4884 1016 4924 oc·
1057 4815 1213 4934 bominum,
1228 4881 1289 4922 cum
1304 4865 1337 4921 cle
1360 4865 1425 4920 ceto
1449 4862 1654 4944 dccccsdcrcct,
1669 4861 1700 4915 ic
1714 4859 1786 4938 tuce
1799 4869 1880 4937 mqu-

190 5011 196 5021 .
219 4937 274 4996 tini
288 4939 410 5066 passim,
427 4944 456 4996 et
475 4955 577 5022 omnes
600 4937 734 4996 omnium
759 4936 926 5038 linguarum
941 4939 1002 5021 edi·
1058 4943 1111 5025 tcru
1126 4939 1248 4996 musicae
1262 4937 1399 5016 excelsum
1428 4937 1616 4990 convenerant.
1645 4925 1883 5008 nobilitanus

174 5015 273 5068 bones
310 5011 407 5078 abent,
436 5011 485 5068 lor
511 5008 560 5066 rlle
587 5008 770 5083 apelletur,
799 5023 893 5080 neque
920 5007 1004 5068 aliter
1057 5029 1086 5068 ιιι
1103 5010 1150 5067 Ps.
1167 5025 1270 5080 oneri,
1287 5019 1373 5080 quem
1394 5002 1524 5060 consule.
1551 5003 1607 5060 Sed
1630 4999 1884 5084 etenbeequentre

174 5079 327 5142 constabit
341 5081 456 5166 allusio,
473 5081 581 5164 quein
597 5027 716 5139 liebraeo
732 5079 775 5146 et,
788 5078 879 5136 iosus
893 5097 942 5208 vol
955 5083 1001 5164 253.
1059 5100 1112 5165 suo
1128 5081 1225 5163 potius
1240 5095 1339 5150 sensu,
1365 5091 1454 5150 quam
1478 5075 1515 5131 ah
1539 5073 1664 5132 llusebro
1685 5073 1881 5144 Hieronymus

170 5151 450 5299 titutittt
465 5151 1006 5296 ,teltthtlcltlletti
1059 5155 1336 5308 utilitum
1347 5215 1569 5343 pragatuli
1594 5231 1650 5272 ms.
1673 5214 1764 5272 ese
1778 5227 1881 5296 eone.

154 5311 382 5424 Ιω’ωΙξΙῐιὶὶειιιιι
397 5371 491 5424 ccccct
519 5366 625 5422 Senior.
652 5365 695 5422 lta
719 5379 736 5418 o
759 5362 797 5418 ud
820 5365 891 5420 Lxx
918 5364 1003 5421 Dent.
1060 5289 1587 5434 gdgdlcrffligrlrsstcgdrzolffirffipe
1601 5285 1730 5344 Rhome
1752 5281 1885 5357 lemma

149 5435 162 5514 ζ
177 5455 213 5498 ιιι
238 5439 268 5496 9.
285 5439 318 5496 ln
334 5437 454 5494 hebreo
469 5410 573 5519 afilem¹
583 5441 610 5492 et
623 5435 690 5492 aliis
701 5380 1006 5520 Orientaliom'sditio-
1095 5439 1106 5471 ⁶
1121 5435 1260 5491 Primitne
1274 5432 1356 5517 lude
1382 5429 1482 5512 tribui,
1498 5429 1556 5486 essi
1580 5433 1648 5486 nete
1661 5429 1750 5486 Joeue
1765 5443 1812 5497 xv,
1827 5425 1883 5492 t5;

181 5484 271 5638 §lazitus
303 5525 356 5583 pro
380 5511 491 5640 Sunia,
517 5508 544 5566 le
567 5523 643 5564 lmus
676 5505 1007 5600 qiiuScrrcmettuu
1060 5507 1250 5581 postmodum
1265 5502 1534 5572 Dautrcotrrbuto,
1553 5445 1776 5572 formensela.

237 5597 265 5640 rr
278 5595 447 5654 eoumquen
478 5597 501 5640 r.
590 5595 668 5636 rme.
