4064 6158
176 275 233 342 2⁰5
562 277 614 343 DD
634 273 846 344 anennual
865 273 1123 344 vlautalrt'lu
1143 275 1180 340 D.
1204 275 1342 342 MARIAE
1361 275 1490 342 Lllllllt.
1817 275 1877 346 ΕΜ

177 426 277 468 minus
291 411 463 470 absentem:
479 417 531 470 ant
555 413 676 472 atteram
701 429 765 471 esse
788 413 922 484 Mariam,
945 423 996 470 ne·
1011 415 1039 480 Α
1052 413 1190 470 columna
1202 410 1368 483 easeldotot.
1386 429 1418 480 n,
1431 413 1471 481 9).
1502 411 1544 471 Ne
1565 415 1664 470 autem
1688 412 1768 472 bone
1789 417 1878 488 putes

175 496 765 575 seioquam,conttnga1nus:presertim
782 519 850 558 oum
866 507 997 576 Evange-
1051 502 1194 558 iacobum
1211 501 1305 557 filium
1320 501 1460 571 Zebedaei,
1477 499 1643 574 legebatus
1663 502 1876 576 apostolorum.

173 587 245 644 lium
258 588 382 646 loannis
406 595 531 648 testetur
541 594 712 664 presentem
728 607 792 648 eam
814 591 874 647 illic
893 591 994 648 luisse.
1051 589 1117 645 iam
1131 589 1167 645 ab
1183 590 1295 646 Herode
1311 589 1408 647 luerat
1421 588 1626 662 interemptus.
1640 589 1741 648 Restat
1755 591 1876 649 oonolu·

171 679 286 750 qnando
302 676 385 734 illam
401 679 436 736 de
452 696 539 737 oruoe
554 680 698 738 Dominus
710 681 774 752 jam
790 681 911 739 viduam
927 680 946 748 ¹,
965 683 997 736 ut
1051 677 1105 744 sio,
1128 681 1160 732 at
1180 677 1272 734 Maria
1296 677 1352 734 ista
1375 695 1439 752 quoa
1462 677 1565 734 iacobi
1590 676 1712 736 minoris
1736 679 1876 738 seribitur

173 770 294 823 matrem
306 766 413 823 loanni
428 769 663 826 commendabat.
678 771 737 825 Aut
748 770 893 842 numquid
908 785 994 826 evan·
1051 770 1154 831 mater,
1171 766 1258 823 luerit
1274 782 1347 823 uxor
1360 765 1485 839 Alphei,
1501 771 1530 824 et
1552 782 1635 824 soror
1658 767 1755 824 Maria
1770 767 1874 826 metris

173 854 520 928 gelistaetlallunturet
543 855 661 924 fallunt,
679 863 711 914 ut
737 873 840 914 eorum
872 857 994 914 Mariam
1049 854 1176 925 Domini,
1191 871 1281 928 quam
1299 855 1420 911 Mariam
1436 853 1569 929 Cleopbe
1596 856 1727 914 ioannes
1750 871 1873 930 evange·

172 949 292 1000 matrem
307 943 451 1015 dicerent,
466 963 541 1020 quos
556 947 649 1003 Judeei
665 946 770 1003 iratres
785 947 855 1002 Jesu
871 962 935 1002 esse
950 946 994 1002 di·
1049 943 1119 1000 lisia
1137 944 1335 1018 cognominat,
1352 944 1413 1000 sive
1429 943 1611 1017 epatre,sive
1618 944 1782 1019 gentilitate
1790 939 1875 1004 tami·

168 1033 293 1089 xerunt?
310 1056 324 1083 a
1048 1031 1093 1088 lias
1109 1037 1161 1090 aut
1175 1049 1353 1106 quacunque
1367 1033 1426 1089 alia
1440 1050 1529 1090 causa
1545 1033 1570 1090 ei
1586 1051 1693 1092 nomen
1705 1035 1872 1108 imponens.

199 1123 244 1178 13.
263 1121 286 1178 0
301 1123 385 1180 furor
397 1139 503 1194 osseus,
518 1129 548 1182 et
562 1125 592 1180 in
607 1124 759 1197 proprium
775 1124 897 1180 exitium
910 1140 994 1180 mena
1048 1122 1077 1178 Si
1094 1123 1148 1194 [At.
1165 1121 1226 1194 Sin]
1242 1127 1340 1179 autem
1357 1122 1424 1178 inde
1438 1120 1491 1178 tibi
1506 1121 1563 1179 alia
1578 1127 1666 1196 atque
1680 1121 1872 1194 elinvidetur,

165 1211 296 1267 sesana!
320 1211 400 1268 Dinis
422 1213 459 1269 ed
483 1228 600 1269 erucem
624 1212 740 1270 Domini
775 1217 900 1269 matrem
929 1214 993 1285 ejus
1047 1210 1212 1283 quodolibi
1233 1210 1465 1268 dicaturzltorio
1491 1213 1586 1268 iacobi
1612 1213 1731 1269 minora
1756 1217 1871 1270 mater:

169 1299 258 1356 luisse
269 1304 457 1372 presentem,
473 1301 545 1358 diois
560 1301 681 1358 loannis
696 1301 840 1374 discipulo
855 1302 892 1358 ob
902 1301 993 1358 vidui-
1047 1305 1076 1356 et
1090 1299 1138 1357 hio
1161 1302 1254 1358 Dorio
1283 1299 1409 1373 Cleophae
1425 1301 1489 1368 [At.
1513 1299 1648 1373 cleophe]
1664 1319 1670 1357 :
1688 1301 1768 1358 disee
1792 1293 1870 1360 Seri-

168 1391 256 1444 tatem
270 1394 298 1445 et
314 1388 501 1446 solitulidem
525 1390 782 1446 commendatam:
801 1391 886 1463 quasi
908 1391 993 1462 juxta
1048 1389 1401 1464 pturmconauetudinem,
1414 1390 1549 1445 eumdem
1571 1388 1723 1446 hominem
1748 1389 1872 1449 diversis

168 1480 193 1531 ta
216 1493 276 1533 non
301 1476 424 1534 baberet
451 1481 578 1551 quotuor
602 1478 689 1535 fiilios
717 1479 739 1546 ',
768 1482 797 1535 et
821 1478 992 1536 innumeras
1047 1475 1217 1534 nominibus
1233 1477 1408 1551 nuncupari.
1424 1478 1527 1549 Ropaet
1541 1494 1623 1534 socer
1641 1477 1745 1551 Moysi,
1770 1483 1799 1536 et
1822 1482 1870 1536 Je·

163 1564 251 1634 filias,
268 1581 397 1638 quarum
413 1566 561 1623 consortio
583 1566 754 1624 frueretur?
769 1567 896 1623 Viduam
922 1585 992 1640 quo·
1046 1565 1107 1622 ibro
1122 1567 1239 1624 dicitur.
1269 1565 1384 1636 Gedeon,
1399 1565 1496 1643 nullis·
1518 1566 1616 1624 causis
1643 1566 1791 1624 immutati
1818 1584 1871 1625 no·

159 1671 214 1727 que
236 1654 390 1722 nominas,
417 1655 497 1728 quod
524 1655 679 1728 Scriptura
706 1672 765 1713 non
795 1655 936 1728 loquitur.
958 1657 992 1713 ut
1047 1656 1136 1713 minis
1150 1661 1217 1712 anta
1231 1655 1403 1729 premissis,
1419 1654 1517 1711 subito
1531 1653 1872 1728 tavanellagitaruntas

159 1758 228 1800 cum
246 1744 350 1800 omnia
364 1742 612 1818 evangelistarum
629 1745 761 1819 exempla
773 1761 931 1818 proponas,
946 1762 992 1802 eo·
1046 1760 1095 1800 rex
1117 1744 1202 1813 tuda,
1218 1743 1348 1800 vioissim
1363 1745 1477 1800 laertes
1495 1747 1625 1801 veoatnr.
1648 1743 1733 1800 Mons
1755 1743 1870 1813 Thabor,

157 1830 213 1888 lius
246 1831 304 1887 tibi
322 1831 549 1890 Josnnisverbe
563 1850 621 1890 non
637 1834 763 1907 placent.
781 1834 860 1890 Diels
881 1834 988 1890 transi·
1045 1831 1203 1904 itabyrium
1217 1831 1334 1890 dieitur.
1351 1833 1481 1889 Rursum
1497 1837 1631 1890 Heraeam
1645 1832 1797 1891 Pbcenioea
1822 1849 1869 1892 oo·

156 1920 243 1988 toria,
259 1921 298 1975 ad
315 1937 432 1977 erucem
456 1920 574 1978 Domini
598 1939 663 1978 eam
688 1922 780 1979 luisse
804 1927 989 1996 presentem,
1044 1920 1218 1993 gnominant
1232 1920 1342 1991 Senior,
1358 1927 1388 1979 et
1401 1925 1569 1978 Amorrens
1592 1919 1780 1995 cognominat
1801 1938 1869 1980 eum

157 2027 192 2066 ne
216 2009 356 2066 eonsntto
381 2008 555 2082 praeteriisse
582 2010 729 2068 videaris:
745 2016 775 2068 et
797 2016 897 2068 temen
925 2027 989 2084 quae
1042 2011 1140 2078 Saair,
1156 2010 1261 2066 Dadem
1283 2009 1346 2068 coeli
1376 2010 1464 2084 plaga
1491 2010 1587 2068 tribus
1616 2011 1786 2072 nominibus
1814 2028 1870 2086 ap·

161 2113 228 2153 eum
245 2097 296 2154 illa
315 2097 453 2154 mulieres
480 2098 599 2169 fuerint,
625 2099 705 2156 siles.
728 2101 912 2173 Ignosoerem
936 2115 989 2155 ne·
1044 2098 1179 2171 pellatur,
1204 2099 1305 2172 Napeb,
1335 2101 1462 2170 Thomna,
1492 2101 1603 2169 Darem,
1635 2100 1698 2174 lege
1726 2099 1868 2158 llzeebial.

160 2185 276 2255 scienti,
293 2185 352 2242 nisi
378 2185 507 2242 viderem
534 2185 668 2244 oonsulto
691 2188 873 2245 retinentem.
899 2188 989 2256 Audi,
1045 2188 1151 2254 Petras,
1167 2191 1195 2244 et
1207 2187 1304 2244 Simon
1318 2187 1437 2260 dieitur,
1452 2191 1481 2245 et
1505 2187 1618 2261 Coptos.
1642 2187 1736 2246 Judes
1758 2191 1868 2260 aetates,

157 2273 269 2348 itaque,
290 2275 423 2331 loannes
447 2275 517 2348 quid
542 2276 640 2333 dieat:
656 2275 773 2332 Stabant
794 2281 886 2333 autem
906 2278 990 2348 juxto
1043 2276 1074 2332 in
1087 2275 1144 2332 alio
1166 2275 1321 2349 Evangelio
1344 2277 1424 2333 22⁰
1449 2275 1597 2333 Tbaddaeas
1622 2263 1744 2334 dieitur:
1761 2277 1869 2334 multa·

154 2379 264 2420 oseem
279 2365 448 2421 saumata
461 2364 530 2436 ejas,
545 2368 573 2422 et
590 2380 671 2421 soror
692 2367 792 2422 matria
814 2367 873 2439 ejas
898 2367 990 2424 llario
1044 2380 1100 2437 que
1116 2363 1301 2436 aliaquaead
1317 2363 1482 2436 exemplum
1498 2363 1605 2421 herum
1630 2363 1778 2437 pertinent
1802 2365 1868 2438 ipae

156 2452 294 2526 Cieopbae,
312 2459 339 2510 et
352 2452 442 2508 llario
456 2453 619 2522 llapdnieee
635 2454 725 2526 (loon.
741 2471 799 2522 xix,
828 2455 885 2528 25).
910 2453 989 2511 Nulli
1043 2453 1099 2510 eibi
1116 2453 1152 2508 de
1174 2453 1312 2510 omnibus
1336 2452 1499 2526 seripturis
1515 2451 1605 2509 lector
1626 2452 1731 2526 poterit
1745 2464 1867 2529 congre·

157 2541 282 2597 dubium
299 2545 355 2609 eet,
381 2542 458 2598 m
488 2541 563 2599 duos
591 2542 684 2600 luisse
712 2541 861 2616 apostolos
888 2543 989 2600 Jaoobi
1042 2556 1122 2614 gare.

162 2629 307 2686 vocabulo
321 2633 522 2702 nuncupatos,
537 2629 680 2687 tanobum
694 2631 836 2700 Zebedaei,
852 2636 881 2688 et
901 2631 989 2688 Jaoo-
1078 2629 1208 2686 launna
1219 2629 1292 2686 illud
1303 2632 1348 2686 est
1359 2630 1437 2702 quod
1449 2633 1869 2706 oenamnrostendere,quem·

158 2719 232 2776 bum
251 2716 989 2792 Alpbaei.Istum,nescioquem'minoremtaoo·
1043 2718 1203 2776 admodum
1219 2719 1324 2778 fratrea
1338 2719 1454 2776 Domini
1471 2718 1656 2793 appellentur
1679 2720 1733 2777 filii
1757 2725 1868 2778 mater·
1963 2755 1966 2762 ·

154 2807 335 2880 bum,quem
351 2807 451 2865 Maria
466 2807 628 2878 illium,neo
639 2809 737 2864 tamen
755 2809 857 2864 matria
871 2807 988 2866 Domini
1042 2811 1111 2863 term
1126 2808 1201 2880 ejus,
1217 2806 1325 2875 Maria,
1342 2808 1393 2880 qui
1409 2811 1495 2865 anteo
1510 2825 1568 2865 non
1588 2808 1749 2878 eredentes,
1765 2813 1869 2883 postea

153 2895 311 2970 Scriptura
334 2901 558 2965 commemorat,
592 2895 758 2970 apostolum
782 2897 825 2953 vis
849 2913 924 2966 esse,
950 2913 988 2954 an
1043 2895 1330 2953 eredideruntbioet
1358 2897 1420 2955 lieri
1449 2897 1588 2970 potuerit,
1615 2901 1648 2952 ut
1680 2914 1738 2954 uno
1765 2897 1867 2956 statim

154 2985 237 3042 non?
252 2985 283 3042 si
299 2984 456 3058 apostolus
475 2989 530 3041 est.
544 2984 656 3058 Alphei
682 2985 761 3042 filius
784 2985 849 3053 erit,
875 2989 905 3042 et
926 3001 987 3042 are·
1043 2985 1188 3054 credente,
1204 2984 1253 3042 alii
1271 2984 1320 3041 dio
1336 2983 1479 3041 inereduli
1494 2983 1612 3054 luerint,
1627 2990 1657 3042 et
1674 2986 1751 3042 bano
1774 2985 1868 3045 fuisse

154 3073 205 3129 det
215 3073 246 3130 in
261 3075 388 3141 lesum;
406 3078 434 3130 et
460 3089 517 3130 non
542 3073 598 3130 erit
624 3074 660 3130 de
687 3071 747 3130 illis
772 3073 922 3142 fratribus,
952 3074 988 3130 de
1042 3077 1166 3130 matrem
1181 3073 1283 3130 Jaeobi
1298 3078 1328 3130 et
1341 3073 1459 3144 inseiis,
1476 3073 1575 3142 idest,
1592 3073 1714 3130 Mariam
1729 3073 1863 3148 cleophe

154 3162 267 3235 quibus
278 3163 428 3236 scriptum
443 3167 506 3220 est:
521 3164 613 3235 Neque
626 3164 702 3218 onim
716 3166 781 3218 tuae
803 3162 907 3236 {ratres
926 3147 1021 3234 eij
1041 3177 1160 3219 uxorem
1174 3161 1297 3235 Alphei,
1312 3165 1342 3218 et
1356 3161 1430 3218 bano
1439 3162 1548 3220 dietam
1563 3162 1685 3222 Mariam
1694 3162 1797 3221 dneobi
1808 3162 1862 3221 mi·

155 3251 312 3309 credebant
326 3253 358 3307 in
370 3267 443 3308 eum.
460 3251 490 3307 Si
514 3268 573 3308 non
600 3255 646 3308 est
667 3249 828 3324 apostolus,
854 3252 905 3308 sed
929 3256 987 3307 ter·
1043 3251 1133 3308 noris.
1150 3253 1217 3317 Qua
1234 3251 1258 3307 si
1273 3255 1352 3308 esset
1367 3255 1460 3308 mater
1478 3251 1606 3322 Domini,
1621 3252 1717 3326 magis
1730 3267 1807 3322 eam,
1832 3256 1866 3310 ut

156 3339 333 3398 tiusnesoio
360 3339 411 3412 qui
438 3339 568 3396 Jeeobus
594 3341 616 3408 ³,
651 3340 798 3412 quomodo
826 3343 872 3396 est
900 3339 990 3396 frater
1042 3339 1073 3395 in
1089 3340 1227 3396 omnibus
1240 3339 1323 3410 loeis,
1340 3344 1464 3398 matrem
1480 3341 1561 3398 illiue
1575 3339 1752 3415 appellasset
1766 3345 1796 3400 et
1807 3357 1866 3399 non

158 3429 278 3486 Domini
294 3429 458 3503 putandus,
475 3432 504 3485 et
527 3428 675 3501 quemodo
697 3430 802 3485 tertius
826 3427 862 3484 ad
885 3428 989 3485 distin·
1044 3426 1168 3484 oliorum
1184 3427 1308 3485 dicendo
1324 3433 1459 3499 matrem,
1477 3428 1597 3486 alterius
1618 3429 1759 3486 voluisset
1780 3427 1867 3487 intel-

160 3518 294 3573 atienem
308 3518 428 3590 majoris
443 3515 639 3590 appellabitur
654 3517 761 3588 minor,
776 3533 843 3573 eum
855 3519 950 3590 major
962 3521 992 3574 et
1044 3515 1105 3590 ligi.
1121 3515 1229 3573 Verum
1245 3516 1274 3572 in
1291 3516 1345 3573 heo
1361 3521 1443 3590 parte
1457 3517 1672 3576 contentiosum
1687 3518 1787 3575 mnam
1809 3533 1870 3576 noa

166 3604 280 3672 minor,
295 3621 354 3660 non
367 3607 439 3663 inter
453 3611 523 3675 tres,
539 3606 589 3663 sed
604 3605 682 3662 inter
693 3606 767 3662 duos
779 3604 893 3663 soleant
916 3623 991 3680 pre·
1046 3605 1141 3673 traho,
1158 3605 1215 3662 alia
1230 3605 1317 3662 luerit
1333 3605 1425 3662 Maria
1439 3605 1583 3679 Cleopba,
1598 3605 1656 3662 alia
1668 3605 1871 3665 liariainoobt

168 3693 244 3750 bere
270 3688 457 3765 distantiam
474 3700 503 3752 et
518 3696 608 3752 trater
630 3695 747 3752 Domini
764 3693 914 3769 apostolus
942 3695 993 3768 sit,
1046 3699 1074 3752 et
1088 3695 1208 3762 tenetis,
1234 3695 1395 3750 dummodo
1419 3697 1542 3761 constet,
1567 3709 1626 3750 non
1648 3695 1782 3752 eamdem
1808 3694 1872 3751 lla·

163 3781 260 3839 Paulo
274 3780 403 3840 dicente:
420 3784 523 3841 Deinde
531 3792 595 3857 post
618 3785 770 3841 eboreiam
792 3785 856 3841 oeni
883 3786 992 3843 teram·
1047 3783 1121 3841 riam
1137 3782 1238 3840 Jaoobi
1254 3787 1282 3840 et
1295 3783 1404 3841 donetis
1418 3799 1586 3856 essequam
1601 3785 1724 3840 matrem
1742 3781 1870 3840 Domini.

161 3872 500 3942 amnemamnem
513 3875 607 3930 mansi
621 3873 699 3946 opud
713 3874 793 3930 ittam
808 3872 993 3947 diebusqain·
1047 3871 1241 3942 Dtundoais,
1257 3871 1362 3928 tratres
1389 3871 1506 3928 Domini
1534 3871 1604 3928 dicti
1634 3875 1714 3940 sunt,
1736 3871 1788 3944 qui
1813 3885 1872 3929 non

163 3961 268 4020 socan
282 3963 376 4018 Alium
398 3970 489 4019 aaran
506 3963 690 4035 apostotorum
706 3961 764 4019 vidi
777 3964 925 4031 naeinam,
937 3965 995 4019 nisi
1047 3964 1131 4018 erant
1144 3960 1248 4017 tratres
1263 3959 1356 4017 ‘llam
1372 3975 1450 4016 nuno
1465 3960 1762 4032 doceberis,quatuor
1775 3960 1873 4018 modis

157 4051 429 4124 lasobemsrntrem
443 4053 556 4108 Domini
569 4049 670 4124 (Galat.
695 4067 716 4120 r,
742 4052 785 4120 18,
813 4051 882 4124 till?
905 4051 940 4108 ut
962 4051 993 4108 in
1047 4051 1078 4107 in
1093 4049 1251 4122 Soripturis
1277 4047 1385 4106 divinis
1409 4049 1513 4106 tratres
1537 4049 1606 4119 diei,
1631 4055 1747 4114 natura,
1770 4053 1868 4123 gente,

156 4140 267 4196 eadem
290 4137 425 4212 Epistola
440 4156 447 4194 ι
462 4141 496 4196 Et
518 4141 627 4210 ααααὶέα
652 4143 756 4210 qratia,
783 4156 843 4212 qaae
865 4139 929 4196 dato
953 4144 995 4198 eat
1048 4137 1232 4214 cognatione,
1248 4137 1364 4193 alleato.
1380 4136 1501 4206 Natura,
1524 4137 1612 4206 Esau,
1635 4136 1736 4207 Jacob,
1760 4137 1871 4194 duode-

155 4229 242 4297 miti,
256 4230 359 4286 Petram
373 4229 528 4286 stlembus
542 4231 569 4285 et
597 4229 726 4295 loannes,
753 4231 803 4300 pai
828 4228 995 4287 videbantur
1048 4228 1106 4284 eim
1119 4224 1292 4301 patriarche
1306 4225 1328 4293 ⁸,
1342 4225 1474 4282 Andreas
1500 4229 1529 4282 et
1554 4225 1669 4296 Petrus,
1691 4225 1819 4282 Jacobus
1839 4231 1870 4282 et

197 4390 206 4423 ¹
234 4388 309 4446 ilino
338 4391 466 4456 constat,
490 4388 588 4462 inquit
617 4388 775 4456 Victorius,
804 4405 838 4446 eo
865 4392 997 4462 tempore
1051 4387 1119 4445 thal
1143 4402 1207 4460 oap.
1226 4405 1232 4443 :
1251 4407 1265 4438 a
1292 4386 1441 4458 Homines,
1470 4385 1577 4458 inquit,
1605 4383 1772 4458 pravissimi
1795 4401 1874 4513 Fre·

157 4475 222 4587 quio
238 4460 379 4587 Οὴήαὶιὲα
396 4475 502 4587 presaga
516 4463 571 4528 est,
581 4459 691 4534 loseph
704 4461 801 4517 viram
817 4461 916 4518 Maria
931 4463 994 4534 J'am
1010 4519 1034 4586 D
1051 4463 1175 4590 Bumunt
1188 4457 1335 4587 opiniotnis
1350 4475 1410 4586 suta
1425 4457 1651 4587 ἱαααὶιαιααέὶειοὶαα],
1673 4456 1751 4585 αιιιῗά
1768 4471 1876 4586 ίῘαιαααα

156 4547 726 4662 uimgsfflffletaffieomrsssaste.Helvidius
752 4601 881 4676 losepho
910 4603 1001 4662 fuisso
1055 4546 1491 4685 Qbffilldtzalrilgssslrilul'uirszergl,
1516 4545 1877 4686 ἓιιαιιιεὲθρῗίξαζαᾶααξῗῇ

156 4679 300 4758 quatuor
323 4671 454 4758 lilibaet
475 4673 553 4730 filias
575 4673 758 4757 innumeras.
781 4673 817 4730 Et
840 4675 1001 4759 irraameraa
1055 4691 1089 4730 ex
1103 4673 1347 4757 ppioreconjugro
1363 4679 1502 4747 suseepti,
1523 4689 1676 4758 nunqnam
1693 4689 1724 4728 nu
1747 4675 1879 4756 tempore

155 4743 729 4876 *numeraratngzrnnaubgorgtgffilrerzueso,
776 4745 836 4872 {aa}
866 4763 1000 4874 ιὲιωαέἒα
1055 4743 1323 4872 ξαταθεὲιοξιὲιέααααι
1338 4745 1470 4818 apostolo
1484 4749 1662 4818 transcripta
1675 4745 1752 4802 esset
1765 4757 1795 4798 ια
1815 4757 1878 4798 ma·

157 4833 222 4948 ng
237 4888 334 4946 ldaro.
350 4903 393 4955 vr,
408 4889 436 4944 3.
462 4888 519 4946 Sed
536 4858 654 4944 variant'
674 4885 772 4969 reipsa
800 4857 910 4946 veteres
931 4861 999 4946 'tuni
1091 4857 1188 4970 tilido
1213 4854 1311 4959 ipsum
1337 4883 1548 4968 Hieronymum
1572 4885 1602 4941 in
1624 4883 1823 4968 Gemmantes.
1849 4883 1881 4970 in

157 4961 420 5018 cireanumerum
435 4963 500 5015 tum
523 4959 601 5016 eirea
624 4974 745 5014 nomina
767 4957 896 5016 filiarum
919 4959 1001 5019 Jose·
1056 4959 1163 5016 Isaram
1187 4973 1250 5030 cap.
1264 4973 1335 5014 nvn.
1350 4956 1442 5038 Delus
1464 4973 1543 5013 enim
1563 4971 1596 5012 aa
1618 4955 1739 5011 ranaldo
1759 4963 1880 5028 questro

156 5032 232 5108 pbi,
251 5032 286 5087 ln
302 5030 448 5088 Chronico
462 5029 608 5104 Hippolyti
624 5027 1002 5104 ThebaniaCnnisioediti,
1057 5034 1102 5088 est
1115 5031 1152 5114 de
1165 5027 1262 5112 tribua
1276 5027 1510 5109 Jaeebis,multia
1524 5031 1588 5109 tum
1602 5030 1813 5097 veterum,tum
1835 5043 1880 5085 re·

155 5103 376 5186 “amella
407 5100 473 5190 *ζῑοὺι
505 5101 578 5167 lapsa
608 5099 621 5149 ὁ
652 5101 752 5165 Ἰωσὴφ,
781 5102 823 5149 aet
854 5100 897 5150 δύο
929 5103 1002 5168 topa-
1056 5099 1623 5183 oenborumdraputatronrtussagitata..
1772 5171 1778 5182 ·
1861 5172 1868 5184 ο

154 5175 336 5300 ἱραααῖῐιὲὲ
363 5171 771 5307 τζῆςεαθὴΣΞλιῖἔὲςα-ήνθυξξεὲἓ
800 5170 1002 5306 ὶῖητέἷουψνὲιᾶ
1055 5175 1305 5302 πὶζθῖζὲαοαααειε,
1328 5169 1471 5226 nonnette
1496 5185 1587 5227 coasts
1610 5168 1881 5228 ammatoadaaoma·

153 5321 282 5386 ἀδελφοῦ
310 5322 442 5388 ααχαρῑου,
472 5319 527 5371 eto.
562 5315 663 5383 Quotor
695 5330 770 5370 enam
807 5311 879 5382 filios
907 5315 1002 5374 bobreit
1092 5317 1224 5373 ‘locum
1241 5313 1320 5369 hunc
1335 5327 1370 5368 ex
1390 5311 1566 5387 Hieronymo
1595 5312 1722 5370 renitens
1751 5312 1880 5372 isidorus

152 5385 323 5458 suspect
336 5387 405 5442 deas
427 5386 512 5469 filios.
536 5384 631 5469 Baiter
644 5392 671 5441 et
693 5384 829 5470 ldortltora
851 5401 887 5442 ex
914 5403 1003 5472 noers
1056 5385 1275 5472 Originumulib.
1293 5401 1332 5451 rx,
1348 5399 1412 5468 cap.
1429 5385 1527 5468 b‚duo
1543 5385 1644 5442 istbaea
1657 5384 1759 5468 uerbo,
1780 5383 1880 5468 dando·

152 5455 1003 5665 aa.{impulp,lpr.lrffi.tffiaeuapa
1056 5455 1489 5602 a..aaatatul:a
1502 5529 1723 5600 a...
1807 5453 1882 5516 Μ

152 5611 287 5664 nomam
310 5615 347 5660 us
386 5600 478 5660 orias
523 5613 625 5660 eume.
713 5639 719 5658 .
763 5599 913 5666 iariusin
957 5607 1002 5666 at·
