4064 6158
211 302 272 370 ιιι)
291 251 294 258 =
829 305 863 368 S.
884 302 1040 372 EUSEBlI
1058 299 1293 370 HlliilONYMl.
1828 305 1881 374 suti

211 439 375 510 Elprclapsi
388 433 593 495 scintillarum
617 453 653 493 ne
673 438 830 496 Montanus
855 444 884 495 et
908 439 1036 496 Novatus
1050 440 1076 506 Α
1090 441 1202 510 somnae,
1219 440 1341 494 homines
1360 439 1451 493 nalem
1469 435 1557 509 justos
1579 436 1589 472 ⁵
1612 435 1719 494 ten-tatio
1747 439 1883 497 tribulatio·

211 527 259 583 bic
278 528 402 594 rideant,
427 527 476 600 qui
499 527 679 582 contendunt
704 544 762 583 nou
790 544 875 600 posse
906 528 1037 584 renovari
1091 529 1246 598 nis(Eecli.
1272 544 1361 595 ιιιιιι,
1385 528 1425 600 c).
1450 527 1485 583 El
1509 526 1538 582 in
1568 524 1623 583 alio
1651 526 1709 583 locc
1740 527 1883 584 scribitur:

212 633 263 688 per
289 615 490 689 paenitentiam
524 631 574 672 ecs
603 615 653 688 qui
683 616 891 672 crucifixerunt
920 615 1038 671 sibimet
1092 618 1155 684 Fili,
1179 617 1306 672 accedens
1334 615 1369 670 ad
1391 617 1548 672 servitutem
1574 616 1632 683 Dei,
1664 630 1787 687 praepara
1810 617 1833 671 le
1856 616 1888 670 cd

212 702 318 761 lilium
332 703 393 770 Dei,
419 707 448 760 et
469 705 597 760 ostentui
622 702 808 761 habuerunt:
826 709 1038 777 consequenter
1093 706 1273 761 tentationem
1299 705 1379 774 (ibid.
1407 722 1439 773 11,
1464 706 1501 776 t).
1529 703 1654 760 Rursum
1677 703 1751 759 idem
1775 702 1889 758 lacobus

212 792 435 849 huncerrorem
451 791 546 860 solvit,
569 796 598 848 et
620 793 661 848 ait
677 810 684 848 :
702 793 869 866 confidimus
892 798 983 850 aulem
1006 794 1039 851 de
1091 793 1348 865 loquitur:Estote
1374 796 1491 866 factores
1518 793 1605 860 uerti,
1634 799 1659 847 et
1684 807 1738 850 aen
1765 790 1888 848 amena

212 882 298 950 coln,
322 881 503 948 dilectissimi,
526 883 642 938 meliora
664 890 690 938 el
714 885 851 942 uicinoria
874 883 968 953 saladi,
995 891 1038 938 tn·
1091 888 1207 940 lantum.
1223 881 1253 938 Si
1274 885 1334 954 qais
1357 883 1467 938 auditor
1489 886 1529 938 erl
1551 883 1561 918 ι
1580 881 1657 937 uerbi
1678 887 1703 936 et
1725 895 1779 934 noa
1804 879 1893 949 iacnt,

213 971 295 1026 mdsi
318 971 358 1026 ila
376 969 524 1042 loquimur.
554 970 612 1024 lton
641 972 715 1027 enim
743 973 861 1043 injustus
889 981 928 1027 est
957 973 1037 1040 Deus,
1092 971 1256 1027 interimitis
1271 971 1390 1038 estaira,
1408 973 1456 1044 qui
1479 969 1629 1025 considerat
1648 968 1751 1026 uultum
1774 969 1893 1024 natiuita-

214 1061 244 1114 ιιι
269 1058 446 1114 obliviscatur
469 1061 582 1130 ¹aperis
607 1060 700 1125 nestri,
730 1063 756 1115 el
785 1060 924 1130 dictionis,
955 1077 1037 1131 quum
1091 1061 1128 1114 lis
1153 1075 1213 1116 succ
1235 1062 1265 1114 in
1293 1058 1412 1130 speculo,
1443 1058 1628 1114 considerauit
1662 1055 1739 1126 illud,
1762 1062 1786 1112 et
1811 1057 1894 1110 statim

216 1145 336 1202 ostendis
351 1147 380 1200 in
400 1147 515 1202 nominc
537 1147 633 1218 ipsius,
656 1150 704 1220 qui
724 1150 903 1204 ministrastis
925 1152 1037 1216 sanclis,
1092 1149 1218 1204 recedens
1246 1149 1346 1204 attilas
1373 1155 1413 1204 cst
1440 1147 1528 1220 qualis
1557 1149 1593 1204 sit
1627 1145 1723 1218 (local.
1760 1160 1779 1214 1,
1795 1213 1797 1218 Ι
1815 1144 1847 1198 2³
1872 1150 1894 1198 el

216 1239 332 1292 clnune
353 1236 519 1290 ministralis
548 1235 639 1306 (ltebr.
667 1253 707 1300 vr,
736 1237 764 1303 9,
793 1237 849 1309 ιιι).
879 1238 914 1292 iit
941 1254 1039 1293 revera
1092 1239 1175 1310 seqq).
1191 1238 1311 1294 Frustra
1333 1235 1457 1304 monuit,
1482 1241 1515 1292 ul
1537 1235 1694 1307 jungerent
1720 1247 1803 1305 opera
1823 1230 1895 1297 iidci,

215 1324 336 1397 mandis
351 1323 498 1395 injustitia
512 1323 574 1392 Dei,
591 1323 617 1380 si
637 1328 752 1380 tanturn
777 1329 895 1398 peccata
910 1326 1038 1398 puniret,
1093 1325 1117 1381 si
1134 1331 1201 1398 post
1215 1325 1364 1397 baptisma
1379 1340 1498 1382 neccaro
1513 1341 1572 1381 non
1597 1325 1737 1396 poterant,
1759 1321 1809 1389 Qrci
1820 1323 1896 1375 lolam

216 1417 244 1483 et
264 1412 341 1468 bona
362 1427 450 1483 opera
474 1429 531 1468 non
556 1413 727 1484 susciperet.
756 1415 797 1468 lta
820 1415 933 1470 locutus
960 1431 1037 1481 sum,
1093 1414 1189 1486 teqem,
1207 1412 1303 1486 inquit
1316 1415 1465 1470 incantent
1479 1421 1505 1468 et
1515 1414 1667 1485 peccauerit
1689 1413 1719 1466 in
1739 1424 1799 1478 uno,
1817 1409 1898 1480 [aeliu

215 1501 313 1574 inquit
326 1500 495 1573 Apostolus,
511 1505 543 1556 ut
558 1502 779 1573 vosapeccstis
794 1503 984 1570 retraherem,
1010 1508 1040 1558 et
1092 1507 1131 1558 est
1159 1504 1284 1558 omnium
1313 1519 1378 1558 reas
1406 1502 1513 1575 (Jacob.
1548 1519 1579 1572 u,
1607 1501 1663 1572 10).
1696 1498 1747 1565 Qut
1775 1499 1897 1553 nostrum

218 1589 430 1661 desperationis
455 1593 533 1645 metu
555 1591 680 1646 faceram
716 1591 870 1646 cautiores.
896 1590 1038 1646 Ceterum
1094 1591 1204 1663 absque
1219 1591 1349 1664 pecata?
1369 1591 1508 1647 Conclusil
1531 1591 1601 1646 Deus
1626 1589 1718 1646 amnia
1737 1585 1897 1649 suideliela,

218 1678 330 1734 couildo
346 1677 382 1733 de
398 1677 490 1744 vobis,
507 1677 700 1746 dilectissimi,
713 1677 833 1734 meliora
847 1684 876 1735 et
899 1680 1041 1736 viciniora
1094 1687 1124 1736 ul
1138 1681 1263 1734 omnibus
1277 1681 1441 1735 misereatur
1464 1681 1552 1751 (hom.
1577 1695 1619 1744 xi,
1644 1679 1700 1745 32).
1722 1676 1814 1732 Petrus
1834 1689 1898 1744 quo

217 1766 316 1824 saluti.
333 1766 431 1838 Neque
447 1767 525 1822 enim
538 1767 660 1836 justitiae
676 1767 724 1822 Dei
741 1771 795 1835 cst,
809 1767 1040 1824 utoblitiscatur
1095 1786 1151 1841 que
1166 1769 1201 1839 (ll
1216 1775 1288 1824 Pelr.
1305 1786 1334 1836 ιι,
1350 1769 1389 1840 9),
1405 1769 1494 1834 Νουιι,
1516 1767 1624 1840 iuquit,
1649 1765 1772 1821 Dominus
1795 1764 1849 1835 pias
1869 1761 1901 1816 de

217 1856 362 1912 bonorum
373 1859 536 1926 operum,et
548 1854 702 1910 ministerii
714 1857 790 1926 quod
805 1861 1037 1928 proptcrnoman
1094 1859 1242 1914 tentatione
1255 1859 1362 1928 eripere
1377 1856 1432 1928 (Al.
1449 1857 1555 1928 maere)
1577 1856 1611 1911 ut
1627 1856 1662 1911 dc
1683 1851 1762 1910 islsis
1785 1849 1899 1906 doctori-

217 1945 283 2016 ajus
297 1941 472 2000 exhibuistis
487 1948 516 1999 et
529 1943 672 1999 exhibetis
683 1944 711 1999 in
729 1951 857 2010 sanctos,
879 1949 906 2000 et
922 1951 1038 2001 tantum
1093 1946 1148 2001 bus
1165 1947 1218 2001 :tti
1230 1954 1295 2002 sunl
1308 1949 1396 2016 teretes
1421 1948 1482 2000 sine
1504 1961 1587 2016 aqua,
1609 1947 1636 2000 cl
1660 1942 1767 1999 nebule
1789 1937 1897 1994 turbini·

217 2031 384 2090 meminerit
399 2037 594 2105 peccatorum.
608 2032 664 2088 Sed
683 2037 712 2087 at
735 2031 885 2104 apostolus
899 2032 1037 2105 lacobus,
1093 2034 1140 2089 trus
1154 2036 1311 2100 ecapitntn,
1325 2035 1422 2107 quitus
1436 2035 1524 2104 eatiqo
1548 2033 1724 2089 tenebrarum
1744 2033 1898 2085 reservatur.

217 2122 314 2178 scians
337 2120 498 2193 baptizatos
523 2136 610 2189 posse
633 2121 752 2188 tentari,
777 2125 805 2176 et
829 2122 946 2194 propria
973 2138 1038 2178 cor·
1091 2123 1215 2194 Superba
1248 2122 1303 2194 (hl.
1336 2123 1474 2194 superbia)
1514 2124 1589 2179 enim
1623 2121 1754 2177 annuatis
1778 2119 1901 2188 loquentes

218 2225 301 2266 ruere
313 2209 461 2265 voluntale
477 2226 483 2264 ς
499 2209 610 2272 Beatus,
629 2209 680 2275 sit,
699 2211 743 2264 uir
769 2211 818 2281 qui
840 2211 1037 2282 sufferlteula-
1090 2211 1235 2283 pelliciunt
1255 2211 1309 2282 (hl.
1333 2212 1448 2283 pellicit(
1466 2213 1492 2265 in
1509 2209 1654 2267 desideriis
1677 2203 1900 2270 camisluaurie,

217 2301 329 2366 tionem,
345 2299 421 2370 quia,
435 2313 496 2352 cam
509 2297 640 2370 probatus
654 2300 750 2369 fuerit,
773 2301 887 2370 accipiet
911 2316 1038 2355 corariam
1092 2315 1136 2354 cos
1154 2301 1204 2371 qui
1215 2300 1358 2371 paulatum
1377 2300 1537 2370 effuqeranl,
1567 2301 1593 2353 et
1617 2298 1657 2354 ad
1674 2311 1789 2354 errorem
1810 2290 1904 2348 reuersi

216 2389 292 2455 otae,
310 2403 392 2460 quam
413 2387 572 2457 repromisit
595 2387 666 2441 Deus
689 2387 868 2456 detinentibus
887 2404 916 2443 se
935 2388 1036 2460 (lacot.
1092 2387 1247 2458 sunttlbirt.
1273 2389 1316 2457 17,
1346 2388 1400 2460 ta).
1425 2387 1525 2443 Nonne
1556 2387 1613 2444 tibi
1642 2386 1760 2443 videtur
1784 2380 1902 2456 pinxisse

217 2493 237 2546 1,
249 2475 304 2547 te).
321 2481 361 2530 Ac
378 2489 413 2530 ne
429 2479 600 2547 putaremus
615 2476 776 2531 secundum
793 2474 865 2531 illud
881 2477 1036 2545 Geueseos‚
1093 2493 1189 2532 sermo
1215 2476 1399 2548 spostolicae
1422 2492 1527 2532 novam
1561 2475 1708 2548 inperitis
1732 2467 1904 2530 lactioncmt

218 2563 268 2621 ubi
297 2562 435 2620 scribitur
456 2563 604 2618 Abraham
643 2580 660 2618 a
689 2565 745 2619 lieo
775 2563 865 2620 luisse
893 2569 1038 2620 tentatum
1094 2564 1236 2637 Aperiunt
1247 2565 1324 2621 enirn
1341 2564 1426 2636 quasi
1454 2563 1730 2620 succensuerunt.
1746 2561 1904 2635 quisquam

218 2652 294 2722 (Gen.
336 2655 417 2720 xxrr),
445 2667 497 2707 nos
526 2667 643 2722 quoquc
671 2652 777 2707 tentari
802 2669 819 2707 n
845 2652 903 2708 Dec
921 2669 927 2708 :
944 2655 1037 2725 Nemo,
1093 2669 1151 2710 nou
1168 2652 1287 2719 habant,
1303 2653 1503 2709 doctrinarum
1518 2645 1906 2728 promittumimbrcm,uelut

217 2740 325 2814 inquit,
342 2757 404 2797 cam
420 2741 650 2808 tentalandieal,
683 2743 854 2813 quoniame
880 2743 933 2797 tteo
951 2759 957 2797 :
977 2745 1038 2798 ten·
1093 2742 1186 2796 nubes
1202 2741 1388 2813 prophetice,
1405 2743 1530 2813 adquae
1554 2740 1706 2812 perveniet
1725 2739 1826 2796 veritas
1849 2734 1903 2798 Dei,

218 2833 270 2886 lar.
295 2830 367 2886 Deus
377 2830 451 2886 enim
471 2829 621 2884 intentator
640 2828 777 2883 malorum
804 2832 853 2893 est,
871 2831 928 2900 ipse
947 2834 1039 2886 aulem
1093 2837 1121 2887 et
1136 2830 1305 2886 turbinibus
1322 2831 1506 2904 exagitantur
1529 2830 1698 2888 damonum
1724 2832 1809 2901 atquc
1830 2822 1905 2880 vitio·

217 2917 357 2974 neminem
380 2920 472 2972 lentat.
499 2917 690 2988 Unusquisque
713 2932 778 2972 vera
797 2919 919 2973 lentatur
939 2935 1038 2975 aeon·
1094 2934 1170 2972 rum.
1192 2917 1367 2990 Loquuntur
1390 2917 1523 2990 grandin,
1548 2921 1681 2974 ettalus
1704 2931 1804 2974 eorum
1818 2926 1904 2971 sermo

217 3005 384 3078 cupiscentin
406 3021 456 3060 sua
475 3005 626 3060 abstractus
652 2999 678 3061 et
698 3005 816 3062 illectus.
846 3007 949 3062 Dehine
972 3023 1037 3063 can·
1094 3005 1232 3078 superbia
1259 3012 1303 3063 est
1333 3022 1340 3062 ι
1369 3006 1527 3063 immundus
1555 3015 1594 3062 est
1618 3010 1714 3063 aulem
1742 3003 1814 3078 apud
1832 3001 1909 3058 uun

217 3095 387 3164 cupiscealin
410 3111 472 3149 eum
487 3095 649 3165 conceperit,
671 3095 745 3164 parit
765 3103 907 3166 peccalum
922 3112 1037 3167 :peeca-
1093 3095 1182 3150 amnis
1198 3096 1247 3164 qui
1273 3095 1376 3150 enallal
1403 3110 1449 3150 car
1475 3111 1557 3150 suurn
1585 3094 1731 3167 (Proceri,
1756 3109 1810 3160 rvr,
1834 3091 1909 3164 paca

218 3188 392 3250 tumentem,
408 3199 469 3238 cani
481 3191 698 3239 consummatum
715 3183 793 3240 Μ
806 3185 901 3252 tuerat,
927 3167 1075 3252 qeneratC
1096 3182 1189 3253 LXX).
1206 3182 1242 3238 Ut
1256 3183 1303 3254 qui
1321 3182 1473 3256 paululum
1490 3183 1658 3256 refugerant
1678 3201 1700 3240 a
1720 3179 1851 3254 peccatis,
1876 3176 1908 3234 sd

220 3271 704 3345 nmrluntlaeot.1,13etseqq.).
731 3271 825 3328 Liberi
851 3273 963 3328 arbitrii
988 3287 1041 3329 nos
1096 3287 1183 3326 suum
1208 3273 1279 3328 827
1307 3273 1487 3327 revertantur
1522 3276 1719 3340 errorem3et
1742 3271 1861 3329 suadent
1882 3266 1908 3322 iu

221 3361 352 3418 condidit
369 3362 455 3425 Deus,
472 3375 525 3415 nec
539 3359 575 3415 ad
588 3359 720 3427 virtutes,
738 3376 790 3415 nec
810 3360 846 3415 ad
857 3359 926 3416 vitia
942 3378 1040 3418 neces·
1095 3359 1220 3427 luxuria,
1237 3360 1369 3416 ciborum
1393 3360 1549 3432 carnisque
1564 3361 1575 3394 ⁸
1591 3357 1723 3430 delicias,
1749 3360 1818 3426 Quis
1837 3355 1907 3414 enim

220 3448 306 3507 aitatc
330 3449 485 3506 trahimur.
509 3447 648 3520 Alioquin
677 3448 688 3482 ³
718 3448 769 3503 ubi
792 3449 963 3516 necessitas,
987 3467 1040 3506 nec
1095 3464 1153 3503 non
1169 3447 1293 3503 libenter
1305 3447 1406 3504 audiat
1421 3447 1474 3518 (dl.
1491 3445 1910 3520 audient):Manducemuset

219 3555 328 3596 corona
347 3542 401 3595 est.
421 3538 502 3594 Sicut
517 3537 547 3592 iu
562 3537 646 3593 bonis
671 3535 809 3609 operibus
833 3537 975 3609 perlaclor
996 3545 1040 3595 est
1094 3537 1242 3605 bibamus,
1258 3541 1286 3592 ct
1302 3537 1330 3592 in
1346 3541 1486 3592 aternum
1502 3533 1910 3610 regnabimus‘lSspicnteset

219 3629 305 3696 Deus,
322 3643 379 3683 uon
395 3625 532 3682 estenim
547 3624 681 3682 volentis.
708 3640 803 3697 neque
828 3627 972 3682 currentis
988 3628 1038 3683 sed
1093 3627 1262 3698 prudentes,
1291 3642 1393 3697 pravos
1415 3630 1520 3682 vocant
1543 3643 1549 3682 :
1569 3642 1619 3682 eos
1644 3641 1714 3682 verti
1739 3625 1791 3699 qui
1814 3621 1906 3680 dulces

219 3715 385 3773 miserentis
410 3713 647 3786 ettadjnvsntis
677 3714 738 3781 Dei,
768 3719 800 3769 ut
826 3715 974 3787 pervenire
989 3733 1036 3771 vn·
1093 3719 1162 3771 sunl
1176 3715 1206 3770 in
1222 3713 1418 3782 sermonibus,
1434 3713 1501 3786 plus
1517 3714 1785 3772 audiunt.loannes
1801 3713 1908 3786 aposto-

217 3803 330 3860 leamus
354 3803 390 3859 sd
410 3802 601 3858 calcem:sic
625 3804 654 3857 in
680 3801 765 3858 malis
787 3806 875 3874 atqua
900 3804 1035 3875 peccatis,
1092 3801 1148 3872 lus,
1179 3803 1237 3859 into
1265 3805 1295 3860 in
1323 3803 1435 3860 loanne
1474 3800 1605 3859 Salvator
1644 3805 1777 3861 scribens
1812 3797 1907 3874 angela

214 3891 328 3948 semina
344 3895 444 3948 nostra
459 3895 529 3946 suut
544 3891 701 3961 incentiva,
714 3893 742 3946 et
763 3890 901 3963 perlectis
917 3892 1035 3949 dioboli.
1092 3889 1195 3962 Ephesi
1210 3891 1360 3948 Ecclesia:
1378 3892 1447 3960 Scio,
1473 3890 1578 3963 inquil,
1601 3907 1682 3962 opera
1709 3897 1770 3960 tua,
1790 3898 1817 3947 et
1840 3887 1908 3944 latro-

216 3980 288 4036 Gum
302 3979 407 4036 viderit
422 3995 476 4036 uos
491 3994 580 4052 super
594 3979 819 4035 tundamentum
834 3981 943 4037 Christi
966 3983 1035 4037 adi·
1090 3995 1148 4034 rena
1170 3984 1195 4034 et
1215 3982 1377 4051 polientium
1399 3983 1486 4047 tamne,
1502 3988 1528 4036 et
1547 3981 1613 4052 quia
1625 3983 1787 4038 sustinuisti
1808 3980 1910 4050 propter

215 4068 302 4126 ilcare
325 4069 377 4142 (dl.
408 4067 576 4140 edificasse)
614 4069 724 4137 lenum,
755 4068 844 4142 ligna,
884 4070 1033 4142 stipulam,
1089 4084 1302 4134 noraenmeum,
1327 4073 1421 4124 elnon
1443 4069 1568 4142 delecisti
1584 4085 1590 4124 :
1607 4069 1654 4125 sed
1675 4069 1766 4129 habea
1787 4068 1910 4126 adnerotes

213 4161 284 4218 tunc
299 4157 439 4232 supponit
451 4156 819 4214 incendiumAEdillccmus
834 4174 903 4230 ergo
918 4175 1033 4224 aurum,
1090 4159 1123 4220 le,
1136 4155 1206 4227 quod
1219 4157 1380 4212 charitalem
1403 4160 1480 4213 luam
1501 4159 1621 4229 primam
1642 4158 1794 4231 reliquisti,
1817 4159 1910 4214 ttenm

212 4247 497 4322 argentum,lspides
513 4247 665 4320 pretiosos,
682 4251 710 4302 et
725 4249 837 4302 tentare
863 4263 919 4300 non
945 4247 1033 4302 aude·
1088 4252 1146 4300 esto
1168 4244 1240 4299 unde
1263 4243 1403 4312 cecideris,
1421 4253 1449 4301 el
1470 4261 1521 4316 cqc
1543 4249 1743 4318 paenitentiam,
1769 4254 1796 4304 et
1817 4245 1909 4319 prima

213 4336 255 4392 bit
271 4353 277 4392 :
295 4353 463 4409 quanquam
479 4341 507 4392 et
521 4335 551 4390 in
566 4335 619 4391 hoc
639 4351 697 4390 non
713 4335 752 4388 sit
777 4338 855 4389 certa
872 4338 901 4389 et
930 4351 1034 4390 secura
1088 4348 1169 4403 opera
1182 4335 1236 4402 sac.
1253 4332 1302 4388 Sin
1326 4336 1427 4400 aulem,
1453 4337 1563 4390 ueniam
1586 4336 1649 4402 titi,
1664 4339 1690 4392 el
1710 4336 1823 4394 moreio
1846 4347 1909 4390 can·

209 4425 367 4495 possessio.
383 4425 468 4480 Sedet
485 4423 592 4496 quippe
607 4423 650 4478 leo
666 4423 695 4477 in
710 4421 826 4476 insidiis
841 4427 869 4476 et
885 4421 913 4476 in
934 4422 1032 4478 occul·
1086 4421 1229 4476 delatrata
1251 4425 1331 4476 tunm
1352 4422 1385 4476 de
1418 4423 1487 4491 loco,
1511 4425 1570 4480 nisi
1601 4427 1795 4496 paenitentiam
1824 4421 1909 4494 eqeris

210 4511 258 4578 tis,
275 4515 307 4567 ut
321 4511 475 4568 interliciat
490 4511 685 4568 innocentem.
702 4510 734 4564 Et
750 4523 822 4582 vasa·
834 4509 914 4582 fiquti
934 4511 1033 4583 probat
1048 4529 1071 4594 D
1087 4509 1177 4581 (ripae.
1195 4527 1225 4578 ιι,
1240 4513 1258 4565 2
1272 4513 1297 4565 et
1317 4511 1412 4582 seqq).
1444 4510 1586 4568 Similiter
1609 4517 1638 4568 et
1662 4517 1784 4571 ceteras
1814 4509 1907 4568 Eccle-

244 4759 394 4820 1ιιιιιίιιι
408 4803 416 4818 .
431 4776 485 4835 pos
499 4759 611 4827 tirreni,
636 4760 748 4816 addunt
771 4761 819 4818 hic
844 4763 907 4819 toni
930 4768 1031 4820 contra
1085 4761 1167 4820 ribus
1192 4761 1335 4834 perlectcr
1358 4767 1402 4820 est
1428 4763 1513 4820 Deus.
1535 4764 1661 4821 Videant
1680 4780 1759 4822 nnnc
1779 4757 1906 4833 theolaqi

208 4851 280 4893 mas.
299 4834 385 4890 tidem
402 4832 555 4906 ipsamque
569 4831 687 4888 Victorii
703 4834 947 4890 emendationem.
1085 4833 1226 4900 nustriae
1238 4838 1406 4892 sanctorum
1417 4836 1503 4892 verbu
1517 4835 1600 4892 detor
1623 4840 1710 4893 ucant
1726 4836 1756 4892 in
1773 4833 1907 4910 proprios

242 4908 253 4940 ²
267 4905 473 4963 casanatensis
487 4920 554 4960 cum
572 4902 703 4976 Vulgata,
719 4909 850 4960 lentatur.
1083 4921 1188 4962 sensus
1202 4923 1209 4974 ;
1225 4905 1276 4962 sed
1290 4923 1365 4980 pura
1379 4923 1412 4963 ac
1427 4907 1482 4963 sim
1507 4905 1560 4963 lica
1584 4851 1641 4962 fige
1665 4908 1906 4980 interpretentur,

218 5045 223 5058 Ι
241 4977 252 5010 ³
266 4977 337 5034 lluli
349 4980 504 5043 necessitas,
518 4992 568 5032 nec
582 4991 681 5032 carana
696 4986 744 5032 est.
757 4977 840 5032 Falso
851 4977 1029 5033 addiderunt
1083 4994 1140 5032 nnn
1157 4975 1337 5034 declinantes
1354 4995 1446 5050 aeque
1461 4924 1504 5034 uel)

204 5045 272 5103 libri
287 5053 355 5102 ante
371 5065 435 5114 uus,
449 5065 499 5104 nee
513 5048 661 5116 damnalia,
683 5052 737 5103 etc.
764 5049 792 5104 S.
810 5047 946 5104 Germani
979 5064 1026 5102 co·
1083 5049 1217 5104 sistram.
1232 5049 1374 5105 Murrina.

204 5115 258 5171 dex
274 5133 328 5172 ms.
344 5117 415 5189 legit
429 5119 645 5193 interrogativa.
662 5120 791 5190 Alioquin
807 5121 856 5174 ubi
870 5119 1024 5182 necessitas,
1117 5120 1327 5176 ‘Veronensis
1347 5133 1413 5174 cum
1445 5123 1500 5174 vet.
1529 5120 1599 5176 edit.
1626 5122 1704 5176 utin
1726 5120 1842 5176 occultis
1862 5119 1905 5174 in·

202 5189 253 5242 uti
266 5202 367 5242 corana
381 5189 435 5243 est?
449 5190 630 5246 Miseran—
643 5189 898 5246 Nesciosnverius
912 5189 1027 5245 addunt
1080 5191 1208 5260 terficiat.
1234 5189 1322 5246 Paulo
1343 5194 1410 5261 post
1433 5189 1482 5246 alii
1507 5208 1579 5248 mss.
1602 5193 1716 5249 tentatio
1737 5198 1762 5248 et
1783 5189 1906 5246 tritula·

200 5261 314 5317 veteres
329 5256 399 5312 editi
409 5274 459 5314 nec
472 5261 623 5316 damnalia.
1079 5263 1177 5331 tiones,

236 5327 422 5454 ‘Adffuuanlis
438 5331 495 5409 liei,
521 5335 553 5384 ut
574 5333 724 5400 peruenire.
753 5332 892 5388 Eamdem
912 5334 1025 5386 sculen-
1078 5331 1238 5386 tatarum.
1256 5334 1321 5402 post
1335 5331 1448 5394 Erasm,
1466 5331 1607 5389 omittunt
1618 5331 1665 5388 hic
1680 5333 1766 5391 verli.

200 5400 273 5456 tiam
305 5415 419 5470 egimus
441 5399 525 5456 mitio
555 5400 668 5470 Prologi
697 5403 774 5458 santi
812 5402 905 5458 Patris
931 5401 1023 5458 nostri
1113 5401 1388 5472 ⁷Vict0rius,quia
1409 5419 1473 5458 uam
1499 5403 1676 5461 contrahent
1699 5405 1903 5461 doctrinarum.

200 5470 347 5528 Benedicti
377 5470 408 5525 in
429 5468 561 5542 regulam
589 5486 674 5525 suam
696 5489 702 5526 ι
727 5475 886 5544 inprimis,
913 5473 1021 5544 inquit,
1112 5472 1218 5526 ⁸hlss.
1247 5489 1350 5528 omues
1399 5475 1498 5530 eliciis.
1530 5474 1595 5528 ιιοιι
1623 5492 1676 5546 pro
1698 5489 1806 5547 prauos.
1832 5473 1903 5529 olim

198 5546 228 5599 ul
242 5543 399 5616 quidquam
412 5540 547 5612 apendnm
559 5540 672 5597 inchoas
688 5543 797 5608 tortum,
821 5546 854 5599 at
882 5560 911 5600 eo
925 5545 1024 5617 periei
1074 5558 1173 5615 parnas
1188 5546 1259 5598 erat.
1276 5543 1399 5599 Gravius
1414 5543 1570 5615 legendum
1591 5547 1758 5620 suspicatur
1773 5547 1901 5624 patruos,

193 5615 401 5704 instantissima
414 5615 536 5672 aratione
557 5611 692 5688 deposcas.
716 5613 768 5670 itio
792 5613 822 5671 in
846 5615 931 5674 bonis
950 5631 1021 5692 npe-
1076 5617 1139 5674 erat
1156 5613 1236 5674 enirn
1251 5617 1488 5696 autaasapienter
1499 5615 1655 5692 pruma.

1513 4979 1673 5034 dexteram.
1700 4994 1796 5051 neque
1820 4974 1907 5033 adsi-
