4066 6162
199 249 266 322 «lib
808 245 858 319 ’8.
880 245 1043 320 eustati
1057 245 1292 320 multentur.
1843 239 1910 316 Μ’

198 389 321 450 discere.
337 385 555 448 Pervereiseiml
578 385 713 448 homines
729 403 737 446 ι
752 403 822 446 nam
845 405 914 445 cnm
938 389 1173 458 acarasseon,
1189 393 1218 446 et
1231 385 1351 446 docuise
1366 385 1516 458 lectorem,
1530 381 1674 446 molestas
1687 381 1795 444 christi
1820 383 1897 445 huno

197 464 315 554 semper
329 481 466 553 expetant
480 475 654 550 voluptates,
670 482 699 536 et
711 476 787 551 gule
812 493 913 534 eorum
929 477 1025 533 vicina
1079 477 1252 550 prophetam
1264 479 1349 550 juxta
1363 477 1593 536 Theodotionem
1606 475 1712 550 legere,
1723 479 1752 533 et
1765 492 1825 533 non
1836 477 1901 548 jux·

198 565 539 629 marianensulllciant,
568 581 621 621 cur
649 566 679 621 in
695 564 757 622 solo
774 565 870 622 studio
894 566 1024 638 Scriptu—
1078 568 1109 620 ta
1137 565 1329 639 Septuaginta
1357 564 1556 624 translatores.
1586 567 1717 632 Quorum
1744 564 1771 621 si
1799 565 1829 622 in
1851 567 1905 622 isto

197 672 298 713 rarum
312 654 401 720 veteri
418 669 521 726 sapore
536 655 663 710 contenti
686 659 756 710 sunt
772 657 784 709 i
810 657 868 710 Neo
888 653 944 710 hon
959 652 1024 710 dico
1078 652 1153 710 libro
1168 654 1327 711 editionem
1343 654 1403 710 dixi
1419 653 1546 711 multum
1562 653 1714 712 enaritate
1734 653 1855 723 distare,
1877 657 1906 711 et

197 745 277 818 quod
289 759 480 817 precessores
490 758 571 799 meos
582 744 742 812 mordeam,
753 741 977 815 autquidquam
988 742 1025 798 da
1078 745 1156 799 recto
1172 741 1365 800 lloolesiarum
1390 743 1497 800 Christi
1508 742 1621 815 judicio
1636 743 1832 816 reprobatam,
1848 757 1905 800 non

199 831 623 899 bisarbitrerdetraheudum‚
646 847 772 904 quorum
801 831 1023 888 translationem
1078 835 1209 888 estmoe
1225 830 1317 905 culpe
1332 831 1384 905 qui
1413 829 1904 905 dixi,sedeorumquilegunt.ln

198 919 423 994 diligentissime
440 918 625 977 emendatam
655 919 724 976 olim
741 935 812 976 mee
840 919 946 993 lingue
970 919 1023 976 ho-
1077 919 1904 994 promptusuutquatuoreditiones,Aquilae,Symmachi,

201 1011 332 1071 minibus
347 1010 413 1066 dedi
429 1026 436 1064 t
455 1009 506 1065 sed
517 1009 593 1082 quod
605 1007 684 1065 aliud
700 1009 740 1065 sit
752 1007 929 1066 inllcolesiis
944 1008 1023 1065 Gbri-
1076 1009 1274 1082 Septuaginta.
1292 1015 1317 1066 el
1333 1008 1524 1066 Thodotionie
1540 1026 1548 1066 :
1564 1008 1697 1066 Ecclesia
1714 1009 1799 1081 juxta
1813 1009 1907 1066 Theo·

197 1098 235 1154 sti
251 1097 431 1156 credentium
445 1095 699 1171 Psalmoslegere,
724 1096 804 1154 aliud
827 1097 936 1154 iudeis
961 1097 1021 1152 sin·
1076 1097 1224 1154 dationem
1238 1097 1342 1171 legunt
1359 1097 1516 1155 Danielem.
1547 1099 1605 1172 llgo
1633 1097 1707 1170 quid
1721 1097 1844 1170 peccavi,
1877 1099 1904 1156 si

196 1186 267 1263 gula
279 1187 366 1243 verba
380 1185 633 1243 calumniantibus
650 1186 837 1258 respondere.
857 1209 867 1236 ι
1076 1185 1271 1244 Ecclesiarum
1284 1184 1433 1258 judicium
1449 1189 1568 1244 secutus
1591 1185 1687 1243 sumt
1706 1186 1789 1251 Quod
1802 1191 1906 1243 autam

231 1277 276 1333 31.
291 1275 463 1346 llsProlopo
478 1275 509 1330 in
530 1274 600 1332 titt.
617 1273 765 1332 Solemnis.
795 1305 830 1315 -
858 1272 1023 1330 Salomonis
1078 1274 1263 1348 refero,quid
1279 1276 1434 1333 adversum
1448 1275 1589 1332 Susanna
1605 1274 1769 1342 historiam,
1780 1278 1810 1330 et
1823 1273 1908 1348 hym-

196 1363 286 1422 etiam
302 1361 404 1430 libros,
421 1379 496 1436 quos
525 1361 596 1420 olim
608 1363 693 1435 juata
708 1362 900 1436 Septuaginta
915 1361 1024 1420 additia
1077 1378 1149 1419 aum
1169 1364 1260 1420 trinu:
1289 1379 1478 1437 puerorum,
1525 1368 1553 1420 ct
1585 1363 1662 1420 Belia
1707 1362 1907 1436 Draconisque

195 1451 288 1510 obelis
303 1456 332 1509 et
347 1451 498 1510 asteriscis
527 1451 558 1508 in
577 1451 716 1509 Latinum
748 1451 1021 1523 verterem,exlle-
1077 1451 1202 1519 tabulas,
1219 1468 1283 1522 que
1299 1451 1328 1508 in
1352 1451 1499 1509 volumine
1514 1451 1654 1508 Hebraico
1671 1467 1728 1509 non
1743 1449 1903 1518 habentur,

194 1540 294 1598 braioo
316 1541 507 1611 transferens,
531 1544 559 1596 et
581 1540 722 1597 dedicans
737 1540 847 1596 sanctis
876 1539 1022 1612 episcopis
1077 1538 1189 1596 Hebrei
1204 1538 1318 1596 soleant
1332 1538 1437 1607 dicere,
1454 1537 1504 1612 qui
1515 1554 1562 1596 me
1577 1537 1770 1606 criminatur,
1784 1538 1908 1595 stultum

196 1628 364 1688 Chromatio
379 1635 409 1686 et
423 1628 651 1694 Heliodoro,bac
665 1629 695 1684 in
711 1628 941 1686 Prelatiuncule
952 1643 1022 1686 mee
1077 1644 1108 1684 ee
1123 1627 1334 1702 sycophantam
1349 1628 1463 1701 probat.
1481 1628 1544 1684 Noa
1571 1626 1650 1684 enim
1663 1626 1734 1700 quid
1763 1625 1827 1700 ipse
1843 1643 1908 1684 sen·

197 1717 255 1775 fine
280 1717 392 1789 subjeci
422 1735 429 1773 ι
453 1739 467 1768 o
491 1716 521 1773 Si
543 1716 590 1773 eui
611 1715 803 1790 Septuaginta
829 1716 1022 1790 interpretum
1039 1715 1162 1820 Btirem
1173 1719 1193 1785 ²,
1209 1717 1261 1774 sed
1277 1717 1348 1790 quid
1363 1715 1406 1772 illi
1423 1719 1524 1774 contra
1539 1733 1593 1773 nos
1608 1715 1706 1773 dicere
1721 1715 1844 1784 soleant,
1860 1732 1909 1772 ex·-

197 1805 293 1880 magie
309 1804 397 1862 editio
412 1803 518 1878 placet,
528 1803 617 1861 habet
631 1820 696 1860 eam
712 1822 729 1861 a
743 1805 827 1863 nobis
842 1804 912 1862 olim
927 1821 1024 1862 emen·
1078 1804 1192 1878 plicavi.
1222 1807 1351 1874 Quorum
1367 1805 1509 1878 opinioni,
1524 1804 1550 1862 si
1563 1821 1622 1862 non
1637 1803 1818 1880 respondite
1833 1805 1909 1862 Pro·

197 1895 307 1952 datam.
323 1895 423 1966 Neque
438 1894 517 1950 enim
533 1893 575 1950 sio
606 1894 842 1966 novaoudimus,
873 1899 906 1951 ut
926 1897 1024 1952 vetera
1078 1893 1157 1967 logo,
1172 1894 1308 1951 brevitati
1324 1896 1446 1951 studens
1470 1910 1506 1950 ue
1534 1911 1592 1950 non
1613 1892 1821 1965 Praelationem,
1853 1893 1911 1950 sed

197 1983 396 2042 destruamus.
414 2003 427 2034 s
1077 1981 1187 2040 librum
1201 1982 1316 2040 viderer
1330 1983 1467 2051 scribere,
1482 1986 1552 2056 puto
1579 1983 1658 2055 quod
1685 1982 1784 2039 statim
1807 1981 1925 2054 subje-‘

232 2073 277 2128 32.
292 2073 335 2128 Ex
348 2072 463 2142 Protopo
476 2073 507 2126 in
521 2057 632 2128 laniem.
648 2101 683 2112 -
698 2070 820 2128 Veniam
848 2075 877 2127 et
904 2070 940 2126 ad
956 2071 1018 2126 lea·
1078 2071 1186 2140 cerim;
1202 2071 1262 2128 dixi
1278 2071 1368 2140 enim,
1384 2093 1399 2123 «
1417 2072 1456 2129 Dc
1471 2087 1530 2144 quo
1545 2088 1603 2128 non
1618 2075 1663 2128 est
1677 2070 1767 2142 hujus
1789 2074 1910 2144 tempo·

196 2160 268 2229 iam,
284 2164 439 2234 otpertem
455 2160 568 2232 Prologi
583 2160 647 2231 ejus
662 2175 751 2232 super
769 2158 961 2234 Septuaginta
976 2159 1023 2214 in·
1078 2159 1118 2216 ris
1144 2160 1297 2218 disserere.
1316 2183 1327 2210 ι
1343 2159 1482 2234 Alioquin
1512 2164 1596 2216 etex
1617 2176 1663 2232 eo,
1692 2160 1770 2234 quod
1791 2159 1909 2216 asserui

196 2249 403 2324 terpretatione
418 2249 608 2322 subjungam.
624 2250 716 2315 Quem
732 2265 800 2306 cum
827 2248 922 2322 magis
937 2263 1022 2304 evan·
1078 2248 1477 2323 Porphyriumoontrebunc
1491 2248 1663 2322 prophetam
1678 2247 1910 2316 multedixisec,

195 2337 330 2413 gelistam
346 2354 434 2411 quam
450 2337 622 2410 prophetam
635 2335 775 2406 dicerem,
805 2353 838 2394 eo
858 2336 936 2411 quod
954 2337 1023 2394 uui·
1076 2338 1396 2411 vocaviquehujuarei
1425 2337 1908 2409 testesllethonium,llueobium,

197 2443 282 2486 versa
295 2425 402 2484 Christi
417 2425 550 2484 Ecclesia
575 2427 714 2500 mysteria
742 2425 785 2484 sic
811 2427 848 2484 ad
876 2425 1023 2499 liquidum
1077 2425 1662 2499 etApollinarium,quimultisversuum
1678 2424 1810 2483 millibus
1825 2425 1910 2482 illius

195 2523 367 2590 persecutus
381 2519 470 2583 esset,
486 2519 520 2571 ut
546 2531 606 2572 non
621 2515 769 2572 defuturo
792 2514 955 2584 vaticinari,
971 2515 1022 2570 sed
1076 2515 1200 2572 vesanie
1216 2515 1441 2588 responderunt,
1468 2531 1515 2572 me
1529 2531 1668 2572 accusare
1681 2515 1798 2588 poterit,
1815 2531 1910 2587 quare

197 2605 233 2662 de
247 2603 401 2676 preteritis
427 2603 583 2660 historiam
608 2607 706 2660 texere
730 2602 909 2672 crederetur,
933 2602 1020 2661 otiam
1076 2620 1135 2661 non
1151 2605 1181 2660 in
1197 2603 1422 2661 Preiatiuncula
1435 2609 1537 2662 contra
1557 2603 1649 2661 libros
1663 2603 1818 2676 Porphyrii
1833 2605 1910 2662 scri·

197 2691 252 2750 hoc
268 2691 366 2750 addidi
382 2709 389 2749 :
408 2715 422 2744 o
439 2691 520 2750 Unde
537 2691 661 2764 conjicio
689 2690 820 2749 noluisse
849 2696 919 2748 tuno
948 2695 1020 2747 tem·
1075 2691 1195 2764 pserim.
1209 2692 1264 2757 Oui
1278 2691 1446 2750 istiusmodi
1463 2692 1557 2750 nenia
1571 2695 1766 2763 consectatur,
1781 2696 1811 2749 ot
1825 2691 1908 2749 Sori-

196 2780 276 2856 poria
290 2779 480 2854 Septuaginta
491 2781 674 2854 interpretes,
685 2779 752 2837 tldci
768 2797 827 2837 sue
838 2783 1022 2836 sacramenta
1075 2785 1167 2852 ptura
1182 2780 1327 2839 Hebraico
1340 2781 1490 2840 veritatem
1506 2797 1565 2838 non
1579 2781 1642 2838 vult
1659 2781 1797 2854 recipere,
1804 2781 1911 2839 audiat

195 2869 349 2951 perspicue
374 2867 500 2926 ethnicis
514 2869 636 2942 prodere
652 2885 659 2925 :
676 2885 712 2925 ne
727 2872 862 2926 sanctum
887 2866 1019 2938 canibus,
1074 2869 1164 2927 libere
1178 2868 1410 2943 proclamantem
1434 2886 1441 2925 ι
1472 2869 1549 2928 Μ
1577 2869 1668 2927 Nemo
1696 2868 1775 2927 enim
1790 2871 1912 2944 cogitur

195 2962 224 3017 et
237 2957 413 3032 margarites
427 2957 523 3030 porois
537 2957 639 3014 darent
654 2957 673 3012 ¹.
690 2957 768 3024 Oua,
785 2973 853 3013 oum
869 2956 944 3014 banc
959 2956 1020 3013 edi·
1075 2956 1179 3031 legere,
1197 2958 1275 3031 quod
1292 2975 1351 3015 non
1365 2958 1438 3015 vult.
1455 2959 1513 3033 Ego
1528 2957 1700 3032 petentibus
1716 2957 1830 3031 scripsi,
1845 2974 1910 3014 non

195 3045 304 3104 tionem
315 3045 454 3120 legeritis,
467 3047 505 3103 ab
516 3043 573 3101 illie
584 3043 823 3102 animadvertetis
837 3045 1019 3102 abscondita.
1074 3046 1260 3116 fastidiosis3
1281 3047 1385 3120 gratis,
1406 3063 1464 3104 non
1497 3047 1635 3117 invidie;
1664 3045 1816 3114 studiosis,
1845 3063 1910 3104 nou

194 3133 252 3191 Neo
266 3133 368 3206 ignoro
383 3131 485 3204 quenti
500 3131 610 3191 laboris
625 3133 664 3190 sit
674 3132 832 3206 prophotas
847 3129 1019 3206 intelligere,
1035 3120 1057 3193 G
1075 3134 1282 3193 oscitantibus.
1312 3135 1347 3190 ut
1360 3139 1459 3193 tamen
1473 3136 1566 3194 miror
1593 3136 1740 3208 quomodo
1766 3135 1905 3194 Theodo-

195 3239 249 3280 ueo
263 3219 347 3279 lacile
359 3220 529 3294 qnempiam
543 3221 773 3294 possejudioare
788 3222 824 3278 de
845 3220 1021 3295 interprete·
1075 3225 1187 3281 tionem
1201 3223 1371 3282 hereticum
1386 3229 1417 3281 et
1427 3224 1629 3297 judaizantem
1655 3222 1735 3297 legit,
1751 3227 1781 3281 et
1794 3223 1911 3297 qualis·

195 3310 284 3380 tione,
300 3309 357 3368 nisi
372 3308 547 3366 intellexerit
557 3313 624 3366 ante
634 3326 698 3382 que
709 3309 821 3385 legerit.
833 3310 891 3367 Nos
902 3326 1020 3384 quoque
1074 3329 1192 3388 cunque
1202 3313 1364 3386 peccatoris
1373 3312 1532 3371 Christiani
1543 3311 1768 3371 translationem
1777 3313 1907 3370 fastidit.

194 3404 294 3475 patere
308 3397 457 3456 morsibus
486 3397 693 3472 plurimorum,
719 3399 770 3472 qui
786 3398 957 3458 stimulante
972 3401 1020 3456 in·
1109 3403 1327 3470 dhouesote,
1353 3403 1447 3459 amice
1473 3399 1656 3473 dulcissime,
1687 3400 1739 3474 qui
1763 3403 1824 3457 tem
1849 3414 1910 3457 cn-

194 3489 282 3562 vidia,
297 3489 377 3562 quod
394 3488 533 3562 consequi
544 3503 603 3544 aon
617 3487 901 3562 valentdespiciunt.
918 3488 1020 3546 Sciens
1075 3491 1171 3548 riosus
1186 3507 1228 3560 es,
1240 3495 1273 3548 ut
1283 3493 1371 3548 etism
1385 3491 1501 3548 somnia
1515 3507 1581 3549 mea
1603 3489 1728 3558 noveris,
1744 3489 1910 3562 omniaque

194 3595 264 3652 ergo
278 3581 307 3635 et
320 3577 451 3650 prudeus
466 3576 496 3633 in
513 3577 664 3634 llammam
680 3576 766 3634 mitto
777 3593 909 3634 manum.
925 3579 960 3634 ht
975 3578 1021 3634 ni·
1074 3597 1139 3653 qus
1154 3595 1206 3654 per
1218 3584 1262 3636 tot
1276 3595 1369 3636 annos
1383 3579 1495 3652 absque
1510 3583 1589 3636 metu
1604 3577 1708 3635 future
1721 3577 1833 3650 scripsi
1853 3593 1909 3634 ca·

193 3666 357 3725 hilominus
372 3683 389 3722 a
404 3665 564 3724 fastidiosis
592 3664 751 3723 lectoribus
778 3666 833 3724 hoc
858 3683 970 3739 precor,
988 3671 1021 3724 ut
1073 3668 1205 3737 lumnie,
1220 3668 1251 3724 in
1279 3667 1496 3726 accusationem
1523 3683 1611 3725 vocas
1628 3685 1635 3736 ;
1652 3670 1686 3724 ut
1711 3668 1909 3740 respondeas,

194 3755 340 3829 quomodo
352 3753 443 3812 Graeci
452 3755 604 3828 postffl
618 3754 810 3829 Septuaginta
819 3755 1019 3828 translatores,
1075 3757 1222 3832 quomodo
1250 3775 1351 3814 eorum
1380 3755 1564 3830 prefationes
1595 3755 1738 3814 librorum
1776 3756 1910 3826 nescias,

193 3843 339 3916 Aquilam,
355 3847 384 3900 ot
405 3843 615 3918 Symmachum
631 3848 661 3902 et
673 3843 902 3902 'theodotionem
918 3845 1021 3920 legunt
1075 3863 1149 3920 quos
1165 3862 1286 3904 accusas
1303 3862 1309 3902 :
1326 3862 1390 3918 que
1406 3845 1534 3918 quodam
1557 3843 1705 3912 vaticinio,
1733 3843 1838 3901 lutura
1853 3849 1910 3901 ca·

194 3931 239 3992 vel
255 3933 291 3990 ob
307 3932 439 3990 studium
455 3932 678 4003 doctrinesue,
710 3932 754 3990 vel
771 3936 804 3990 ut
831 3935 1021 4008 Septuaginta
1074 3935 1194 3992 lemnio
1224 3935 1461 4008 responderunt,
1494 3931 1653 4006 implentes
1685 3931 1873 4006 proverbium
1900 3949 1909 3989 ε

195 4018 625 4096 magieexcollationeeorum
653 4020 945 4097 intelligentzsicet
972 4021 1020 4080 isti
1075 4047 1089 4075 a
1106 4024 1653 4096 Prinsantidotum,quamvenenum.
1671 4043 1685 4074 a
1717 4021 1792 4090 Ouid
1823 4026 1917 4079 nocet

195 4109 300 4168 saltem
315 4125 406 4166 unum
420 4113 488 4182 post
502 4109 613 4184 priores
628 4109 735 4168 hebere
759 4111 916 4185 dignentur
930 4111 1020 4168 inter·
1075 4112 1213 4170 boolesils
1226 4115 1328 4168 nostra
1350 4110 1528 4170 translatio?
1542 4112 1665 4186 Magnis,
1682 4114 1714 4168 ut
1735 4109 1807 4180 scio,
1821 4126 1917 4168 sum·

195 4203 317 4272 protem.
335 4201 443 4272 tegant
458 4199 551 4273 prius,
567 4203 596 4256 et
610 4203 713 4272 postea
729 4199 910 4273 despiciant,
927 4215 963 4256 ne
978 4200 1020 4256 vi·
1072 4199 1172 4274 ptibus
1188 4198 1337 4262 redemisti
1364 4198 1487 4272 Aquila,
1501 4204 1531 4256 et
1545 4199 1724 4274 Symmachi,
1753 4202 1783 4256 et
1804 4198 1914 4256 Theo·

101 4349 106 4362 ,
196 4289 321 4348 deantur
335 4303 395 4346 non
410 4287 575 4360 exjudicic‚
592 4287 643 4344 sed
658 4304 694 4345 ea
707 4286 766 4344 odii
781 4287 1018 4360 presumptione,
1074 4288 1212 4358 dationis,
1242 4287 1410 4360 quintaque
1438 4293 1468 4346 et
1495 4292 1576 4346 sexte
1604 4287 1743 4346 editionis
1765 4287 1915 4346 Judaioos

194 4379 330 4452 ignorata
341 4377 492 4434 damnare.
510 4398 524 4428 n
1008 4382 1013 4392 '
1073 4376 1277 4434 translatores.
1292 4376 1431 4449 Origenes
1443 4381 1526 4447 tuus,
1542 4381 1571 4434 et
1595 4376 1643 4450 (ae
1670 4377 1745 4433 forte
1771 4377 1912 4448 queraris

229 4466 275 4522 33.
291 4465 330 4520 De
346 4465 469 4522 Daniele.
497 4495 531 4506 -
556 4465 597 4521 De
619 4462 738 4522 Daniele
766 4467 864 4520 autem
894 4464 1020 4522 breviter
1036 4491 1060 4557 D
1075 4466 1201 4540 llgnrata
1215 4470 1244 4523 te
1258 4464 1345 4522 laude
1359 4468 1545 4538 percussum)
1560 4465 1700 4539 Origenes
1727 4469 1828 4523 noster
1843 4466 1915 4538 (no-

194 4553 388 4627 respondebo,
400 4568 447 4609 me
457 4569 516 4610 non
526 4568 650 4626 negasse
659 4567 727 4608 oum
739 4551 922 4625 prophetam,
932 4569 1020 4626 quem
1075 4559 1172 4612 strum
1212 4571 1283 4611 voco
1330 4556 1367 4612 oh
1407 4555 1602 4612 eruditionem
1630 4553 1767 4628 ingenii,
1782 4569 1842 4610 non
1872 4555 1914 4611 ob

195 4642 296 4702 statim
310 4641 340 4698 in
356 4642 450 4699 lronte
464 4640 579 4716 Prologi
595 4641 767 4715 prophetam
787 4659 852 4700 esse
867 4645 1021 4702 consessus
1075 4642 1249 4716 dogmatum
1276 4643 1453 4717 veritatem)
1491 4643 1522 4701 ia
1557 4642 1697 4700 omnibus
1731 4641 1814 4699 libris
1844 4641 1918 4700 suis'

196 4731 329 4801 sum,aed
339 4731 411 4805 quid
422 4731 536 4789 Hebrei
546 4731 677 4788 dicerent
687 4729 1022 4807 etquibusargumentis
1076 4736 1142 4806 post
1173 4732 1367 4806 Septuaginta
1398 4733 1589 4806 interpretes,
1615 4731 1783 4790 iudeorum
1808 4735 1913 4789 trane·

195 4840 280 4882 suam
293 4822 455 4880 niterentur
469 4819 592 4895 probare
606 4821 922 4892 sententiam,voluisso
938 4841 1021 4881 mon·
1074 4820 1200 4879 tationes
1232 4820 1369 4896 explanat
1400 4827 1430 4879 et
1460 4819 1609 4880 edisserit.
1643 4820 1790 4879 Eusebius
1832 4836 1913 4895 quo-

233 5002 241 5036 ¹
258 4999 442 5057 llurtiameus
453 5003 511 5074 qui,
535 5015 603 5055 oum
631 5003 737 5055 sanctie
751 4999 865 5056 lemine
880 4998 969 5056 Paula
993 5005 1022 5057 et
1076 5000 1225 5075 aliquibus
1239 4999 1334 5058 visum
1346 4999 1502 5069 eethufini
1518 4999 1701 5073 argumentis
1715 4975 1918 5071 constrictus,-

196 5071 388 5128 Eustochium
404 5070 626 5198 compellentur,
638 5071 895 5145 atqueipseetiem
912 5072 941 5127 in
957 5071 1022 5144 ipsa
1076 5070 1459 5146 quaebabenturinlralib.
1478 5088 1509 5126 rr.
1540 5073 1755 5141 invectivarum,
1784 5070 1832 5127 bic
1858 5071 1914 5128 de·

196 5140 381 5210 Praelatione,
398 5159 458 5214 qua
482 5144 583 5218 egerit.
1077 5159 1159 5201 mum
1175 5143 1356 5217 palinodiam
1367 5145 1518 5212 recantat3
1534 5143 1626 5200 autin
1637 5140 1915 5214 eehritaliquando

231 5210 242 5244 ²
257 5211 424 5284 intelligere
434 5229 469 5268 ex
483 5215 538 5270 hoc
551 5213 614 5271 loco
629 5212 706 5278 licet,
722 5230 780 5286 quo
796 5213 894 5269 animo
909 5212 939 5269 S.
965 5212 1021 5271 Do·
1076 5215 1220 5273 sententia
1235 5218 1268 5271 ut
1286 5216 1388 5268 contra
1415 5213 1547 5270 Ecclesia
1571 5213 1719 5288 judicium
1747 5213 1835 5271 hasce
1864 5214 1915 5270 la·

197 5285 260 5338 otor
273 5284 336 5336 tum
352 5283 381 5337 in
398 5282 510 5340 Prasiai.
526 5285 555 5339 in
572 5284 731 5353 Danielem,
748 5289 812 5340 tum
827 5285 856 5342 in
882 5286 1021 5356 proaemio
1076 5286 1162 5344 bulas
1177 5287 1234 5358 (sio
1256 5285 1336 5340 enim
1355 5287 1384 5340 et
1411 5283 1572 5342 verissim·
1600 5285 1729 5342 historia
1757 5285 1913 5342 interdum

197 5350 410 5424 explanationis
422 5353 452 5408 in
465 5357 601 5438 eumdem
618 5355 798 5428 prophetam,
811 5355 959 5482 oollefierit
973 5361 1022 5413 tu·
1077 5355 1273 5481 appellantur]
1287 5355 1349 5428 ipse
1363 5360 1497 5429 argueret
1510 5356 1814 5431 suppositionisvide
1829 5356 1914 5414 asri-

198 5425 370 5482 deorumst
390 5425 483 5497 l‘orpb
504 5441 540 5482 rrr
567 5432 740 5499 argumenta
769 5431 798 5483 et
823 5427 885 5484 cavi
910 5431 1022 5486 atrones
1077 5427 1141 5486 cani
1167 5428 1323 5499 cpietoam
1343 5427 1379 5483 ad
1407 5427 1454 5483 Ori
1477 5443 1560 5484 ehem
1591 5430 1627 5486 de
1645 5427 1701 5485 hoc
1719 5431 1913 5502 argumento,

198 5499 300 5555 contra
314 5495 459 5564 Susanna,
498 5496 563 5567 elis,
572 5495 714 5555 Draconis
739 5514 774 5555 ue
788 5497 953 5570 historiam,
970 5517 1023 5559 neo
1078 5499 1231 5573 ipsiusque
1246 5497 1425 5571 Origeniead
1440 5443 1610 5556 alesmum
1621 5515 1827 5575 responsum‚e
1842 5497 1923 5573 qui?

198 5585 258 5629 non
272 5567 416 5644 hymnum
431 5567 520 5628 trium
536 5583 705 5642 puerorum.
749 5584 824 5642 eque
838 5571 928 5640 enim,
945 5573 1022 5646 quod
1077 5571 1134 5629 hos
1149 5585 1207 5629 non
1221 5585 1317 5645 pauca
1330 5569 1526 5646 Hieronymus
1540 5574 1627 5632 autea
1642 5571 1833 5631 delibaverat.
