4068 6170
92 287 175 354 test
586 290 790 354 COMMEN'P.
814 290 855 352 ΙΝ
876 287 1077 354 casalensi
1099 289 1305 356 DlilBBORAE.
1715 295 1798 360 tm

90 440 144 497 per
157 422 248 482 ealles
263 423 361 482 devies
384 425 590 482 ascendebant.
608 425 648 480 De
668 425 775 498 quibus
790 423 917 480 inimicis
932 424 959 492 Α
973 423 1042 480 ditis
1053 441 1142 497 super
1154 426 1279 484 nitentes
1290 426 1447 500 asinostt).
1460 448 1475 478 ιι
1490 428 1526 486 la
1539 427 1669 499 Hebraeo,
1684 432 1794 492 asinas.

92 531 150 568 noa
168 511 317 586 plcueeos
345 511 485 569 liberasse
513 517 624 586 sangar
653 514 790 569 scribitur
818 513 915 584 (tertie.
973 537 986 560 «ι
1005 515 1037 568 tir
1059 515 1166 569 sedetis
1197 515 1391 586 injudicio.»
1424 521 1455 572 tn
1479 517 1607 588 scaren,
1624 541 1637 569 ι
1654 519 1802 581 sedentes

90 619 132 670 ιιι,
149 603 289 672 31).οοοά
306 620 372 658 vero
400 601 593 674 interponitur
619 601 705 674 paulo
725 601 916 673 saporius,ia
972 619 1062 674 super
1082 604 1239 674 judicium.
1269 606 1302 662 Et
1326 605 1483 662 ambulatis
1507 606 1538 664 ia
1566 607 1623 674 via,
1638 607 1795 680 loquimini

87 691 184 746 diebus
206 689 294 759 tutet,
316 690 539 764 intelligendum
568 696 621 760 est,
652 691 720 762 qaia
742 692 916 762 interemptu
973 689 1020 742 ubi
1038 689 1131 745 collisi
1147 697 1216 746 sunt
1236 708 1353 758 carrus,
1381 697 1407 748 et
1428 692 1557 750 bostiam
1577 696 1797 753 sutloaatusest

87 779 190 836 Sisara
205 797 222 836 a
235 779 330 841 lahel.
348 785 455 852 apertae
480 785 550 836 sant
565 780 615 835 vice
640 785 667 836 et
682 781 792 852 absque
809 779 866 834 ullo
881 780 916 835 ti·
971 779 1124 844 exterritus,
1141 780 1179 833 ibi
1192 781 1476 852 narrenturjustitis
1493 781 1619 854 Domini,
1636 783 1795 842 clementis

87 886 170 924 more
183 870 262 925 ibant
279 869 308 925 in
321 871 441 925 domum
459 869 585 935 Domini,
599 869 647 941 qai
661 875 746 924 antea
763 885 813 940 per
828 867 917 925 calles
972 864 1054 946 iuriis
1070 867 1169 924 lsrael.
1183 891 1196 918 ιι
1211 871 1389 926 Ascensores
1402 870 1554 928 asinarum
1570 871 1696 946 populus
1706 873 1798 932 lsrael

85 957 267 1014 deviosillua
283 951 505 1032 gradiebantur.
528 963 558 1012 iit
573 960 649 1031 qued
663 957 745 1013 latici
763 963 831 1014 autc
845 959 916 1012 lteb-
971 955 1094 1024 dicitur;
1107 957 1275 1014 asinevaro
1294 957 1447 1030 inquibus
1471 963 1644 1028 ascendunt,
1661 962 1802 1020 doctores

87 1048 191 1102 boram
206 1046 253 1102 bic
270 1047 401 1119 panitur,
417 1044 595 1102 humilitatis
611 1064 700 1102 cause
715 1046 769 1102 hoc
786 1046 918 1102 [labbara
972 1043 1066 1100 tribus
1080 1045 1167 1102 lsrael
1178 1047 1326 1114 dicuutur,
1347 1063 1435 1119 super
1448 1065 1572 1120 quorum
1583 1050 1795 1117 doctrinareli·

86 1133 330 1203 iecisscdicitur,
355 1152 389 1190 eo
409 1137 486 1208 quod
513 1136 595 1191 lubet
626 1153 699 1191 uxor
733 1133 917 1192 abercinei
971 1134 1288 1216 qauspopulusquasi
1311 1153 1399 1208 super
1420 1137 1519 1196 asinas
1542 1139 1801 1197 οοοιιιιιοιοιίἰοὶι-Ι

87 1223 220 1280 Sisaram
236 1223 425 1282 interfecerit.
970 1225 1028 1290 tur,
1045 1223 1138 1288 idest,
1153 1223 1345 1297 requiescere.
1362 1225 1395 1282 lit
1407 1225 1462 1298 ipsi
1476 1225 1723 1300 asinaedicuatur,
1738 1229 1794 1286 boa

125 1314 217 1384 (Vers.
250 1313 291 1381 7.)
318 1335 332 1361 ιι
366 1314 560 1369 cessaverunt
593 1313 725 1384 (autem),
762 1313 850 1368 lorice
885 1311 915 1367 in
970 1317 1024 1377 est,
1040 1313 1205 1384 gradientes
1217 1315 1407 1370 instarasins
1420 1314 1448 1370 in
1464 1315 1537 1387 lege,
1553 1317 1691 1374 sedentes
1705 1335 1796 1392 super

88 1401 178 1459 lsrael
193 1401 377 1474 quieverunt,
401 1401 492 1458 donec
509 1406 640 1478 surgeret
667 1401 808 1471 Debbora,
824 1404 917 1456 meter
966 1400 1124 1471 judicium,
1142 1401 1169 1456 id
1187 1407 1231 1458 est
1250 1419 1338 1475 saper
1366 1402 1471 1476 legem.
1504 1404 1571 1469 Quae
1597 1407 1685 1464 etiam
1705 1421 1797 1481 super

85 1493 118 1547 in
142 1490 235 1548 lsrael.
257 1490 386 1546 nl'ortcs
413 1490 461 1545 hic
490 1490 624 1545 doctores
654 1494 683 1545 et
712 1489 916 1561 predicatores
966 1488 1392 1560 judiciumscderedicuatar‚
1423 1491 1511 1550 idest
1539 1511 1627 1566 super
1645 1494 1798 1568 legem,et

86 1579 162 1652 legis
176 1579 256 1649 dicit,
274 1578 323 1650 qui
341 1578 496 1651 quievisse,
513 1578 540 1632 id
558 1583 612 1646 est,
630 1595 687 1633 ιιοιι
708 1578 798 1632 tuisse
814 1577 915 1632 dicun·
970 1576 1121 1633 ambulare
1135 1577 1165 1632 in
1181 1578 1228 1634 via
1243 1579 1298 1634 sub
1326 1579 1398 1651 lege,
1419 1581 1545 1652 eoquod
1566 1582 1642 1640 viam
1658 1581 1731 1654 legis
1747 1599 1797 1658 ne-

90 1675 147 1738 tur,
162 1668 254 1724 donce
270 1669 403 1740 surgeret
427 1684 490 1739 quae
516 1665 604 1722 lsrael
625 1670 653 1722 et
669 1665 874 1740 predicatione
888 1667 917 1722 et
970 1682 1119 1736 quaquam
1147 1667 1327 1724 excederent.
1358 1667 1503 1742 Populum
1525 1669 1797 1745 itaquequisuper
1865 1683 1869 1692 ’

87 1756 286 1812 exhortatione
300 1757 426 1820 doceret,
442 1759 470 1812 et
494 1753 617 1810 consilio
641 1757 676 1809 ab
692 1753 828 1810 hostibus
843 1753 915 1810 libe·
971 1753 1024 1810 bas
1043 1754 1152 1824 asinus,
1178 1755 1207 1811 id
1231 1762 1276 1812 est
1301 1773 1389 1829 super
1412 1757 1467 1814 has
1481 1757 1615 1816 doctores
1630 1761 1799 1832 requiesco-

85 1844 249 1901 raret.Hos
273 1843 467 1900 ctiamtortes
492 1843 521 1900 iu
547 1843 915 1915 superioribusadllomi·
970 1842 1030 1909 bat,
1065 1849 1199 1915 provocat
1232 1843 1366 1902 Debbora
1384 1847 1420 1902 ad
1442 1845 1673 1904 benedicendum
1694 1847 1798 1904 Domi·

84 1950 274 1989 numseoum
292 1931 522 1988 benedicendum
548 1935 649 1988 eadem
673 1931 805 1988 Debbora
821 1930 917 1988 verbis
971 1933 1158 1998 num,etait:
1184 1934 1352 2006 loquimini,
1382 1934 1411 1990 id
1441 1939 1495 2001 est,
1526 1936 1799 2009 laudatalltquasi

86 2023 300 2094 hisprovocat,
329 2022 448 2078 diacus:
467 2020 551 2084 «Qui
581 2024 688 2093 sponte
715 2020 867 2076 obtulistis
883 2019 918 2076 dc
972 2019 1219 2093 interrogassent:
1237 2021 1289 2078 Ubi
1305 2025 1466 2095 siquando
1491 2024 1678 2082 laudabimus
1693 2023 1793 2082 Domi·

85 2111 179 2168 lsrael
206 2111 320 2167 animas
339 2116 453 2168 vestras
481 2111 516 2166 ad
548 2109 724 2182 periculum,
756 2107 919 2166 benedicite
974 2109 1316 2182 numlillarcspondit:
1335 2109 1418 2168 «Ubi
1435 2111 1530 2168 collisi
1550 2115 1797 2181 suntcurrus,et

85 2201 212 2258 Domino
244 2203 325 2270 (avers.
359 2201 396 2272 2).
417 2223 430 2248 ιι
446 2199 479 2254 Hi
515 2201 616 2264 fortes,
645 2198 674 2253 id
706 2202 761 2264 cst,
782 2198 920 2254 doctores
973 2198 1103 2272 hostiurn
1136 2199 1296 2256 suffocatus
1328 2205 1373 2256 est
1406 2200 1560 2270 exercitas,
1581 2201 1621 2258 ibi
1642 2205 1799 2260 amnentur

83 2288 632 2346 obtulissedicanturaaimassaesad
645 2285 918 2360 periculum‚idest,
970 2287 1093 2360 justitie
1118 2287 1245 2355 Domini,
1270 2287 1426 2346 clementia
1449 2288 1532 2348 fortis
1559 2289 1697 2360 lsrael;»
1723 2305 1757 2347 ac
1772 2288 1800 2347 si

92 2380 152 2453 legi
167 2379 217 2436 Dei
233 2383 261 2435 et
284 2378 415 2435 servituti
437 2379 501 2450 ejus
526 2395 556 2434 se
571 2377 748 2444 subdidisse,
763 2380 791 2432 et
806 2375 853 2432 die
867 2392 919 2432 aa·
975 2376 1082 2432 diceret
1093 2394 1100 2433 :
1112 2376 1250 2441 Quemvis
1261 2393 1377 2450 semper
1388 2387 1415 2433 et
1427 2377 1535 2450 ubique
1547 2378 1805 2436 Deuslaudaudas·

94 2473 204 2541 ctuque
219 2466 249 2524 in
265 2465 504 2524 meditationibus
523 2465 596 2540 legis
612 2483 717 2539 corpus
733 2465 922 2536 animamque
976 2466 1032 2534 sit,
1051 2471 1147 2521 tamen
1164 2465 1250 2524 modo
1275 2465 1440 2524 laudandus
1455 2481 1473 2522 a
1491 2465 1574 2523 nobis
1591 2466 1689 2538 potius
1704 2471 1734 2522 et
1750 2468 1799 2524 be·

96 2557 275 2614 mactasse¹.
977 2555 1154 2612 nedieeudus
1187 2561 1241 2624 est,
1276 2554 1327 2627 qai
1342 2555 1478 2612 inimices
1511 2560 1628 2612 nostros
1646 2555 1801 2625 subvertit,

131 2645 226 2719 (Vere.
242 2647 282 2714 8.)
297 2668 311 2696 ιι
327 2644 405 2701 Nova
417 2643 494 2701 belle
517 2643 603 2718 elegit
615 2646 768 2718 Dominus,
784 2653 922 2721 otpertus
977 2644 1054 2700 sicut
1067 2644 1214 2717 AEgyptios
1231 2645 1260 2700 in
1276 2643 1350 2701 mari
1366 2643 1474 2700 liubro.

92 2736 226 2792 hostium
241 2733 304 2808 ipse
328 2734 480 2790 subvertit.
500 2733 626 2807 Clypeus
650 2739 678 2790 et
691 2735 776 2792 hasta
791 2736 815 2793 si
832 2755 921 2812 eppa-

92 2829 220 2881 ruerunt
244 2823 274 2879 ia
299 2823 493 2897 quadraginta
522 2823 654 2878 millibus
678 2825 775 2881 lsrael.
805 2848 818 2876 ιι
841 2829 929 2894 Quod.
1012 2821 1104 2894 (Vers.
1122 2822 1197 2891 au«
1214 2823 1296 2878 Τιιιιο
1325 2822 1475 2883 descendit
1490 2822 1616 2896 populus
1631 2822 1748 2880 Domini
1763 2823 1807 2883 sd

92 2913 166 2970 dicit
183 2913 303 2986 clypeus
318 2916 346 2968 et
359 2913 453 2978 hasta,
471 2910 694 2984 intelligendum
709 2919 754 2970 est
768 2913 822 2971 hoa
838 2915 922 2987 quasi
979 2915 1119 2985 portas,et
1133 2911 1260 2968 obtinuit
1275 2909 1482 2984 principatum.
1498 2931 1512 2964 ιι
1531 2911 1573 2968 ad
1595 2917 1694 2985 portas
1710 2929 1804 2986 popa·

93 3001 290 3074 jurejurando
307 3000 426 3072 dixisse,
443 3000 519 3073 quod
537 3001 566 3055 in
583 3001 776 3073 quadraginta
792 3003 924 3060 millibus
980 3003 1025 3058 lus
1043 3000 1155 3057 Domini
1171 3000 1331 3064 deseendit,
1349 2999 1377 3055 id
1393 3005 1448 3066 est,
1464 3001 1500 3056 ad
1516 2995 1729 3072 portasdomus
1744 3001 1802 3058 Do-

95 3089 186 3148 lsrncl
203 3106 256 3146 nee
281 3089 410 3162 clypeus,
437 3105 489 3144 uec
515 3088 600 3146 hasta
615 3089 736 3146 inveniri
752 3096 859 3164 posset.
877 3093 921 3149 ld·
979 3090 1062 3162 mini,
1079 3088 1148 3164 quia
1163 3088 1315 3144 benedicto
1330 3088 1452 3145 Domino
1465 3087 1668 3148 etcolleudato
1695 3089 1725 3146 ia
1738 3086 1804 3148 loeo

95 3183 174 3236 circo
186 3180 324 3234 Dominus
340 3195 414 3233 nava
429 3177 504 3233 bella
528 3177 650 3250 elegisse
674 3178 791 3248 dicitur,
812 3185 840 3242 et
855 3198 919 3253 por·
935 3157 957 3224 C
976 3179 1111 3246 victorie,
1132 3177 1347 3234 descenderunt
1379 3176 1408 3237 iu
1429 3177 1550 3234 domum
1571 3177 1696 3248 bamini,
1713 3182 1746 3234 ut
1759 3177 1809 3238 ihr.

96 3275 142 3326 tes
169 3267 300 3326 hostium
324 3267 510 3336 subvertisse,
535 3283 567 3322 ca
601 3269 677 3340 quod
702 3267 737 3323 de
758 3268 922 3327 inermibus
977 3269 1064 3326 ctiam
1093 3267 1251 3324 Dominam
1279 3266 1488 3338 collaudarent,
1513 3267 1801 3326 orationesatvicti·

95 3361 232 3416 torteset
259 3355 428 3412 victoriosos
458 3355 565 3412 lecerit.
594 3355 675 3421 Quod
704 3373 770 3412 vcro
786 3357 922 3414 Israelita
978 3375 1042 3414 mas
1066 3357 1091 3412 ci
1115 3357 1279 3414 offerentes.
1309 3355 1392 3420 Quod
1428 3373 1495 3412 vero
1523 3356 1651 3413 detribu
1668 3356 1803 3416 issachar

95 3447 190 3504 armis
204 3445 355 3520 exspoliati
385 3444 510 3524 tuissent
538 3444 656 3500 alabia
686 3461 752 3518 rege
773 3446 922 3516 chanaan,
978 3448 1110 3504 doctores
1121 3450 1284 3500 exterarum
1301 3443 1431 3500 tribuum
1446 3439 1554 3516 essent,
1575 3449 1806 3504 monstratura:

93 3537 127 3591 in
144 3533 347 3608 superioribas
367 3533 540 3602 declaratur,
557 3533 606 3589 ubi
633 3533 758 3590 dicitur:
783 3533 923 3590 Clamare·
978 3535 1053 3591 libro
1068 3531 1321 3606 Paralipomenon,
1349 3532 1399 3588 ubi
1423 3532 1482 3590 ait:
1497 3533 1535 3588 ue
1547 3532 1618 3603 filiis
1638 3549 1743 3605 quoque
1759 3533 1802 3590 ls-

95 3628 220 3696 raatpcc
234 3623 288 3692 itii
307 3624 393 3679 lsract
415 3622 451 3677 ad
465 3622 620 3678 Dominum.
643 3623 793 3694 Noupeutoe
807 3624 925 3680 talebot
978 3622 1076 3680 sachar
1089 3623 1144 3678 viri
1157 3619 1269 3692 eruditi,
1290 3622 1339 3691 qui
1370 3623 1470 3676 norunt
1494 3621 1603 3692 sinque
1631 3629 1752 3694 tempora
1767 3619 1804 3678 ad
1829 3638 1833 3646 ·

93 3714 216 3785 falcatos
243 3727 349 3783 cumas,
378 3719 403 3768 ct
426 3727 475 3783 per·
508 3713 610 3782 viginti
636 3729 726 3769 anuos
755 3714 926 3770 veliementer
978 3709 1193 3786 preripiendum
1207 3708 1273 3784 qaid
1301 3709 1391 3779 {acere
1417 3707 1523 3765 deberet
1549 3708 1643 3780 lsraet,
1662 3710 1803 3781 principes

94 3803 236 3875 oppressit
251 3816 295 3856 cos
308 3799 407 3869 (tudio.
424 3812 462 3870 iv,
483 3799 521 3872 3).
552 3798 746 3856 Vehementer
771 3801 927 3858 etlortitor
979 3801 1106 3858 ducenti:
1122 3814 1213 3854 omnes
1236 3805 1326 3854 ιιιιιοιιι
1363 3796 1476 3870 ratique
1499 3798 1804 3856 trituscorcmcorssi·

96 3889 249 3963 oppressit
264 3905 322 3954 eos,
340 3888 410 3960 quia
424 3887 515 3944 armis
528 3887 705 3961 exspoliasse
729 3890 854 3947 dieitur:
869 3889 926 3948 sic·
981 3892 1052 3946 tium
1077 3887 1262 3962 sequebantur
1283 3887 1308 3958 (1
1320 3886 1415 3942 Paret.
1445 3903 1496 3956 ιιιι,
1511 3886 1606 3957 32).lit
1620 3886 1698 3960 quod
1713 3885 1807 3948 iidem

97 3982 136 4046 ut¹
158 3979 189 4034 in
213 3977 286 4034 libro
311 3976 456 4034 Samuelis
480 3976 637 4034 scribitur:
668 3979 928 4050 Cumqueccaisset
980 3975 1202 4036 dectarssesini
1233 3982 1450 4048 nuncupentur,
1480 3979 1661 4032 monstratur
1680 3974 1806 4034 salibra

96 4069 159 4124 dies
174 4065 281 4140 pretii,
301 4083 357 4122 ιιοιι
369 4067 495 4122 inuentus
506 4073 546 4121 est
559 4067 631 4123 enses
646 4075 671 4123 et
686 4067 780 4124 lancea
796 4070 827 4124 ie
842 4085 928 4124 ιιιοιιιι
981 4069 1111 4140 Genesis,
1129 4067 1178 4122 ubi
1196 4064 1346 4138 sequitur:
1363 4063 1488 4120 lssactar
1508 4065 1708 4136 ministeriis,
1724 4079 1807 4122 cccc-

95 4159 184 4214 totius
204 4156 301 4229 papati
323 4157 372 4228 qui
393 4163 473 4212 erant
486 4171 549 4212 cam
561 4155 630 4212 Saut
646 4157 828 4230 dicacitas,
845 4171 927 4214 cace—
982 4157 1048 4213 bens
1062 4157 1136 4211 inter
1149 4155 1290 4222 ιιιιιιίιιιιι,
1305 4151 1376 4208 viiic
1403 4153 1527 4225 requiem
1554 4151 1624 4226 quod
1638 4154 1706 4208 essct
1721 4153 1802 4223 bono,

92 4244 836 4322 ptoSautettonattanfitioejastlRep.x11r,2·2).
981 4251 1126 4304 ettcrrom
1141 4243 1288 4316 quodesset
1303 4244 1417 4315 opticus,
1446 4245 1473 4298 ct
1487 4245 1628 4315 supposuit
1657 4241 1806 4300 tumetum

138 4333 233 4409 (Vere.
254 4333 282 4400 9,
298 4333 342 4400 10,
359 4333 414 4404 11.)
430 4355 444 4384 ιι
474 4337 528 4388 eor
556 4348 653 4389 meam
670 4332 767 4407 diligit
780 4333 928 4408 principes
982 4351 1063 4392 suam
1086 4332 1120 4388 act
1141 4330 1319 4406 portandam,
1342 4331 1483 4403 iactasque
1504 4334 1543 4388 est
1567 4331 1668 4388 tributo
1685 4331 1806 4392 servisne

95 4422 220 4481 Israel⁸.
233 4445 246 4472 ιι
258 4421 424 4482 Notandum
441 4421 518 4494 quod
542 4421 573 4478 ia
588 4421 716 4490 Hebraeo,
743 4423 927 4496 noaprinci-
983 4423 1058 4498 (Gen.
1091 4439 1166 4489 aura,
1200 4422 1245 4490 rt,
1284 4421 1338 4494 15).
1372 4419 1481 4478 Asinus
1509 4419 1538 4476 iu
1567 4419 1641 4478 libro
1661 4419 1811 4478 ὓιιιιοοοοῡ

98 4529 168 4588 ροο,
184 4511 234 4568 sed
251 4513 384 4568 doctores
399 4511 437 4583 (ιι)
453 4508 568 4584 legitur.
599 4509 657 4568 Hoc
672 4509 804 4568 chbare
817 4513 847 4569 ia
862 4529 929 4586 per·
946 4527 968 4592 ρ
984 4511 1067 4569 tortis
1082 4509 1199 4576 dicitur,
1215 4511 1334 4584 propter
1366 4508 1564 4566 tortitudinem
1581 4507 1665 4583 legis,
1680 4524 1713 4566 eo
1728 4508 1806 4582 quod

94 4618 178 4660 sona
192 4601 398 4674 Dei'loquitur,
415 4600 493 4674 quod
509 4599 587 4656 Deus
607 4599 710 4673 diligat
724 4600 857 4660 doctores
873 4601 929 4678 legi
985 4602 1013 4656 in
1030 4601 1152 4658 hamera
1164 4598 1258 4674 legem
1274 4601 1412 4672 portaret,
1428 4602 1457 4654 ct
1479 4598 1590 4655 ceteris
1600 4597 1737 4656 tribubus
1751 4598 1807 4654 tri·
1854 4661 1857 4668 ⁴

95 4691 330 4748 Deietudentcs.
347 4689 387 4746 De
411 4689 519 4762 quibus
544 4689 694 4761 sequitur:
712 4711 725 4738 ιι
743 4689 795 4754 Oui
813 4691 931 4764 propria
985 4690 1098 4757 butum,
1127 4688 1156 4743 id
1185 4691 1240 4756 est,
1270 4686 1433 4744 doctrinam
1460 4685 1533 4760 legis
1560 4687 1750 4760 impenderet.
1773 4689 1809 4744 lu

94 4779 252 4838 voluntate
276 4777 425 4835 obtulistis
448 4795 499 4834 vos
523 4777 685 4834 discrimini
698 4779 726 4833 in
743 4779 863 4854 populo,
879 4780 928 4838 be·
983 4777 1058 4835 libro
1072 4793 1138 4834 vcro
1152 4776 1292 4833 iudicum
1319 4775 1411 4834 asiure
1434 4775 1583 4844 dicuntur,
1599 4791 1633 4832 ec
1647 4774 1726 4848 quod
1740 4775 1808 4834 viri·

95 4867 231 4927 nedicite
247 4867 378 4923 Domino.
396 4889 409 4916 ιι
428 4866 591 4938 Dequibus
612 4865 700 4922 etiam
716 4867 930 4940 jamsupsrius
984 4868 1040 4924 bus
1067 4865 1148 4921 l'racti
1174 4869 1202 4920 ct
1226 4863 1383 4932 humiliati,
1413 4869 1500 4937 etque
1518 4863 1807 4936 iufirmimaaerent,

94 4959 216 5016 dictum
233 4960 278 5012 est
290 4955 319 5012 in
336 4972 370 5012 co
382 4955 458 5022 loco,
479 4955 528 5010 ubi
546 4955 604 5010 eit:
627 4979 640 5004 ιι
658 4955 711 5021 Qui
727 4959 830 5028 sponte
845 4957 929 5013 obta-
980 4957 1053 5030 jugo
1069 4953 1179 5012 scilicet
1194 4953 1324 5027 gentium
1341 4951 1732 5026 pressiatqaehumiliati,et
1744 4951 1807 5016 sols

95 5045 183 5104 listis
198 5045 235 5101 de
247 5045 334 5102 lsrael
350 5045 464 5102 enimes
481 5049 603 5115 vestras,
619 5067 633 5094 ιι
659 5049 712 5101 etc.
730 5067 743 5095 «
761 5045 815 5110 Qui
829 5061 931 5104 asceu-
984 5050 1100 5102 tantum
1116 5042 1243 5118 tagensi
1260 5043 1399 5098 contenti.

141 5297 149 5332 ¹
168 5295 200 5354 la
216 5295 282 5354 aliis
297 5294 513 5368 exemplaribus
526 5311 685 5354 macerasse.

137 5387 148 5422 ¹
166 5385 305 5442 Hebraeus
319 5371 417 5447 bnis:
445 5369 551 5474 ’optol
567 5384 705 5442 tettocecc
730 5386 825 5450 lsrael,
845 5385 880 5443 ad
899 5386 1009 5443 Scribas
1025 5384 1118 5442 lsraet.

137 5475 181 5550 (a)
198 5473 345 5544 Rebanus,
368 5475 510 5546 Principes
530 5474 625 5540 irruet,
642 5473 748 5548 inquit,
767 5484 833 5532 suat
846 5477 934 5535 ilecto
987 5473 1209 5544 dictaminum,
1234 5473 1283 5544 poi
1304 5471 1453 5528 ascenditis
1470 5483 1554 5543 saper
1570 5467 1705 5543 jansenio,
1721 5481 1811 5544 sopra

97 5563 147 5606 res
163 5549 264 5614 sandi,
277 5563 354 5621 pecs,
371 5552 425 5603 etc.
987 5547 1112 5605 aedicula
1125 5545 1255 5613 sedentes,
1272 5549 1299 5600 et
1315 5543 1502 5618 saporositas
1518 5542 1689 5616 rctotpeates.

139 5619 181 5700 (b)
197 5619 286 5688 idem,
301 5619 364 5678 Atia
378 5621 480 5692 οιιιιιιι,
497 5615 547 5686 ait,
563 5616 645 5677 editio
658 5619 699 5676 sic
711 5617 799 5690 latet,
814 5617 932 5680 senai-

271 5747 403 5816 t'sraor..
441 5743 549 5816 xxia.
1612 5739 1652 5808 tt
