4064 6158
155 221 210 292 ldd
657 231 850 302 ulandans
873 231 1031 298 contat
1051 229 1351 300 tuclsnaiattos.
1794 235 1854 302 190

155 360 316 422 &menum
327 364 496 440 pontificem
509 365 623 435 habuit,
638 367 689 426 tali
708 368 766 425 line
793 367 949 442 complevit
964 384 970 422 :
986 367 1075 436 Alos
1091 366 1289 442 rebaptizavit,
1319 384 1377 426 non
1401 367 1528 443 infringo
1550 369 1628 443 quod
1655 369 1797 443 sequeris.
1823 371 1852 428 si

154 452 245 509 allae
266 454 304 510 ad
329 455 537 513 conscientiam
562 463 655 526 tuam,
680 459 769 515 trater
790 457 973 524 charissime,
1028 473 1094 514 vero
1110 456 1141 513 in
1155 458 1221 514 sinu
1238 474 1302 514 meo
1319 463 1415 526 natus,
1428 459 1453 516 si
1469 458 1592 515 uberum
1615 475 1748 516 meorum
1775 459 1850 517 lacte

154 547 180 599 et
199 559 252 616 pro
281 543 391 602 honore
413 547 575 612 communi,
598 551 627 603 et
655 547 781 620 simplici
821 545 975 604 dilectione
1028 545 1168 615 nutritus,
1184 547 1337 604 adversum
1354 565 1400 604 me
1414 547 1545 621 gladium
1564 548 1652 618 levas,
1667 549 1757 605 redde
1772 550 1850 622 quod

154 631 338 705 protulimus,
355 635 508 691 credentes
522 637 609 692 etiam
621 635 674 693 tibi
686 653 737 710 pro
748 636 898 712 religionis
918 642 974 692 tue
1029 636 1106 702 dedi,
1123 641 1152 692 et
1165 641 1238 706 esto,
1255 636 1279 690 si
1296 642 1388 708 potes,
1405 635 1490 694 aliter
1504 637 1698 694 Christianus.
1716 637 1854 694 Meretrix

154 719 530 794 etlideiveritateplacere‚
554 741 616 796 que
645 729 674 779 et
702 723 838 799 religiosa
867 725 1000 798 pariter.
1029 739 1107 792 sum,
1124 724 1550 780 sedtamenmatertuasum.
1568 725 1630 781 Non
1656 741 1738 781 servo
1765 725 1854 782 unius

156 815 184 866 et
197 826 263 865 vera
276 812 355 865 sunt.
371 810 514 868 ueterum
529 813 640 869 seimus
655 814 811 886 quosdam,
828 815 906 887 quod
929 831 975 870 se·
1029 811 1084 867 tori
1100 813 1276 880 castitatem,
1293 811 1359 868 talis
1373 829 1452 870 eram
1484 815 1601 886 quando
1631 818 1852 886 conceptuses:

155 898 210 952 mel
226 896 415 967 imbiberunt,
428 899 506 956 nolle
530 900 685 973 deponere,
713 917 765 958 neo
792 903 974 976 propositum
1030 917 1097 956 cum
1114 901 1180 956 Ario
1197 899 1340 957 adulteria
1354 902 1517 970 committo,
1535 903 1588 958 leci
1613 907 1642 959 et
1670 907 1757 958 antea
1784 919 1851 959 eum

153 1002 237 1042 suum
254 985 340 1042 laeile
354 991 489 1055 mutare;
506 990 556 1046 sed
568 989 647 1047 salvo
663 991 739 1047 inter
753 991 880 1065 collegas
894 992 975 1064 pacis
1030 995 1140 1046 Praxea
1155 1007 1222 1046 cum
1239 990 1356 1058 Ebione,
1374 1007 1441 1046 cuni
1468 991 1616 1062 Cerintho,
1641 992 1767 1048 Novato:
1799 991 1854 1050 hos

151 1075 497 1144 eteoncordiaevinnulo,
514 1079 645 1150 quedam
661 1081 788 1152 propria,
805 1097 869 1153 quae
897 1082 975 1154 apud
1031 1077 1320 1152 amplexaris,hosin
1337 1080 1512 1136 matristuae
1535 1081 1656 1136 domum
1680 1082 1744 1153 jam
1773 1081 1855 1138 adul-

151 1162 356 1220 sesemelsint
371 1172 522 1239 usurpata,
553 1167 688 1224 retinere.
715 1169 778 1232 Qua
802 1170 831 1226 in
861 1187 892 1227 re
917 1187 975 1228 non
1031 1174 1109 1225 teres
1125 1169 1351 1241 recipisNeseio
1362 1169 1432 1240 quid
1450 1173 1477 1224 te
1491 1185 1568 1224 unus
1591 1169 1705 1226 adulter
1716 1169 1855 1226 oliendat.

149 1251 205 1308 aim
218 1251 362 1325 cuiquam
379 1253 514 1322 iacimus,
525 1257 576 1312 aut
591 1255 685 1330 legem
699 1258 815 1324 damus,
831 1258 903 1331 quin
924 1258 975 1315 ha·
1066 1259 1392 1329 summoueantur
1410 1261 1553 1330 susceptos.
1582 1289 1617 1298 -
1647 1259 1728 1325 Quod
1753 1259 1778 1314 si
1807 1275 1856 1315 ne-

150 1341 214 1396 beat
228 1341 259 1395 in
288 1341 424 1398 Ecclesia
450 1344 704 1402 administratione
728 1345 888 1404 voluntatis
916 1364 975 1405 suae
1031 1347 1160 1420 gandam
1176 1346 1323 1420 quispiam
1339 1345 1647 1420 putaverit‚hoereticos
1663 1365 1680 1404 a
1695 1347 1858 1419 majoribus

149 1429 306 1486 arbitrium
322 1429 465 1488 liberum:
495 1432 701 1507 uuusquisque
723 1435 761 1492 sit
791 1437 975 1510 praepositus,
1033 1436 1141 1493 nostris
1156 1453 1271 1508 semper
1287 1435 1377 1493 luisse
1406 1441 1570 1509 susceptos,
1600 1436 1679 1510 legat
1700 1437 1776 1493 beati
1804 1436 1857 1510 Cy-

149 1517 293 1574 rationem
310 1523 395 1577 actus
410 1521 456 1578 sui
471 1521 595 1579 Domino
607 1523 791 1592 :redditurus
808 1547 823 1575 »
851 1526 894 1582 Ad
923 1526 975 1582 lu·
1032 1526 1127 1597 prlani
1152 1524 1301 1598 epistolas,
1328 1525 1357 1580 in
1382 1525 1491 1598 quihus
1511 1525 1691 1596 Stephanum
1721 1525 1858 1582 Romane

148 1607 626 1682 baiannmquoquedeberetieis
651 1613 867 1686 rebaptizandis
900 1615 976 1671 scri·
1033 1614 1357 1687 urbisepiseopum,et
1380 1615 1546 1671 inveteratas
1575 1613 1797 1671 consuetudinis
1819 1613 1859 1670 la-

146 1696 230 1756 bens.
247 1697 279 1752 in
304 1697 363 1754 tine
392 1699 483 1756 libelli
510 1700 535 1756 si
562 1700 678 1760 locutus
702 1706 765 1759 est:
784 1725 799 1754 a
828 1704 894 1760 Haec
923 1704 977 1760 tibi
1033 1705 1285 1760 ceraterrorem².
1313 1703 1402 1776 Legat
1429 1707 1458 1759 et
1486 1703 1581 1776 ipsius
1606 1701 1705 1760 llilarii
1731 1701 1858 1770 libellos,

147 1785 274 1842 breviter
286 1802 339 1858 pro
354 1792 455 1844 nostra
470 1789 669 1846 mediocritate
682 1790 870 1863 scripsimus,
889 1793 980 1850 irater
1034 1809 1108 1864 quos
1123 1793 1264 1848 adversus
1275 1808 1328 1848 nos
1343 1792 1378 1847 de
1393 1791 1536 1848 hereticis
1558 1791 1773 1864 rebaptizandis
1800 1791 1860 1848 edi·

147 1872 335 1944 charissime,
350 1876 462 1934 nemini
496 1879 730 1950 praescribentes,
760 1885 811 1937 aut
839 1882 978 1953 prejudi·
1034 1881 1087 1948 dit,
1107 1885 1135 1936 et
1163 1879 1203 1936 ibi
1242 1880 1367 1954 reperiet
1393 1879 1491 1954 ipsum
1508 1879 1652 1936 Hilarium
1674 1880 1861 1951 confiteris
1908 1943 1912 1952 ‚

147 1967 259 2030 mules,
278 1963 439 2037 quominus
454 1967 873 2042 unusquisqueepiscoporum
901 1972 978 2043 quod
1032 1968 1119 2036 lulio,
1136 1969 1405 2042 ltereo,Sylvestro,
1435 1974 1465 2028 et
1487 1969 1598 2027 eatena
1621 1969 1769 2027 veteribus
1797 1968 1860 2042 epi·

150 2055 244 2122 putat,
258 2052 360 2124 iaciat,
376 2053 489 2112 habens
508 2055 621 2112 arbitrii
646 2058 692 2114 sui
708 2057 830 2115 liberam
850 2065 977 2132 potesta·
1033 2058 1129 2131 scopis
1145 2058 1280 2115 similiter
1293 2058 1324 2114 in
1351 2058 1551 2131 poenitentiam
1580 2075 1682 2116 omncs
1708 2058 1859 2115 hereticos

151 2153 222 2206 tem.
236 2146 306 2211 h'os,
323 2144 513 2218 quantumin
527 2145 612 2204 nobis
626 2150 812 2220 est,propter
828 2148 978 2206 hereticos
1033 2151 1185 2220 susceptos
1202 2164 1271 2205 :nec
1285 2152 1385 2204 tamen
1401 2147 1521 2204 sibimet
1540 2147 1672 2204 veritatis
1701 2151 1858 2204 consuetu-

146 2253 217 2293 cum
228 2233 755 2308 collegisetcoepiscopisnostrisnon
771 2240 977 2296 contendimus
1033 2236 1330 2309 dinempraejudicare
1354 2236 1472 2314 debere,
1501 2236 1636 2309 Synodus
1665 2252 1781 2309 quoque
1810 2237 1859 2292 Ni-

146 2341 216 2381 cnm
231 2324 346 2396 quibus
359 2322 489 2379 divinam
501 2325 915 2384 concordiametDominicam
929 2345 978 2400 pa·
1033 2343 1123 2394 cena,
1138 2327 1224 2397 cujus
1240 2325 1328 2398 paulo
1345 2329 1412 2382 ante
1428 2325 1551 2380 fecimus
1575 2325 1765 2389 mentionem,
1794 2341 1860 2380 om·

144 2430 210 2470 cem
223 2411 577 2478 unemusmaximeeum
589 2413 747 2485 Apostolus
762 2415 841 2472 dieat
851 2417 896 2473 :Si
916 2419 977 2488 quia
1033 2432 1085 2472 nes
1100 2415 1250 2472 hereticos
1265 2415 1404 2486 suscepit,
1420 2413 1548 2486 exceptis
1564 2413 1645 2469 Pauli
1673 2413 1857 2470 Samosatcni

143 2507 241 2558 autem
253 2503 436 2574 pntouuitec
455 2503 727 2573 contensioaurneaae,
741 2519 789 2560 noa
804 2505 887 2562 tutem
912 2522 976 2562 cou-
1031 2503 1195 2576 discipulis.
1211 2504 1246 2560 Et
1255 2503 1333 2575 quod
1349 2502 1395 2559 his
1410 2504 1510 2574 majus
1528 2505 1582 2570 est,
1599 2501 1735 2574 episcopo
1763 2501 1858 2557 Novo-

141 2591 325 2648 mendicem
336 2606 394 2647 non
407 2589 547 2657 taberniae,
564 2605 614 2646 ricc
627 2591 749 2648 Ecclesia
763 2593 821 2650 Dei.
837 2595 976 2652 Servatur
1031 2591 1223 2661 tianorum,si
1239 2608 1399 2648 conversus
1416 2591 1515 2660 luerit,
1534 2588 1706 2663 presbyterii
1734 2590 1856 2662 gradum

142 2699 159 2737 a
174 2681 267 2738 nobis
283 2679 430 2754 patienter
441 2683 470 2736 et
484 2679 589 2736 leniter
599 2680 726 2738 ebaritas
742 2681 843 2749 animi,
860 2683 974 2758 collegii
1031 2686 1137 2738 servat.
1153 2683 1220 2748 Quae
1235 2681 1380 2738 sententia
1396 2684 1425 2737 et
1441 2679 1608 2736 buoilerum
1635 2679 1801 2753 impugnat,
1830 2683 1859 2736 et

141 2771 251 2840 bonor,
270 2767 421 2825 vinculum
436 2768 514 2836 tidei,
527 2770 682 2826 concordia
692 2771 856 2830 sacerdotii.
878 2795 889 2823 ι
1030 2768 1191 2826 Hilarium:
1206 2771 1277 2828 dum
1292 2771 1370 2826 idem
1385 2767 1547 2826 etoleriaus
1562 2773 1616 2839 est,
1629 2772 1658 2825 et
1678 2768 1856 2841 baptizatus.

176 2861 225 2916 26.
243 2858 349 2915 Contra
379 2859 518 2914 Hilarium
547 2863 578 2915 E.
607 2860 638 2915 lt.
665 2859 819 2917 diaconum.
849 2891 885 2904 -
925 2863 976 2919 Est
1066 2861 1451 2932 culminacaetera
1476 2857 1703 2930 permanendum.
1737 2857 1857 2914 Conclu-

142 2957 290 3020 praeterea
303 2946 386 3004 aliud
401 2946 660 3020 quodinleremus,
674 2949 918 3023 adversumquod
938 2969 975 3007 ne
1028 2951 1071 3006 rio
1103 2951 1303 3022 Disputationes
1330 2952 1355 3006 et
1387 2951 1505 3020 [ructata
1529 2956 1563 2986 ’-
1605 2946 1737 3002 Poteram
1779 2945 1857 3002 diem

143 3037 254 3094 mutire
274 3036 663 3109 quidemaudeatHilarius,
694 3038 851 3096 Deucalion
882 3040 972 3096 orbis.
1028 3037 1487 3110 istiusmodieloquioducere‚et
1499 3051 1602 3092 omnes
1616 3032 1849 3108 propositionum

141 3127 172 3184 si
185 3125 268 3183 enim
285 3125 414 3182 heretici
430 3125 601 3198 batiptisma
625 3144 682 3184 non
711 3127 830 3198 habeut,
857 3133 886 3186 et
909 3129 973 3186 ideo
990 3112 1011 3180 C
1029 3127 1140 3184 rivulos
1155 3143 1222 3194 ,uno
1237 3125 1370 3183 Ecclesia
1379 3124 1440 3182 sole
1454 3123 1684 3182 siccaraVerum
1700 3123 1770 3196 quia
1786 3123 1851 3195 jam

144 3214 352 3290 rebaptizandi
367 3215 404 3271 ab
420 3214 549 3272 Ecclesia
557 3217 713 3289 suntquis
729 3216 757 3272 in
773 3218 903 3276 Ecclesia
917 3237 975 3276 non
1031 3216 1157 3272 multum
1173 3215 1360 3274 sermocinati
1375 3231 1491 3280 sunaus,
1506 3218 1535 3270 et
1554 3212 1705 3286 prolixitas
1734 3228 1851 3270 concer-

144 3305 279 3372 luerunt,
292 3303 358 3376 ipse
377 3319 494 3376 quoque
508 3303 636 3361 Hilarius
651 3311 765 3363 nonest
779 3307 973 3365 Christianus.
1030 3305 1149 3362 tationis
1163 3305 1345 3362 audientium
1374 3304 1473 3362 studia
1499 3303 1630 3370 lassavit,
1660 3303 1777 3358 brevem
1800 3299 1854 3357 tibi

146 3393 356 3466 lneaquippe
378 3393 456 3449 ²⁰⁰
479 3392 607 3450 Ecclesia
635 3394 801 3467 baptizatus
827 3401 882 3467 est,
913 3413 975 3470 quas
1030 3399 1219 3468 apertamque
1238 3393 1404 3450 animimei
1433 3392 1608 3450 sententium
1638 3391 1796 3465 proteram,
1822 3389 1852 3445 in

144 3497 262 3555 semper
287 3482 325 3538 ab
348 3480 492 3538 hereticis
520 3482 703 3556 baptismum
730 3485 848 3558 recepit.
889 3490 976 3544 Ante·
1030 3483 1081 3540 illa
1095 3500 1159 3542 esse
1176 3482 1305 3540 Ecclesia
1319 3482 1568 3556 permanendum,
1584 3498 1648 3553 quae
1664 3481 1701 3537 ab
1716 3478 1857 3554 apostolis

143 3587 233 3643 qnam
248 3569 446 3628 Ariminensis
462 3571 593 3644 synodus
622 3573 712 3642 deret,
736 3579 894 3648 numquam
922 3576 976 3632 Lu·
1029 3567 1856 3644 lundata,usquecddiemhanedurat.Sicubiaudieris

143 3659 218 3713 citer
240 3657 403 3728 exsularet,
430 3657 559 3716 Hilarius
581 3659 718 3717 Romane
742 3663 875 3720 Ecclesia
912 3665 973 3721 dia·
1028 3679 1078 3719 eos
1108 3661 1158 3734 qui
1187 3662 1328 3716 dicuntur
1352 3659 1474 3724 Christi,
1504 3675 1562 3714 non
1586 3674 1603 3713 a
1627 3661 1750 3714 Domino
1784 3657 1855 3712 Jesu

143 3747 290 3803 connsab
310 3744 456 3804 hereticis
482 3748 643 3818 venientes,
669 3749 700 3806 in
728 3767 761 3806 eo
788 3753 866 3824 quod
891 3752 974 3824 prius
1027 3750 1405 3823 Christo‚sedoquoquam
1423 3747 1479 3804 alio
1510 3746 1694 3819 nuncupari:
1724 3748 1757 3801 ut
1784 3749 1856 3818 puta

140 3839 319 3908 acceperant
334 3835 510 3907 baptismate
525 3836 713 3909 suscipiebat.
730 3838 792 3894 Nisi
809 3839 882 3896 torte
908 3847 972 3897 tan·
1029 3839 1228 3908 Marcionitas,
1243 3837 1476 3904 Valentinianos,
1489 3837 1667 3902 Munienses,
1691 3833 1752 3892 sive
1769 3837 1854 3892 Cam-

139 3931 204 3981 tnm
221 3924 328 3980 Ariani
342 3923 470 3980 haeretici
486 3929 565 3994 sunt,
579 3930 608 3982 et
622 3927 659 3983 ab
675 3927 719 3982 bia
739 3927 810 3984 solis
840 3929 970 4002 baptiza·
1028 3930 1148 4002 pites³z
1179 3928 1251 3984 scito
1280 3943 1338 3984 non
1361 3925 1518 3983 Ecclesiam
1539 3924 1659 3995 Christi,
1686 3924 1736 3980 sed
1770 3919 1853 3978 Anti·

138 4017 204 4068 tum
220 4011 426 4085 reciperenon
448 4012 523 4072 licet.
551 4015 697 4072 Diaconus
722 4031 796 4081 eras.
823 4032 839 4073 o
869 4017 971 4086 Hilari,
1027 4015 1416 4089 christiessesynagogam.
1437 4016 1477 4071 Ex
1504 4014 1558 4072 laoc
1579 4014 1658 4072 enim
1682 4013 1746 4088 ipso
1776 4013 1853 4086 quod

136 4105 165 4158 et
183 4119 205 4158 a
227 4099 398 4158 Manichaeis
415 4101 580 4174 baptizatos
604 4103 796 4176 recipiebas¹.
824 4105 971 4162 Diaconus
1026 4110 1127 4179 postea
1141 4105 1270 4162 instituti
1287 4108 1366 4172 sunt,
1381 4119 1432 4160 eos
1461 4120 1492 4160 se
1517 4121 1581 4160 esse
1607 4103 1749 4168 indicant,
1779 4118 1854 4175 quos

135 4207 218 4256 aras,
234 4195 265 4246 et
280 4189 401 4246 Ebionis
415 4190 564 4263 baptisma
590 4192 814 4264 comprobabas.
843 4198 970 4268 Repente
1026 4191 1305 4265 luturasdpostolus
1320 4191 1532 4265 prenuntiavit.
1545 4191 1602 4246 Nee
1619 4189 1674 4246 sibi
1697 4188 1850 4245 blandian-

135 4281 492 4353 postqnamexortusest
519 4279 616 4350 Arius,
640 4284 721 4336 totus
739 4281 791 4336 tibi
817 4281 971 4355 displicere
1026 4287 1084 4352 tur,
1114 4283 1191 4340 20²
1220 4282 1245 4338 si
1269 4281 1305 4338 de
1328 4277 1852 4354 Scripturarumcapitulisvidentur

132 4367 266 4442 caepisti.
281 4367 462 4441 Segregeste
475 4383 543 4424 eum
558 4369 618 4426 luis
637 4367 777 4437 vernulis,
809 4376 837 4428 et
862 4388 969 4428 novum
1025 4371 1240 4428 sibialilrmare
1259 4369 1336 4442 quod
1365 4368 1477 4436 dicunt,
1506 4383 1573 4424 eum
1603 4370 1631 4423 et
1655 4363 1790 4422 diabolus
1813 4364 1851 4420 de

131 4457 281 4514 mineum
296 4455 404 4529 aperis.
420 4457 449 4514 si
464 4461 494 4518 te
509 4459 633 4532 angelus
647 4457 765 4531 aliquis,
778 4464 830 4516 aut
853 4467 969 4534 aposto·
985 4481 1009 4546 D
1025 4459 1185 4533 Scripturis
1200 4458 1300 4531 aliqua
1315 4457 1354 4514 sit
1369 4457 1495 4525 locutus,
1508 4462 1538 4514 et
1552 4455 1712 4529 Scripturis
1733 4471 1792 4510 non
1820 4452 1851 4510 in

167 4639 293 4692 ¹Vetus
323 4635 424 4702 editio,
454 4641 480 4693 ct
508 4637 672 4695 Manichacus
695 4639 857 4710 recipiebas.
884 4642 966 4707 Quod
1022 4636 1102 4709 nymi
1118 4636 1261 4694 discimus
1272 4639 1430 4694 sectatores
1453 4635 1558 4694 Donati
1572 4635 1722 4692 llontcnacs
1749 4633 1851 4707 appel·

129 4709 334 4792 intraneorum
348 4707 476 4790 balncum
490 4709 664 4782 appellatur,
682 4708 829 4768 Victorius
858 4727 965 4770 novum
1020 4707 1106 4776 latos,
1132 4708 1210 4780 quod
1222 4707 1377 4792 Ecclesiam
1394 4713 1490 4764 nome
1510 4707 1540 4764 in
1570 4712 1668 4790 monte
1691 4705 1850 4787 habuerunt

131 4776 442 4914 δι’ρὲιεὲἑῖιᾞοιῖῗιῗὲ..
458 4855 492 4906 ut
505 4850 629 4917 videtur,
646 4853 675 4906 in
691 4853 789 4924 quibua
819 4854 892 4924 opud
906 4855 964 4912 su-
1020 4779 1096 4906 {piei}
1095 4775 1722 4930 31:235?leavrgroprirtrral'ri'rffalilsffirffelgsir[111¹
1724 4780 1848 4929 [Effigie

127 4923 261 4994 phuam
274 4923 403 5004 'nomana
426 4923 505 4981 Urbis
521 4924 608 4994 episco
628 4939 689 5004 nm..
713 4923 874 4982 inueteratae
900 4943 964 4984 con·
1019 4924 1163 4978 llanrnm.
1180 4922 1273 5004 -lta
1292 4922 1459 4978 Donatistae
1483 4938 1534 4993 per
1563 4935 1726 5003 convicium
1741 4933 1848 5000 ,vocam

127 4993 291 5050 meudina
320 4993 424 5050 lacerat
444 5009 576 5050 errorem.
606 4939 705 5050 sonuit
732 5011 798 5051 vero
827 4995 964 5070 Hierony·
1019 4993 1234 5065 autumo,quod
1252 4992 1473 5065 ancampisaut
1501 4991 1651 5048 montibus
1679 4989 1847 5046 habitarent

127 5081 202 5122 mus
218 5062 377 5137 epistolam
391 5065 419 5120 S.
435 5065 569 5137 Cypriani
582 5067 628 5132 rt,
640 5082 704 5138 que
732 5067 768 5121 ad
795 5066 965 5140 Stephanum
1019 5069 1052 5120 ut
1066 5083 1119 5122 vox
1135 5065 1199 5137 ipsa
1215 5063 1355 5134 loquitur.
1373 5064 1403 5118 ln
1433 5061 1524 5134 gestis
1546 5061 1729 5134 purgationis
1757 5059 1848 5118 Caei-

122 5153 236 5209 papam
264 5135 298 5192 de
323 5135 438 5192 concilio
467 5136 639 5204 inscribitur,
678 5135 827 5210 simulque
861 5136 963 5207 aliam,
1019 5135 1091 5193 lieni
1116 5135 1354 5208 Carthaginensis
1382 5133 1511 5215 episcopi
1541 5149 1558 5188 a
1585 5133 1703 5190 Baluzio
1740 5132 1844 5190 odilis:

125 5223 225 5280 quam
241 5205 382 5264 Crescens
405 5207 546 5264 Cirtensis
573 5225 589 5264 e
612 5207 729 5279 iscopus
759 5209 788 5262 in
813 5205 963 5284 Cartbagi—
1019 5231 1032 5258 n
1050 5205 1714 5277 Nundinarinadiaeonusdixrt:Campensea
1733 5209 1762 5260 et
1785 5221 1847 5262 arc·

124 5277 218 5336 nansi
236 5277 362 5334 coneilio
376 5224 608 5346 memorat3serf
629 5279 665 5334 ad
702 5295 756 5334 nos
785 5296 878 5362 usque
905 5297 962 5338 non
1018 5276 1792 5349 niariileeeruntillumepiscopum.rPrimceditio
1816 5281 1847 5334 ot

123 5349 260 5408 devenit.
273 5349 391 5406 Scilicet
403 5350 433 5406 in
450 5349 501 5406 illa
511 5348 602 5406 mulla
632 5351 668 5406 de
695 5350 853 5422 Scripturas
880 5353 963 5408 testi·
1018 5351 1159 5408 Erasmus
1172 5349 1304 5422 legerant
1319 5349 1471 5422 Cumputer.
1499 5349 1577 5406 Idem
1602 5365 1669 5406 vero
1688 5353 1717 5405 et
1744 5347 1843 5405 Victo·

124 5421 412 5480 moniaeontraSte
435 5421 555 5478 hanida
576 5421 722 5494 baptismo
755 5421 959 5481 hereticorum
1017 5423 1567 5494 riusquoqueMontensosallonlaui
1591 5420 1693 5478 haeresi
1722 5419 1846 5478 ridicula

122 5492 312 5552 sententiam
325 5439 532 5576 atleressantur.
547 5565 552 5576 Ι
1018 5495 1259 5567 interpretantur.

158 5565 352 5637 ’lentem
370 5579 428 5622 nce
455 5565 603 5639 dompnus.
632 5563 653 5620 E
682 5563 833 5623 Chronicis
853 5566 953 5624 Hiero·
