4054 6168
130 268 214 368 tait
658 264 1313 400 amnaeaeaedn'snrruuuus.
1753 271 1842 362 rora

129 427 244 495 v'omvit
259 423 446 508 nomenoius
465 413 560 492 laloab.
577 417 635 492 lete
650 436 696 488 est
708 435 793 504 pater
815 427 955 486 Moabita-
971 421 999 495 A*
1013 424 1111 482 vulus.
1139 426 1198 484 Nec
1222 427 1363 484 miremur
1386 427 1541 488 barbaram
1564 417 1697 505 linguam
1725 427 1835 492 habere

128 536 310 598 rum'usquc
325 521 357 581 in
371 522 447 580 bene
460 521 550 580 diem.
566 525 600 578 nt
614 519 721 589 minor,
733 523 760 576 et
770 519 835 594 ipsa
848 515 959 592 peperit
1011 516 1204 588 proprietates
1219 533 1288 573 suas
1302 535 1308 574 :
1325 534 1393 574 eum
1404 517 1547 593 hodieque
1557 521 1655 578 Romae
1665 538 1767 583 ornnes
1780 524 1835 582 tilii

129 611 240 684 lilium,
256 617 286 672 et
301 612 413 672 vocavit
428 629 536 670 nomen
550 613 614 685 ejus
629 615 766 680 Ammon,
777 609 808 666 id
817 606 959 679 aethlius
1012 609 1152 663 vocentur
1170 605 1307 664 infantes.
1323 607 1423 664 Posuit
1437 625 1505 683 ergo
1529 609 1677 667 Abraham
1701 629 1791 686 panes
1806 619 1835 672 et

129 695 234 779 populi
259 702 328 760 mei.
357 702 423 777 lpse
448 706 494 760 est
515 702 599 775 peter
630 699 759 757 filiorum
789 699 958 756 Ammon.»
1013 698 1108 751 utram
1124 711 1212 770 super
1233 695 1392 753 humerum
1415 698 1510 769 Agar:
1534 701 1563 754 et
1586 698 1640 756 hoo
1663 701 1738 784 lacto
1754 703 1836 760 dedit

131 792 454 866 Moahlnterpretatur,
468 795 611 864 acastre:
627 792 763 848 ettotum
778 802 886 844 numen
902 789 960 859 etv·
1013 799 1138 859 puerum
1154 785 1253 855 matri,
1273 785 1328 842 hoo
1351 789 1405 856 eet,
1431 786 1461 842 in
1483 803 1590 846 manus
1619 789 1684 860 ejus
1704 791 1834 862 tradidit,

134 881 298 957 mologiern
313 879 412 937 habet.
427 879 550 939 Ammon
565 893 642 947 vero,
658 878 743 950 cujus
770 874 855 950 quasi
871 890 961 932 cauea
1014 872 1239 944 commendavit,
1263 878 1292 932 et
1314 873 1356 931 ita
1379 875 1478 932 emisit
1493 891 1508 932 e
1523 877 1620 934 domo.
1637 878 1717 945 Quod
1739 883 1837 937 autem

130 970 264 1032 nominis
278 970 411 1028 redditur
423 968 609 1043 filiusqcum'
620 970 686 1040 mei,
710 966 771 1025 sive
799 970 832 1023 ut
853 965 960 1022 melius
1014 963 1167 1038 sequitur:
1737 1039 1738 1044 ἵ

130 1059 225 1120 estin
250 1059 371 1118 Hebraeo
395 1058 486 1132 (trev),
508 1059 585 1130 filius
606 1058 703 1132 populi
728 1057 795 1125 mei,
818 1055 860 1112 siu
883 1053 960 1112 deri·
1050 1055 1144 1124 (Vere.
1159 1055 1203 1121 15,
1221 1056 1267 1112 16.
1273 1057 1286 1124 l
1301 1076 1316 1106 a
1331 1055 1494 1128 Dtprojecit
1505 1073 1631 1130 puerum
1641 1058 1745 1116 subter
1760 1059 1838 1119 abie-

131 1155 231 1218 vatur,
248 1152 283 1206 ut
297 1164 333 1206 ex
346 1151 430 1221 parte
445 1163 551 1204 seusus
572 1145 711 1214 nominis,
737 1162 772 1202 ex
795 1147 878 1218 parte
897 1142 961 1217 ipsa
1014 1147 1085 1212 tem,
1101 1148 1130 1201 et
1144 1144 1245 1202 abiens
1261 1144 1337 1201 sedit
1350 1145 1386 1201 da
1409 1149 1511 1202 eontra
1534 1145 1630 1220 louge,
1656 1147 1742 1218 quasi
1754 1150 1838 1221 jactu

130 1239 174 1298 sit
185 1254 284 1296 sermo
297 1255 304 1296 ε
321 1237 415 1295 sum¹
430 1236 521 1304 enim,
537 1253 555 1294 a
569 1252 626 1310 quo
641 1234 712 1293 dicti
726 1237 797 1292 sunt
809 1229 961 1290 Ammoni·
1015 1232 1137 1307 sagitte.
1154 1234 1232 1291 Dixit
1246 1233 1344 1290 euim:
1360 1234 1422 1291 Non
1445 1233 1549 1292 videbo
1575 1239 1700 1294 mortem
1724 1239 1838 1312 parvuli

130 1333 185 1399 ta»,¹
196 1331 319 1386 vocatur
330 1326 450 1402 populea
463 1342 550 1384 measa.
1015 1322 1083 1379 mei.
1097 1324 1133 1378 Et
1154 1323 1231 1380 sedit
1254 1326 1357 1380 eontra
1379 1339 1460 1381 eum.
1481 1347 1495 1375 a
1508 1325 1542 1381 Dt
1568 1325 1667 1383 statim
1679 1326 1835 1402 iungitur:

170 1419 255 1492 (Cap.
267 1417 328 1475 XX.
360 1419 493 1474 —Vers
523 1416 568 1474 12.
584 1418 623 1485 )ι
655 1413 769 1472 Etenim
799 1426 964 1470 veresoror
1016 1433 1031 1462 a
1048 1411 1228 1468 Exclamavit
1243 1428 1326 1485 puer,
1341 1415 1370 1469 at
1384 1412 1471 1482 llevit,
1488 1413 1636 1471 etuudivit
1646 1416 1724 1473 Daue
1736 1434 1846 1490 vocem,

1 1486 13 1588 ¹,
133 1524 208 1566 mea
231 1511 276 1564 ast
298 1506 335 1563 de
363 1508 456 1578 patre,
487 1505 538 1562 sed
567 1507 824 1562 nonexmatre.·
847 1500 879 1558 ld
907 1506 962 1567 est,
1017 1500 1099 1574 pueri
1118 1501 1154 1557 de
1177 1499 1240 1558 loco
1266 1501 1316 1557 ubi
1339 1507 1411 1558 erut.
1435 1501 1471 1559 Dt
1493 1501 1713 1586 dixitlangelus
1735 1505 1837 1564 Dciad

135 1596 239 1654 fratris
253 1595 315 1668 ejus
329 1599 376 1654 est
389 1599 469 1652 bran
493 1593 564 1664 lilia,
589 1610 647 1651 uun
672 1591 791 1651 sororis.
818 1589 874 1647 scd
892 1589 963 1663 quia
1016 1590 1138 1663 Agar-de
1153 1589 1235 1660 coelo,
1250 1612 1265 1642 a
1283 1591 1444 1664 etreliqua,
1461 1591 1576 1649 nullum
1591 1597 1715 1652 moveat.
1731 1595 1764 1653 Iu
1782 1595 1839 1654 lle·

135 1686 170 1743 in
185 1685 301 1742 Hebraeo
315 1684 423 1742 habet:
441 1706 456 1736 «
471 1683 545 1742 Vero
559 1698 643 1741 soror
656 1697 723 1740 mea
736 1679 862 1748 est,filia
871 1677 962 1752 patris
1016 1678 1093 1736 brac
1117 1679 1195 1736 euim
1218 1683 1285 1753 post
1307 1679 1372 1752 hoo,
1402 1681 1480 1754 quod
1504 1681 1646 1756 scriplum
1671 1687 1726 1752 est,
1742 1706 1757 1736 «
1775 1683 1839 1742 Non

134 1774 207 1845 mai,
222 1777 252 1830 et
266 1789 323 1831 non
347 1772 410 1830 filia
432 1772 535 1832 matria
557 1788 648 1847 mere3
665 1794 681 1822 a
703 1773 732 1828 et
755 1768 850 1842 magis
865 1770 960 1832 sonat,
976 1800 1001 1866 Β
1016 1767 1120 1825 videbo
1144 1773 1269 1826 mortem
1293 1769 1407 1842 parvuli
1430 1770 1499 1840 mei,
1515 1793 1530 1822 u
1554 1771 1596 1828 ita
1618 1770 1737 1845 legitur,
1761 1774 1840 1846 quod

131 1863 215 1940 quod
235 1879 318 1920 soror
338 1862 460 1920 Abrahae
487 1861 586 1931 luerit,
611 1861 642 1919 in
663 1858 882 1917 exeusationem
896 1857 961 1929 ejus
1014 1856 1080 1932 ipsa
1092 1861 1172 1931 Agar
1185 1859 1295 1916 sederit
1308 1862 1410 1916 contra
1430 1875 1566 1934 puerum,
1591 1865 1621 1918 et
1643 1859 1781 1920 levaverit
1794 1880 1843 1920 vo-

131 1951 263 2010 dicimus
273 1953 294 2020 ¹,
310 1952 437 2010 necdum
451 1950 501 2010 illo
517 1955 649 2024 tempore
662 1949 737 2007 tales
761 1947 880 2021 nuptias
897 1945 962 2019 lege
1015 1941 1079 2004 cem
1094 1963 1191 2019 suam,
1207 1950 1235 2004 et
1258 1947 1379 2017 fleverit,
1404 1951 1433 2004 et
1453 1947 1615 2006 exaudierit
1639 1953 1716 2009 Deus
1738 1967 1838 2009 vocem

132 2040 310 2116 prohibitas.
1015 2036 1139 2109 purvuli.
1156 2036 1256 2093 Fleute
1269 2036 1348 2094 enirn
1363 2042 1467 2107 matre,
1484 2045 1511 2094 at
1523 2041 1649 2096 mortem
1672 2039 1723 2096 lilii
1749 2039 1839 2098 mise·

171 2130 253 2204 (Gap.
282 2128 404 2187 XXl.-
419 2129 584 2202 Vers,tl.)«
605 2129 639 2186 m
665 2129 739 2187 vidit
767 2131 839 2188 Sara
868 2131 960 2206 llliupn
1016 2124 1333 2199 rabilerprestolante,
1357 2127 1434 2183 Deus
1458 2127 1606 2184 exaudivit
1631 2144 1779 2202 puerum;
1804 2130 1841 2188 de

129 2222 215 2294 Agar
229 2218 376 2293 AEgyptie,
389 2234 478 2293 quem
489 2217 602 2292 peperit
611 2219 674 2292 [Al.
689 2221 851 2294 pepererat]
861 2222 961 2278 Abrae
1016 2232 1075 2290 quo
1089 2213 1237 2290 pollicitus
1251 2216 1346 2272 fuerat
1358 2216 1492 2285 Abrahae,
1506 2215 1626 2276 diceus:
1644 2217 1733 2276 Sedet
1746 2217 1843 2290 filiam

131 2308 309 2377 ludentem
327 2328 342 2358 u
358 2307 437 2380 quod
448 2307 593 2380 sequitur,
603 2329 617 2358 u
630 2311 701 2365 cum
711 2311 792 2366 lsuuc
803 2310 863 2368 illio
873 2325 961 2381 suo,»
1016 2305 1129 2364 ancill&
1155 2311 1208 2362 tw
1231 2306 1262 2360 in
1285 2308 1393 2377 dentem
1414 2321 1544 2378 menam
1564 2307 1750 2381 saoiomloop.
1771 2325 1840 2381 xvir,

133 2415 197 2466 nou
211 2396 336 2454 habetur
350 2396 380 2453 iu
396 2397 524 2455 Hebraeo.
550 2395 711 2470 Dupliciter
730 2398 831 2471 ltaque
851 2399 905 2456 hoc
925 2399 963 2456 ab
1015 2411 1085 2452 vers.
1101 2395 1160 2457 20).
1184 2393 1319 2466 Alioquin
1334 2398 1364 2451 et
1378 2393 1443 2466 ipsa
1458 2398 1553 2452 mater
1579 2413 1637 2453 non
1662 2413 1747 2454 suam
1763 2415 1841 2458 mor-

130 2483 266 2546 chrais
280 2485 452 2559 exponitur:
468 2485 529 2543 aive
543 2485 621 2559 quod
636 2485 715 2543 idola
739 2485 809 2544 ludo
825 2487 927 2544 lecerit
940 2489 961 2557 ³,
1016 2489 1075 2541 tem
1100 2484 1151 2541 sed
1175 2483 1228 2539 filii
1253 2482 1432 2556 deplorabat.
1458 2483 1589 2558 Pepereit
1611 2485 1737 2559 igiturei
1752 2487 1840 2557 Deus,

125 2576 221 2649 juxta
235 2572 308 2630 illud
324 2573 404 2646 quod
417 2571 489 2631 alibi
503 2573 652 2647 Scriptum
669 2578 732 2632 est:
758 2575 833 2632 Sedit
848 2577 964 2655 popalus
1017 2589 1070 2648 pro
1085 2589 1144 2646 quo
1168 2573 1262 2630 lueret
1281 2576 1309 2630 et
1333 2572 1430 2630 ssatus.
1456 2573 1585 2648 Denique
1608 2574 1638 2631 iu
1659 2591 1842 2650 cousequen-

130 2663 279 2722 comedere
308 2671 335 2720 et
361 2662 466 2730 bitere,
494 2669 522 2720 et
547 2672 729 2720 surrexerunt
756 2665 849 2722 ludere
864 2665 963 2738 (deod.
1017 2661 1397 2737 tibusdicitur(cere.18):
1417 2682 1431 2716 ι
1454 2664 1547 2738 Surge
1571 2667 1600 2720 et
1619 2664 1689 2723 tolle
1705 2683 1842 2740 puerum,

131 2751 284 2824 mund)
298 2769 305 2808 :
321 2751 383 2808 aive
399 2751 484 2824 quod·
501 2751 656 2808 adversum
685 2754 775 2823 Isaac,
800 2754 885 2827 quasi
901 2771 964 2812 ma·
1018 2753 1340 2822 ettonemauumejm.
1357 2774 1371 2803 a
1382 2755 1490 2826 linquo
1501 2753 1692 2812 manifestum
1703 2759 1759 2824 eet,
1774 2772 1841 2813 cum

127 2841 214 2915 juris
228 2840 336 2910 aetatis,
348 2840 416 2913 joco
431 2839 488 2898 eibi
512 2845 542 2898 et
555 2840 626 2898 ludo
647 2841 842 2917 primogenita
864 2843 965 2900 vendi·
1019 2841 1070 2916 qui
1086 2845 1212 2913 tenetur,
1228 2858 1287 2898 non
1301 2840 1382 2899 oneri
1397 2841 1485 2898 matri
1498 2842 1601 2911 luisse,
1616 2843 1667 2901 sed
1687 2844 1837 2908 comitem.

132 2933 229 2990 caret.
245 2929 328 2996 Quod
351 2929 470 3003 quidem
484 2933 555 2987 Sara
569 2929 693 2988 audiens
707 2948 765 2988 uon
779 2931 966 2990 tulit:ethoc
1018 2931 1100 2998 Quod
1133 2933 1231 2987 autern
1265 2947 1355 2988 manu
1386 2931 1519 3004 parentia
1551 2935 1668 2990 tenetur
1697 2931 1843 2992 sollicitus

132 3018 285 3101 exipsius
308 3019 492 3094 approbatur
514 3035 659 3078 sermone.
672 3020 797 3078 dicentis
815 3021 896 3094 (vers.
920 3021 965 3096 lo)
1019 3023 1201 3077 monstratur
1215 3020 1349 3077 allectus.

76 3129 78 3132 ·
135 3132 153 3161 a
171 3109 255 3182 lljice
278 3105 416 3164 ancillam
440 3106 516 3165 hanc
534 3124 600 3165 oum
626 3109 692 3166 illio
712 3127 776 3168 auo.
807 3111 963 3168 Noueuim
1056 3109 1148 3184 (Vere.
1164 3109 1222 3182 22.)
1238 3131 1253 3161 «
1286 3109 1321 3166 Dt
1335 3107 1408 3166 dixit
1439 3108 1607 3167 Abimeleoh
1635 3113 1664 3168 ot
1694 3111 1841 3170 ochozath

134 3193 234 3272 habea
249 3189 304 3254 cr'it
317 3187 403 3276 lilius·
413 3191 525 3254 ancillae
541 3210 608 3254 cum
624 3183 685 3254 illio
699 3212 764 3257 meo
780 3201 870 3257 lsaa'c.
888 3223 899 3251 ι
978 3167 1000 3240 (ἶ
1019 3193 1171 3272 pronubus
1183 3199 1257 3271 ejus,
1273 3199 1302 3255 et
1317 3195 1418 3255 Phicol
1432 3198 1569 3272 princeps
1581 3199 1724 3258 exercitus
1737 3201 1812 3276 alus.
1827 3221 1842 3246 π

174 3281 270 3360 (Vere.
286 3283 374 3364 tlt«
395 3283 431 3342 Et
453 3281 583 3358 sumpsit
604 3301 697 3360 panes
721 3291 964 3362 etutremaquae,
1018 3287 1144 3360 Excepto
1177 3283 1346 3346 abimelech
1380 3290 1409 3343 at
1428 3287 1539 3360 Phiool,
1571 3288 1690 3346 tertium
1706 3291 1845 3360 doment

134 3363 171 3454 et
191 3374 273 3433 dedit
293 3377 383 3449 Agar,
408 3390 522 3448 ponens
544 3390 634 3448 super
657 3375 814 3434 humerum
841 3379 917 3450 ejus,
936 3381 967 3435 et
1020 3377 1098 3450 quod
1115 3376 1162 3433 hio
1195 3375 1304 3450 legitur
1318 3375 1348 3432 in
1381 3375 1501 3434 Hebrreo
1533 3377 1683 3436 volumine
1715 3389 1774 3437 non
1796 3377 1846 3437 ba·

134 3460 308 3540 parvulam,
323 3465 352 3522 et
366 3453 482 3520 dimisit
505 3463 581 3520 eam.
598 3485 612 3514 π
641 3465 763 3530 Quando
784 3465 865 3523 lsaao
878 3469 966 3524 natus
1019 3467 1113 3524 betur.

135 3545 199 3619 eet,
210 3551 350 3610 tredecim
366 3541 514 3610 auuoltrm
531 3554 594 3609 etat
605 3551 720 3611 lamuel.
737 3555 772 3610 nt
785 3559 852 3628 post
866 3554 966 3612 ahlao·
1056 3550 1151 3628 (Vera,
1165 3553 1224 3624 ³0.)
1239 3577 1253 3604 a
1269 3553 1305 3610 llt
1319 3552 1411 3610 dixit:
1426 3553 1543 3628 Septem
1559 3571 1627 3615 ovea
1642 3555 1696 3614 hae
1720 3555 1846 3631 accipies

137 3640 382 3714 manusuetus,
407 3639 465 3699 iste
486 3657 554 3698 cum
578 3646 672 3700 matre
692 3639 847 3715 expellitur
866 3643 965 3701 domo.
1020 3660 1109 3713 ame,
1126 3640 1242 3699 utsiin
1267 3641 1469 3699 testimouium
1494 3643 1577 3716 mihi,
1603 3644 1674 3717 qula
1701 3646 1776 3702 m
1791 3662 1844 3718 ego

141 3731 228 3790 Inter
240 3729 371 3790 Hebraea
387 3733 485 3788 autem
498 3730 581 3787 varia
590 3730 689 3805 opinio
696 3736 751 3801 est,
765 3732 967 3790 asserentibus
1021 3731 1080 3790 lodi
1094 3731 1325 3806 puteumistum.
1336 3752 1350 3781 π
1362 3730 1429 3788 Ideo
1439 3731 1657 3806 cognominavit
1666 3747 1774 3792 nomen
1788 3732 1845 3791 loci

136 3817 213 3880 aliie
226 3817 326 3892 quieto
341 3834 420 3876 anno
442 3818 645 3877 ablactationis
670 3823 789 3894 tempus
809 3823 966 3893 statutum,
1020 3821 1101 3878 illius
1115 3825 1214 3894 putesce
1222 3821 1386 3896 jerameeli,
1403 3821 1473 3894 quia
1490 3819 1531 3878 ibi
1555 3822 1732 3894 juraverunt
1746 3821 1844 3882 ambo.

136 3907 211 3969 aare
223 3907 432 3966 duodecimum
448 3921 560 3966 aunum
578 3909 811 3968 vendlcantihus.
838 3910 896 3968 Nus
912 3911 967 3985 igi·
1021 3910 1076 3968 Ubi
1092 3909 1141 3967 hic
1156 3909 1274 3984 legitur,
1288 3918 1386 3983 puteus
1396 3911 1563 3983 juramenti,
1579 3907 1608 3966 iu
1623 3910 1744 3969 Hebraeo
1758 3911 1847 3970 hehe·

135 4003 192 4056 tur
207 4003 241 4054 ut
255 3987 416 4055 breviorem
432 3997 575 4072 eligamus
596 4002 724 4070 etatem,
740 4003 805 4074 post
819 4000 919 4057 decem
939 4002 967 4058 et
1020 4005 1069 4058 tur
1083 4017 1227 4058 sescenas
1241 4000 1419 4073 (thu-taz).
1435 3999 1545 4074 Duplex
1568 4005 1666 4060 autem
1688 4006 1734 4061 est
1757 4019 1848 4060 causa

133 4091 205 4146 octo
228 4079 322 4144 auuoe
344 4081 450 4144 ismael
475 4087 702 4160 supputavimus
733 4089 811 4147 m
840 4088 966 4161 ejectum
1022 4107 1074 4147 cur
1088 4091 1126 4147 ite
1145 4088 1307 4162 appellatus
1322 4088 1379 4146 sit:
1395 4089 1457 4147 eive
1471 4090 1542 4163 quia
1555 4095 1665 4163 septem
1677 4107 1769 4164 agnas
1779 4091 1847 4148 ahi-

131 4193 204 4236 esso
216 4191 287 4234 cum
301 4179 406 4245 matre,
421 4179 451 4232 et
465 4192 524 4234 nou
539 4176 692 4233 convenire
703 4177 768 4249 jnm
788 4175 967 4236 adolescenti
1023 4178 1135 4237 melech
1150 4179 1186 4236 de
1200 4193 1290 4235 manu
1314 4177 1436 4236 Abrahae
1458 4181 1618 4252 acceperit:
1644 4181 1753 4250 Septem
1766 4179 1846 4238 euim

132 4265 375 4324 mathematicae
400 4261 573 4322 cervicibus.
597 4265 706 4322 Verum
721 4271 766 4323 est
787 4265 878 4340 igltur
893 4267 965 4324 illud
1023 4268 1163 4326 dicuntur
1177 4283 1281 4325 suana:
1298 4265 1359 4324 sive
1374 4267 1452 4341 quod
1474 4267 1514 4324 ibi
1533 4267 1716 4341 juraverint:
1733 4268 1803 4342 quia
1818 4271 1847 4327 et

131 4355 328 4412 Hebraeorum
343 4351 451 4426 linguae
465 4352 584 4423 idioma,
609 4353 686 4428 quod
713 4354 810 4412 omnis
834 4355 913 4412 lllius
928 4355 964 4412 ad
1017 4357 1307 4431 jarumeotameaane
1321 4356 1458 4414 similiter
1473 4356 1644 4430 appellatur.
1652 4359 1734 4426 Quod
1744 4356 1770 4416 si
1778 4362 1848 4416 ante

131 4441 389 4517 comparutionem
406 4447 572 4515 parentum,
596 4440 694 4499 intans
713 4447 832 4502 vocatur
854 4449 883 4500 et
898 4461 964 4517 par·
1023 4446 1099 4504 hano
1114 4463 1234 4505 causum
1250 4461 1339 4520 supra
1353 4461 1459 4504 nomen
1483 4446 1539 4504 hoo
1561 4446 1699 4521 legimus,
1717 4448 1847 4506 sciamus

980 4544 1004 4610 D

172 4583 237 4672 ¹‚D'l
250 4617 289 4661 ea·
309 4611 390 4673 paru
410 4611 506 4660 sensae
528 4603 658 4660 aomina.
680 4602 806 4671 Ammon,
829 4602 966 4661 stream·
1021 4609 1072 4663 eat.
1088 4606 1206 4664 Scilicet
1220 4608 1301 4665 nefas
1325 4607 1457 4665 arbitrati
1481 4611 1569 4664 sunt:
1596 4623 1724 4666 sororem
1751 4623 1785 4666 ex
1801 4607 1846 4667 al-

131 4674 317 4734 mondittua
330 4678 405 4732 etta
420 4677 515 4731 matre
538 4681 595 4736 *md
615 4685 659 4763 12,
687 4675 738 4731 oen
760 4677 870 4732 ommi:
888 4675 967 4732 unde
1021 4681 1084 4734 tero
1099 4682 1219 4761 parente
1242 4679 1358 4751 ducere,
1380 4680 1458 4755 quod
1482 4679 1598 4737 Levitlo.
1626 4697 1660 4738 ca
1686 4721 1692 4737 .
1720 4681 1844 4751 xv111,9,

131 4767 265 4824 Ammon
280 4759 324 4821 sic
337 4761 487 4820 derivatur
500 4763 536 4820 ab
552 4764 648 4846 omrai,
666 4765 742 4820 utea
756 4768 848 4836 parte,
861 4761 968 4848 seusus
1022 4748 1204 4832 Ρῑθῑῑὼθέΰῑ·
1221 4750 1256 4806 llt
1271 4773 1285 4801 “
1302 4751 1389 4875 29⁸¹&
1414 4755 1469 4816 θεῖ,
1486 4772 1500 4800 v
1522 4751 1634 4833 inlust.
1669 4751 1760 4836 lemn·
1776 4767 1846 4808 0οΠ-

133 4833 276 4918 nominis
300 4835 349 4904 aa,
366 4848 435 4918 nou·
453 4834 639 4978 etvmolople,
660 4835 690 4891 et
717 4849 759 4918 ex·
780 4839 873 4906 parte,
905 4851 968 4920 ipae
1021 4824 1067 4947 {f}
1081 4819 1290 4946 ΗΘῙἭΨἮΠ·
1324 4821 1845 4944 ³·“lll-Ab1'8h8131Vlflllwl’fl·

133 4909 302 4978 sermosrt,
318 4907 561 4980 Beaeurmquod
598 4905 967 4980 laumslgnrfleatnonm.
1035 4904 1076 4949 rra
1091 4907 1138 4948 sur
1164 4907 1246 4948 rraru
1260 4894 1416 4968 conjugem
1431 4893 1613 4967 sumpserrtt
1658 4893 1846 4976 vadosasque

133 4977 317 5052 clementa
339 4986 409 5035 vdeo
431 4979 558 5047 Ammon,
581 4977 640 5034 niel
657 4978 744 5049 Juxta
764 4992 887 5034 sensum
906 4981 967 5052 etp.
1022 4964 1053 5021 in
1068 4978 1137 5022 eum
1149 4961 1246 5021 locum
1262 4969 1448 5022 annotamus.
1464 4965 1548 5050 Nunc
1561 4965 1681 5022 demum
1693 4964 1846 5022 verissime

134 5046 321 5127 malagmam
346 5064 355 5118 ς
383 5055 452 5106 ‘aum
482 5055 552 5116 sap,
580 5049 671 5110 emme
696 5048 795 5122 ipsum
833 5049 969 5124 preferat
1022 5050 1058 5092 ex
1085 5033 1204 5092 Hebreo
1219 5036 1249 5092 S.
1279 5035 1380 5092 doctor
1407 5039 1567 5108 constituat,
1592 5037 1694 5092 Sarum
1709 5037 1847 5093 eumdem

134 5113 322 5191 umam,
338 5120 367 5176 id
379 5125 438 5188 err,
452 5121 550 5193 peperi
562 5121 628 5176 mer,
643 5124 786 5186 ¹perarma,
1023 5122 1092 5163 cum
1106 5107 1273 5164 Abrahamo
1288 5112 1401 5192 patrem
1415 5107 1556 5190 habuisse
1570 5107 1674 5176 l'hare,
1701 5108 1847 5165 diversam

172 5201 210 5238 ..ι
226 5192 344 5250 cneius
359 5192 430 5250 adeo
445 5195 491 5250 esa
505 5191 535 5247 ir
550 5183 864 5276 flpbraeornpqffle
875 5196 968 5282 ΜΡΝ
1025 5175 1128 5250 matre,
1144 5191 1233 5252 quam
1250 5178 1389 5236 theudam
1402 5179 1439 5235 de
1454 5195 1572 5235 nomrue
1587 5177 1764 5252 appellatam
1787 5184 1847 5236 tru-

133 5271 473 5432 qqqqquu
488 5281 641 5351 reue
658 5281 736 5355 ππ
762 5281 971 5360 ππππ
1024 5249 1781 5396 tetrarchalis,talliaevvir
1796 5251 1846 5325 v*

171 5427 244 5499 'sti
260 5424 468 5552 qpridombene
497 5419 584 5480 multi
610 5409 768 5480 Chrlstlaui
794 5423 969 5500 interpretes
1059 5408 1368 5484 ⁸V0¹¹²⁵fl⁰lfll³ssi⁰ffl
1383 5409 1614 5467 m⁸⁸·¹'d⁰l⁰l¹⁸3⁰
1626 5409 1733 5485 secml·
1850 5429 1851 5437 ’

136 5493 276 5580 explicere
293 5538 300 5566 ,
317 5499 350 5552 ut
361 5488 605 5580 ueptlsUproinde
629 5491 789 5567 Abraham,
814 5512 872 5553 non
888 5513 971 5553 soror
1061 5497 1227 5580 ‘Additum
1242 5497 1378 5582 Ootmutla
1392 5515 1414 5582 a·
1430 5499 1511 5566 Lxx,
1536 5516 1571 5556 ex
1592 5516 1655 5582 cap.
1678 5515 1846 5568 xxv1,vers.

136 5593 207 5660 ηερε
239 5629 248 5639 .,
262 5569 348 5656 putre
362 5581 530 5698 quamspse
553 5565 700 5640 Abraham
725 5565 968 5641 luculentissime,
1025 5570 1070 5636 ab,
1087 5568 1138 5625 uba
1164 5569 1295 5626 'unctum
1319 5575 1467 5630 ruvenrtur
1491 5571 1661 5628 nominibus
1680 5567 1847 5629 ,lbimelech

136 5665 189 5712 om
285 5627 412 5700 elaea
430 5653 478 5698 am
501 5638 566 5714 ego,
583 5641 709 5698 testetur
728 5641 889 5698 Veres'oror'
910 5655 973 5697 meu
1024 5643 1053 5698 et
1067 5637 1155 5699 Phioo
1171 5681 1177 5697 .
1194 5639 1226 5700 ln
1251 5657 1311 5702 uno
1333 5639 1449 5718 Reginae
1474 5659 1530 5704 me.
1554 5641 1676 5722 Occator
1697 5639 1848 5708 scribitur,
