4054 6168
121 315 202 401 ἰιι
636 331 1336 404 ιοιιιιιιιιιιιιιιιιιιιιιιιιιιιιιιι.
1745 327 1826 404 last

120 463 398 542 membranulam
411 482 417 525 ε
431 472 559 544 tempus
574 473 807 544 spargendorum
834 477 862 530 et
877 489 945 528 con-
963 476 988 541 Α
1002 472 1056 536 ιιι,
1073 475 1105 526 ut
1124 469 1281 544 Evangelia
1303 473 1483 528 consuantur
1496 469 1517 541 ⁶,
1541 471 1619 544 quod
1638 470 1823 546 evangelista

118 553 338 631 gregariorum
360 555 494 632 lapidum
517 575 583 616 esse
606 561 748 628 dicentes,
769 563 855 634 juxta
873 562 946 618 illud
1001 559 1110 633 singuli
1138 563 1352 632 perpetrarunt,
1379 559 1418 614 dc
1445 559 1519 632 Lege
1542 563 1570 616 ct
1597 560 1749 633 Prophetis
1772 561 1826 618 ad·

118 645 244 718 quadiu
265 645 423 720 Evangelio
445 639 589 721 scriptum
612 653 672 706 est:
699 651 798 707 Potens
819 655 859 707 est
878 652 948 707 Deus
1001 653 1105 706 ventus
1136 648 1280 705 Dominici
1313 648 1484 705 testimonia
1514 653 1707 718 consuentes;
1732 651 1773 707 ita
1796 653 1826 706 ct

118 730 153 791 ιι
167 733 307 808 lepr'dtdm
322 736 530 793 innumerose
551 739 623 809 filios
640 739 761 798 lerator
784 740 887 812 (ldottlr.
904 757 946 808 ιιι,
1001 744 1119 810 tempus
1132 738 1188 792 luit
1211 737 1358 809 quaerendi
1373 741 1402 792 ιι
1429 738 1613 794 custodiendi
1633 737 1733 808 lsrael,
1749 743 1825 797 tenl-

119 823 160 896 9).
175 824 259 891 Quod
275 819 395 898 tempus
406 826 494 882 lberit
502 826 627 898 gentiles
638 825 738 900 populi
748 828 947 902 dispergendi,
1003 843 1058 898 pus
1075 825 1215 898 perdendi
1227 831 1255 882 et
1265 825 1438 898 projiciendi
1453 825 1548 882 illum.
1559 825 1610 882 Vel
1622 829 1826 902 certetempua

120 917 281 986 ettsmpue
295 927 416 970 rursum
431 913 461 970 in
477 914 639 972 Ecclesiam
654 918 864 990 congregandi.
881 917 948 990 Legi
1002 914 1151 986 quarendi
1180 915 1323 986 populum
1347 930 1382 970 ex
1403 901 1554 986 gentibus,=
1575 919 1603 970 et
1630 917 1747 988 tempus
1762 931 1827 990 per·

121 1003 153 1058 in
168 1001 297 1075 quodam
312 1000 388 1060 libro
412 1003 507 1075 (Juxta
529 1003 719 1078 Septuaginta
741 1009 839 1062 tameo
858 1006 948 1062 inter·
1003 1003 1090 1059 dandi
1114 1001 1255 1076 pupulum
1276 1003 1457 1059 Judaeorum.
1490 1004 1620 1076 Tempus
1643 1003 1829 1061 custodiendi

120 1095 231 1164 pretes,
254 1091 306 1163 qui
325 1091 482 1162 dlxsrunt3
508 1094 619 1165 Tempus
642 1093 771 1150 mittendi
788 1095 907 1168 lapides,
923 1099 950 1156 et
1004 1092 1155 1149 credentes
1171 1091 1401 1160 exustionibus,
1423 1097 1453 1147 et
1466 1096 1585 1165 tempus
1608 1093 1767 1164 abjiciendi
1783 1093 1829 1149 in-

122 1184 232 1253 tempore
245 1180 405 1254 colligendi)
419 1181 587 1239 servitutem
607 1181 681 1255 legis
702 1183 841 1255 antiqua.
857 1185 948 1240 livan-
1004 1179 1137 1237 credulos
1152 1175 1189 1236 ab
1205 1180 1304 1236 lsrael.

99 1287 100 1292 ¹
122 1267 190 1344 gelli
208 1269 305 1342 gratia
320 1273 523 1342 temperatam.
541 1272 598 1328 Lex
611 1271 720 1345 quippe
735 1271 840 1348 rigida,
869 1273 949 1330 iubs.
1041 1293 1054 1320 u
1070 1270 1199 1343 Tempus
1211 1269 1337 1340 tacendi,
1353 1274 1382 1326 et
1396 1274 1513 1343 tempus
1529 1269 1675 1343 loquendi.
1693 1293 1707 1320 n
1723 1271 1829 1345 Pytha·

122 1357 224 1431 sigua,
238 1373 297 1414 aon
313 1371 447 1431 perusus,
470 1363 639 1432 peccantem
663 1360 802 1418 interficit
824 1366 951 1436 Evange-
1005 1358 1119 1431 gericus
1134 1375 1209 1423 reor,
1219 1375 1345 1430 quorum
1357 1359 1567 1431 disciplinacst
1577 1364 1672 1417 tacere
1683 1360 1830 1434 perquie-

121 1445 154 1502 lil
168 1447 266 1519 grstia
279 1447 448 1516 miseretur,
463 1453 492 1504 et
515 1449 551 1506 ed
576 1449 778 1522 penitentiam
802 1456 949 1525 provocat.
1006 1447 1180 1520 queunium,
1196 1452 1225 1502 at
1239 1451 1340 1519 postea
1355 1449 1485 1504 eruditos
1501 1447 1593 1521 loqui,
1606 1448 1675 1505 binc
1685 1449 1829 1522 originem

122 1539 161 1592 Et
182 1535 238 1592 bec
257 1549 324 1594 esse
344 1540 462 1610 ternpus
487 1538 697 1596 mittendorum
725 1539 868 1613 lapidum,
891 1541 951 1599 eive
1006 1535 1052 1592 sui
1067 1535 1192 1592 traxisse
1206 1536 1324 1592 decreti.
1342 1535 1496 1593 Discamus
1512 1537 1611 1609 itaque
1632 1543 1661 1594 ct
1684 1539 1758 1595 m
1776 1553 1830 1595 nas

127 1625 409 1698 congregandorum,
425 1627 505 1698 quod
523 1626 637 1700 lapides
661 1628 818 1685 mittantur
831 1629 861 1685 in
877 1628 951 1704 lege,
1007 1624 1090 1697 prius
1106 1641 1164 1681 non
1181 1624 1271 1696 loqui,
1283 1629 1316 1680 ut
1327 1626 1471 1697 posteaad
1482 1625 1663 1698 loquendum
1677 1627 1832 1699 precepto·

128 1712 301 1786 colligantur
315 1713 346 1769 iu
371 1713 537 1788 Evangelio.
564 1720 625 1772 iloc
649 1720 750 1773 utram
773 1735 839 1774 aare
862 1735 953 1776 neena
1008 1713 1048 1768 ris
1064 1730 1115 1770 ora
1131 1729 1305 1768 reseremus.
1328 1713 1473 1769 Silsamus
1495 1717 1574 1770 certo
1595 1719 1736 1786 ternpore,
1750 1715 1830 1771 etad

125 1801 238 1857 dictum
251 1802 301 1869 sit,
315 1817 369 1859 suo
383 1803 546 1876 imputetur
561 1806 684 1862 auctori.
1007 1802 1124 1875 eloquia
1138 1803 1329 1875 pendeamus.
1350 1801 1428 1857 Nihil
1453 1803 1537 1859 nobis
1561 1802 1695 1860 videatur
1718 1808 1831 1860 rectum

160 1885 320 1962 «Tempus
335 1890 533 1964 amplexandi,
549 1897 578 1950 ιι
591 1897 710 1966 tempus
729 1895 815 1969 longe
836 1896 897 1953 fieri
917 1897 953 1952 ab
1009 1891 1237 1963 esse,nisiquod
1249 1890 1401 1958 discimus,
1414 1891 1656 1963 utpustmultum
1667 1891 1831 1956 silentium.

124 1977 275 2052 amplexu.
294 2002 305 2030 ι
321 1979 412 2038 Juxta
431 1980 598 2052 simplicem
619 1982 843 2056 intelligentiam
857 1986 953 2041 meni·
1009 1981 1044 2036 de
1060 1979 1214 2052 discipulis
1232 1981 1398 2036 elliciomur
1420 1980 1563 2052 magistri.
1588 1983 1672 2036 Nunc
1697 1997 1764 2038 vero
1779 1994 1832 2055 pro

124 2067 407 2126 testusestseosus.
424 2069 563 2142 Apostolo
589 2072 666 2128 410
689 2071 719 2127 in
742 2073 843 2129 eadem
868 2074 955 2131 verba
1009 2069 1182 2127 seculorum
1206 2068 1337 2141 quotidie
1369 2071 1398 2124 in
1431 2070 1516 2141 pejus
1540 2068 1701 2126 labentium
1725 2070 1832 2139 vilich

124 2161 322 2230 cengrueutc:
340 2157 430 2214 Nolite
452 2157 586 2228 frendore
599 2159 635 2215 od
662 2161 790 2228 ιἰιυιιιιιι,
814 2161 872 2216 nisi
884 2163 955 2233 sorte
1010 2159 1149 2216 docemus
1164 2158 1193 2214 in
1209 2157 1351 2225 ecclesiis,
1371 2160 1447 2231 quod
1473 2161 1632 2214 nescimus.
1657 2161 1692 2214 ut
1715 2159 1739 2216 si
1752 2175 1832 2216 com·

124 2259 161 2302 ee
174 2259 309 2303 ιιιιιοιιιιι
332 2246 368 2301 ud
392 2249 510 2320 tempus,
534 2255 566 2304 ιιι
585 2250 689 2304 vocetis
712 2251 836 2306 erutioni
854 2251 878 2323 (l
890 2253 953 2308 Gor.
1009 2247 1155 2321 positione
1169 2247 1335 2315 verborum,
1351 2245 1395 2302 vel
1410 2246 1551 2304 instinctu
1567 2247 1686 2315 diaboli,
1703 2247 1753 2320 qul
1768 2249 1832 2304 isu-

125 2347 178 2405 ιιιι,
193 2334 234 2406 5),
250 2333 353 2391 liberis
372 2334 500 2392 dandam
522 2345 651 2409 operam,
672 2342 702 2393 et
726 2354 844 2395 rursum
861 2341 954 2396 conti·
1009 2341 1055 2392 tor
1078 2352 1210 2392 errorum
1236 2339 1293 2402 est,
1328 2335 1449 2406 plausus
1473 2334 1573 2408 populi
1596 2335 1831 2406 excitaverimus,

127 2422 245 2480 nentis.
258 2422 311 2479 Vcl
320 2423 398 2497 quod
407 2427 526 2497 tempus
534 2425 621 2482 luerit
628 2425 824 2498 amplexandi,
837 2430 955 2500 quando
1010 2429 1112 2482 contra
1126 2424 1336 2480 conscientiam
1352 2427 1484 2480 nostram
1494 2424 1569 2481 scire
1580 2441 1633 2481 nos
1644 2423 1831 2493 arbitramur,

124 2507 311 2585 vigebatills
329 2513 493 2570 sententia:
520 2513 645 2582 Crescite,
670 2521 696 2572 et
715 2517 953 2589 multiplicemini,
1010 2515 1046 2571 de
1069 2530 1127 2587 quo
1150 2513 1216 2569 aliis
1241 2515 1391 2585 potuimus
1417 2513 1602 2585 persuadere.
1627 2513 1736 2570 Omnes
1757 2519 1833 2571 artes

126 2601 386 2674 etrepleteterrom
401 2601 479 2674 (Gen.
496 2619 516 2671 ι,
540 2603 598 2676 28).
625 2603 660 2660 et
683 2609 800 2678 tempus
823 2606 957 2677 procula
1010 2603 1271 2676 absqucdoctorc⁶
1286 2617 1343 2657 uon
1358 2600 1520 2658 discimus:
1536 2601 1600 2658 sola
1613 2601 1675 2658 baec
1690 2606 1750 2659 tum
1769 2599 1833 2659 vilis

127 2690 282 2764 complexu
303 2690 378 2761 lieri,
403 2691 521 2764 quando
544 2692 706 2749 succeseit:
733 2694 844 2767 Tempus
859 2696 888 2751 in
903 2695 956 2751 αι’·
1010 2697 1040 2749 ιι
1053 2691 1147 2748 lacilis
1167 2694 1221 2757 est,
1237 2695 1341 2747 utnon
1357 2690 1487 2764 indigeat
1506 2695 1691 2763 preceptore.

128 2783 208 2851 poeto
221 2781 242 2845 ¹,
261 2781 310 2835 est.
331 2779 458 2852 Superest
482 2783 513 2836 ut
540 2788 567 2837 et
589 2783 640 2853 qui
664 2781 764 2838 dotent
792 2799 903 2853 umores,
916 2785 958 2840 sic
1049 2782 1208 2852 «Tempus
1223 2780 1353 2848 amandi,
1374 2785 1403 2836 et
1428 2783 1547 2854 tempus
1570 2779 1697 2837 odiendi.
1717 2803 1732 2830 o
1747 2781 1834 2837 Tem-

128 2867 188 2944 siot
202 2869 283 2940 quusi
303 2883 358 2926 nun
381 2867 499 2926 tarcum
525 2871 550 2942 tl
571 2869 632 2926 Cer.
649 2888 700 2939 vn,
726 2870 783 2944 29).
806 2871 837 2928 Si
858 2876 956 2930 autem
1012 2887 1068 2944 pus
1082 2868 1201 2926 amandi
1216 2872 1282 2942 post
1299 2869 1400 2936 Deurn,
1417 2867 1535 2938 liberos,
1561 2885 1691 2936 uxorem,
1711 2869 1833 2943 propin·

128 2955 312 3013 voluerimus
328 2957 363 3013 ad
380 2956 483 3016 altiora
503 2960 708 3032 conscendere,
734 2960 899 3018 videbimus
914 2980 958 3020 sa·
1012 2976 1098 3032 quos,
1112 2964 1141 3015 ιι
1155 2962 1272 3030 tempus
1287 2956 1404 3014 odiendi
1419 2974 1469 3014 eos
1484 2957 1513 3014 in
1534 2957 1682 3031 martyrio,
1703 2963 1834 3032 cumpro

129 3044 274 3122 pientiam
288 3044 448 3120 amplexari
460 3051 607 3106 amatores
618 3050 837 3118 suos:llonoru‚
849 3051 959 3126 quippe
1012 3047 1119 3105 Christi
1143 3045 1326 3104 confessione
1349 3046 1459 3120 rigidos
1484 3046 1576 3120 pietas
1604 3051 1755 3121 oppugnat
1778 3045 1834 3104 inl·

129 3135 181 3208 ait,
198 3151 271 3203 eom,
288 3143 315 3192 et
328 3136 533 3208 amplexabitur
547 3145 573 3194 te
592 3137 682 3210 (Pron.
707 3155 746 3205 1v,
770 3142 809 3212 8),
822 3139 958 3213 intraque
1013 3138 1099 3194 mica.
1115 3135 1168 3193 Vel
1178 3139 1256 3192 certe
1269 3139 1387 3209 tempus
1401 3136 1520 3192 amandi
1530 3134 1635 3208 legem,
1651 3140 1680 3192 et
1693 3151 1728 3192 ca
1742 3151 1836 3209 quera

128 3223 957 3302 ulnassuasetgremiumstrictioriteuebitcomplexu¹.
974 3221 995 3287 C
1014 3226 1077 3300 lege
1100 3225 1217 3282 ruerant
1241 3224 1392 3297 imperata,
1418 3223 1682 3293 circumcisionem,
1710 3223 1836 3293 bestias,

130 3311 233 3380 Porro,
250 3309 393 3384 quianon
418 3317 512 3388 potest
537 3313 687 3372 humanus
709 3317 830 3374 enimus
843 3334 960 3393 semper
1013 3313 1186 3383 Sabbatum,
1199 3313 1369 3369 neomenias
1381 3331 1388 3381 ;
1398 3316 1551 3385 ettempus
1561 3311 1680 3369 odiendi
1695 3313 1835 3384 eadvua-

129 3399 162 3456 in
177 3399 305 3458 sublime
329 3401 422 3470 tandi,
447 3407 476 3460 et
498 3403 535 3460 de
558 3403 665 3461 divinis
689 3407 719 3461 et
742 3404 896 3464 altioribus
911 3423 958 3464 cc·
1013 3402 1080 3476 gelii
1100 3402 1195 3476 gratia
1209 3401 1393 3458 succedente.
1409 3401 1527 3457 Necnon
1540 3404 1569 3457 ct
1590 3400 1644 3458 boc
1660 3400 1717 3456 dict
1730 3403 1836 3474 potest,
1911 3455 1916 3461 .

131 3489 237 3566 gilone,
254 3506 307 3546 uec
322 3489 434 3564 jugiter
456 3508 521 3549 csse
545 3493 575 3550 in
600 3491 845 3567 contemplatione
861 3513 958 3552 rerum
1014 3491 1154 3564 quoniam
1170 3506 1248 3546 nuuc
1264 3505 1316 3562 per
1329 3488 1481 3562 speculum
1496 3489 1672 3546 videmusin
1684 3489 1838 3562 aenigmate

133 3575 306 3650 coelestium,
331 3579 381 3636 sed
408 3579 556 3638 interdum
581 3583 806 3640 necessitatibus
828 3585 959 3658 corporis
1013 3579 1476 3650 (100r·x¹¹1‚¹²).10mp1¹³0880
1500 3577 1656 3651 Ριιιιθιιῑῑᾶ
1679 3577 1834 3649 diligendi,

134 3665 304 3740 indulgere;
325 3672 479 3742 propterea
505 3674 621 3744 tempus
644 3676 690 3728 ιιι
709 3671 894 3746 amplexandi
910 3690 960 3732 sa·
1013 3673 1042 3724 ct
1071 3668 1101 3724 in
1118 3667 1249 3722 luturum
1265 3670 1383 3738 tempus
1395 3665 1541 3732 adveniet,
1558 3665 1838 3737 quandoccrneutes

135 3755 287 3830 pientiam,
298 3761 326 3814 et
340 3773 405 3815 eum
421 3759 552 3816 strictius
567 3761 735 3817 continendi
759 3761 780 3832 ⁸,
800 3766 829 3818 ct
842 3765 960 3836 tempus
1014 3759 1086 3814 lacte
1101 3757 1137 3812 ad
1154 3755 1257 3812 taciem
1271 3756 1292 3823 l,
1309 3759 1338 3811 et
1358 3755 1388 3810 in
1413 3753 1520 3809 melius
1545 3753 1739 3826 proficientes,
1765 3751 1837 3808 inol-

134 3843 284 3904 relaxandi
299 3851 428 3904 mentem
444 3849 481 3906 ab
495 3847 603 3906 intuitu
617 3849 829 3924 complexuque
843 3852 958 3924 sapien·
1014 3846 1129 3921 piemus
1145 3845 1252 3911 odisse,
1269 3849 1297 3900 et
1309 3843 1457 3916 despicere
1471 3841 1550 3914 quod
1565 3840 1739 3898 amavimus.

131 3933 194 4002 tire,
213 3939 244 3992 ut
259 3951 335 3993 cure
359 3937 500 4010 corporis,
525 3937 622 3996 ethis
647 3939 755 4012 quibus
778 3941 839 3997 vita
860 3945 961 3998 nostro
1050 3959 1064 3987 ιι
1082 3936 1211 4007 Tempus
1227 3931 1295 3989 belli
1315 3935 1343 3988 et
1366 3937 1483 4005 tempus
1509 3931 1600 4004 Pstis·
1618 3953 1632 3980 v
1657 3929 1790 3996 Outfldiss
1806 3931 1837 3986 in

133 4023 247 4096 absque
262 4029 380 4098 peceato
395 4025 518 4102 indiget,
535 4027 710 4086 serviamus.
1014 4023 1151 4098 pressanti
1175 4020 1283 4080 seculo
1311 4037 1426 4088 sumus,
1443 4024 1561 4092 tempus
1582 4023 1627 4076 est
1653 4018 1744 4076 balli:
1768 4031 1837 4075 cum

169 4135 184 4164 a
199 4111 329 4186 Tamque
344 4115 526 4188 acquirendi,
538 4120 568 4172 ιι
578 4118 856 4190 tempusperdendi.
873 4119 960 4176 Tem·
1014 4117 1113 4170 autem
1129 4111 1354 4184 migraverimus
1369 4111 1404 4166 dc
1419 4109 1473 4166 boc
1487 4108 1603 4176 saeculo,
1620 4107 1700 4181 pacis
1719 4112 1838 4181 tempus

129 4217 192 4276 pua
211 4201 409 4270 custodiendi,
425 4207 454 4259 et
469 4208 585 4277 tempus
610 4205 794 4278 projiciendi.
811 4230 825 4259 u
841 4207 901 4264 Sub
915 4207 960 4262 di·
1015 4201 1157 4259 adveniet.
1175 4201 1207 4256 ln
1230 4215 1300 4272 pace
1324 4199 1402 4256 enim
1427 4198 1509 4254 locus
1531 4202 1576 4254 est
1599 4197 1661 4266 Dei,
1684 4201 1713 4254 ιι
1736 4196 1837 4254 ιίιίιιι

128 4289 227 4348 versis
241 4289 439 4361 sermonibus,
455 4292 535 4349 idern
554 4311 644 4362 nuno,
662 4294 712 4367 qui
728 4312 818 4368 supra
831 4295 959 4368 etiaim,
1014 4295 1116 4347 nostra
1129 4289 1305 4356 Jerusalem,
1319 4288 1355 4344 de
1371 4303 1441 4360 pace
1466 4285 1570 4343 sortita
1592 4291 1638 4342 est
1659 4283 1836 4342 vocabulum

128 4393 239 4436 sensus
258 4383 315 4446 ιιι,
332 4379 361 4435 ia
374 4396 408 4436 eo
427 4381 505 4453 quod
531 4381 590 4439 ait:
620 4383 733 4456 Tempus
752 4384 918 4452 destruendi,
934 4388 960 4440 et
1015 4381 1099 4453 (Psoi.
1117 4395 1197 4446 cxxv,
1212 4379 1251 4451 3).
1262 4377 1355 4435 Nemo
1369 4391 1438 4450 crgo
1453 4391 1484 4432 se
1499 4391 1576 4430 nunc
1587 4377 1837 4446 putetcssesseu-

128 4475 238 4540 tempus
265 4467 433 4541 ειιιιβιιιιιιιι.
461 4471 502 4526 Ao
530 4470 636 4527 deiude
666 4473 778 4546 Tempus
807 4473 960 4542 scindendi,
1015 4485 1100 4526 rum:
1118 4469 1147 4524 in
1163 4464 1375 4541 temporcbclli
1396 4463 1609 4538 accingendum
1627 4463 1838 4532 est⁸,etarma

126 4557 445 4630 etternpusconsuendi.
469 4559 621 4626 Quomodo
643 4561 723 4620 enirn
748 4562 961 4636 Syuagogade·
974 4587 998 4653 D
1014 4558 1177 4625 tractanda,
1201 4561 1233 4612 ut
1256 4555 1379 4612 victores
1402 4554 1551 4628 quondam
1575 4551 1837 4626 requiescemusiu

127 4645 269 4716 struitur,
283 4650 318 4703 ut
331 4646 491 4706 aedificetur
513 4647 651 4721 Ecclesia,
666 4653 695 4707 et
710 4665 728 4708 a
749 4650 823 4724 legs
837 4652 870 4708 tlt
884 4651 956 4710 scis·
1013 4664 1095 4722 pace.

169 4893 350 4968 'Victorius
368 4897 569 4970 Tempsanum
588 4899 620 4956 in
641 4903 776 4972 caputio:
798 4901 868 4959 olim
884 4904 956 4971 erat,
1012 4897 1043 4954 in
1058 4895 1185 4969 Epistola
1212 4897 1248 4954 ad
1282 4895 1450 4958 Paulinum,
1479 4894 1515 4950 de
1544 4891 1641 4949 studio
1669 4889 1836 4947 divinarum

129 4967 193 5024 Tere
256 4967 326 5042 quod
340 4969 371 5024 in
386 4973 511 5041 uupuste,
529 4973 584 5026 etc.
1012 4969 1249 5042 scripturarum3
1275 4969 1360 5040 eujus
1384 4966 1501 5024 initium
1527 4967 1581 5033 ιιι,
1605 4965 1702 5020 Frater
1722 4960 1837 5019 Antro-

165 5039 177 5072 ’
223 5039 381 5096 artianaeus
397 5040 509 5112 vitiose,
525 5043 663 5098 strictiori
686 5047 779 5100 tenere
799 5045 955 5118 complexu.
1011 5043 1078 5106 sius,
1094 5043 1150 5096 etc.
1167 5039 1309 5096 Μιιιτιιιι.
1769 5102 1776 5117 .

166 5109 257 5166 ’Duo
271 5126 354 5182 mss,
372 5109 724 5184 Strictiuseonstrinpendi.
1047 5112 1161 5168 ⁷rtddit
1184 5111 1276 5167 Vatic.
1307 5109 1486 5172 intuebimur,
1518 5121 1570 5178 pro
1597 5121 1656 5179 quo
1684 5102 1837 5162 Palatinus

167 5181 286 5238 ‘Penes
307 5180 436 5251 alcuin,
459 5185 492 5239 Et
522 5184 640 5256 ultiqunt
671 5187 813 5244 scissiones
843 5187 956 5256 lapelee,
1012 5183 1251 5240 alterintucrnur.
1268 5187 1330 5238 ltux
1348 5196 1399 5253 pro
1423 5179 1597 5250 incipiemus,
1622 5181 1651 5234 et
1672 5175 1835 5248 quodante-

126 5259 164 5308 ιιι
177 5253 322 5324 senopem
334 5251 429 5326 picria
442 5259 600 5312 consuatur.
1011 5257 1114 5322 vimus,
1129 5253 1378 5327 quemadmodum
1400 5267 1471 5306 mss.
1497 5266 1599 5306 omncs
1623 5247 1792 5330 praeierunt,
1807 5249 1836 5304 et

165 5323 279 5380 'Nunc
305 5339 368 5381 uero
393 5341 446 5400 pre
473 5327 648 5384 seculorum.
677 5327 867 5386 corbeienses
883 5345 955 5386 mss.
1011 5327 1157 5382 Victorius
1173 5339 1289 5398 quoque
1304 5341 1339 5382 ιι
1361 5320 1536 5379 Florentinis
1562 5318 1778 5392 exemplaribus
1794 5332 1837 5374 re·

124 5411 181 5480 pre
195 5395 349 5454 emeram
362 5397 484 5470 quotidie
496 5399 526 5455 in
538 5399 617 5470 peius
632 5400 782 5456 lubentium
796 5419 802 5457 :
816 5405 845 5457 et
859 5401 954 5458 inira:
1012 5399 1157 5468 stitucrat,
1174 5396 1309 5454 Martian.
1326 5395 1445 5452 retinuit
1460 5395 1621 5466 incipimus,
1636 5407 1670 5448 ex
1681 5389 1752 5463 qued
1762 5405 1838 5446 nunc

126 5483 177 5574 qu}
189 5469 735 5614 &giezpfflasslbdhlffl'erulinum
751 5560 853 5600 anum.
1010 5485 1222 5597 angaffifa'tinus
1235 5538 1317 5596 alter.
1335 5541 1367 5592 ln
1388 5543 1505 5608 tempore
1528 5534 1594 5590 letti
1610 5533 1661 5590 tilrr'
1674 5529 1836 5590 certandum

129 5607 200 5666 Μ
215 5611 241 5667 Β.
1010 5615 1060 5668 ιιι.
1077 5611 1230 5676 Αιιιιιιιιι,
1248 5611 1299 5668 Udi
1308 5607 1466 5667 certandum
1480 5607 1528 5662 est.
1546 5607 1621 5662 'Tum
1646 5619 1714 5662 cum
1730 5600 1833 5658 codam

167 5711 201 5728 ·-
214 5680 314 5744 oeno
325 5686 399 5742 eries
413 5683 516 5762 ubsque
528 5682 646 5746 demere.
663 5683 743 5746 Idem
763 5685 957 5762 conqueritur
1009 5683 1142 5744 Palatino
1156 5682 1324 5752 Vaticanus,
1348 5681 1383 5738 Et
1407 5676 1554 5758 apostoleco
1577 5693 1657 5736 arma
1680 5653 1830 5732 eructanda.
