4054 6168
827 278 869 338 S:
884 273 1041 339 uusuelt
1061 271 1298 340 stauarum.

732 661 1401 800 annunciamus,

247 1075 324 1133 ³88
339 1075 444 1147 (Caput
459 1073 609 1147 primum.)
625 1097 640 1126 «
655 1073 750 1130 Verba
765 1074 944 1132 Ecclesiaste
961 1073 1032 1130 ¹filii
1047 1081 1072 1146 Α
1090 1075 1209 1144 caduca,
1233 1079 1262 1132 et
1285 1073 1383 1130 brevia
1407 1073 1543 1132 universa
1570 1090 1634 1147 quae
1659 1072 1819 1130 cernimus.
1836 1073 1912 1132 884

212 1162 302 1219 David
318 1163 405 1236 Regis
422 1163 597 1221 Jerusalem.
611 1185 625 1215 a
641 1163 748 1220 Tribus
763 1162 933 1220 nominibus
948 1180 1033 1221 voca·
1089 1163 1131 1218 hd
1147 1167 1310 1220 extremum
1322 1163 1385 1234 jam
1395 1162 1750 1232 consummatamviram,
1762 1167 1791 1218 ct
1802 1161 1910 1219 calcata

211 1255 275 1306 tum
290 1252 382 1309 tuisse
406 1252 601 1320 Salomonem,
621 1251 778 1326 Scriptura
794 1251 1035 1310 manifestissime
1089 1251 1206 1320 saccula,
1224 1255 1428 1324 preparatum,
1445 1251 1475 1307 in
1490 1250 1608 1307 Cantica
1619 1250 1910 1324 canticorumsponsi

211 1341 332 1398 docent:
352 1342 511 1414 pacificum,
536 1341 640 1408 idest,
667 1358 841 1397 senonensia
857 1326 991 1413 (nohum
1007 1345 1036 1398 et
1084 1340 1186 1414 jungit
1198 1339 1391 1412 amplexibus.
1406 1339 1468 1396 Nisi
1492 1340 1571 1396 euim
1598 1340 1680 1412 prius
1705 1339 1910 1412 reliquerimus

210 1447 302 1486 raram
318 1431 433 1502 (aratu)
449 1431 470 1496 ¹,
485 1429 541 1486 hoa
553 1430 737 1486 estdilectam
762 1431 873 1486 Domini
882 1448 894 1494 ,·
912 1434 941 1486 et
956 1430 1034 1501 quad
1088 1427 1170 1496 vitia,
1186 1433 1215 1485 et
1230 1429 1345 1502 pompis
1359 1428 1457 1485 saculi
1473 1428 1685 1496 renuntiantes,
1698 1428 1851 1502 expeditos
1862 1445 1910 1486 nos

211 1534 289 1573 nunc
307 1517 415 1574 dicitur
434 1534 556 1573 cannara
588 1503 705 1606 (alep),
730 1518 760 1574 id
785 1519 1033 1574 cstErctest'aatcu.
1089 1518 1124 1572 ad
1141 1518 1298 1574 adventum
1322 1517 1429 1574 Christi
1451 1517 1663 1591 paraverimus,
1675 1533 1733 1574 non
1747 1533 1908 1590 possumus

210 1606 399 1662 Ecclesiastes
414 1611 514 1663 autem
529 1607 628 1663 Graeco
643 1622 778 1663 sermone
792 1605 966 1679 appellatur,
982 1607 1033 1678 qui
1088 1606 1202 1663 dicere:
1220 1607 1363 1664 osculetur
1378 1624 1420 1664 rae
1434 1608 1468 1663 ab
1483 1607 1572 1664 osculo
1597 1604 1652 1674 [al.
1677 1607 1711 1662 ab
1731 1608 1843 1678 osculis]
1858 1610 1911 1663 aris

210 1693 264 1763 [dl.
290 1695 379 1766 quad]
408 1699 526 1764 coetum,
549 1696 578 1749 id
602 1699 647 1751 est
673 1695 844 1762 Ecclesiam,
866 1701 1032 1769 congreget,
1087 1698 1133 1751 sai
1147 1695 1236 1767 (Cant.
1253 1713 1273 1764 1,
1290 1696 1327 1768 l).
1344 1695 1428 1752 Haud
1442 1694 1543 1767 procul
1563 1697 1599 1751 ab
1623 1695 1678 1751 hoa
1693 1694 1795 1752 ordine
1808 1696 1911 1753 doctri-

211 1797 299 1852 quem
315 1799 368 1838 nos
389 1799 559 1856 nuncupare
572 1800 731 1855 possumus
755 1786 981 1854 concionatorem,
999 1801 1032 1840 eo
1088 1801 1192 1840 narum
1203 1790 1232 1840 et
1247 1783 1413 1857 philosophi
1430 1789 1587 1841 sectatores
1611 1801 1681 1840 suos
1703 1785 1862 1842 erudiant:
1878 1789 1909 1841 ut

210 1870 287 1941 quod
301 1868 439 1942 loquatur
449 1872 484 1927 ad
496 1870 648 1943 populum,
665 1877 693 1927 et
703 1889 800 1929 sermo
814 1875 878 1944 ejus
891 1891 948 1930 non
964 1889 1033 1946 spe·
1087 1873 1216 1945 primum
1235 1873 1361 1930 ethicam
1377 1873 1509 1939 doceant,
1533 1873 1639 1929 deinde
1653 1873 1805 1946 physicam
1820 1873 1907 1930 intar-

209 1957 322 2014 cialiter
339 1959 375 2014 ad
391 1975 494 2026 unum,
511 1961 560 2015 sed
576 1961 612 2016 ad
628 1961 779 2017 universos
800 1961 973 2034 generaliter
987 1962 1031 2018 di·
1086 1965 1258 2034 pretentur3
1275 1966 1405 2034 atquem
1421 1961 1451 2016 in
1462 1961 1508 2017 his
1524 1962 1682 2035 proiecisse
1698 1963 1905 2035 perspexerint,

209 2045 331 2120 rigatur.
348 2047 436 2103 Porro
452 2050 596 2120 pacificus,
621 2055 649 2105 et
672 2050 786 2106 dilectus
812 2052 932 2120 Domini,
949 2052 985 2107 ab
998 2067 1031 2109 ea
1086 2050 1122 2105 ad
1136 2049 1261 2122 logicam
1275 2067 1370 2123 usque
1385 2051 1527 2123 perducat
1540 2051 1561 2105 ⁸.

209 2136 286 2207 quad
302 2139 332 2191 in
348 2151 437 2208 regna
452 2137 516 2207 ejus
531 2154 586 2210 par
601 2137 698 2207 luerit,
715 2143 743 2194 et
754 2155 821 2196 eum
834 2139 975 2196 Dominus
990 2141 1032 2196 di·
1120 2140 1247 2209 Necnon,
1264 2145 1292 2196 et
1314 2139 1369 2196 hoc
1394 2138 1563 2212 diligentius
1582 2139 1803 2207 attendendum,
1830 2142 1905 2214 quod

208 2221 320 2294 lexerit,
340 2222 503 2298 appellatus
519 2231 574 2282 est.
590 2226 662 2281 Nam
679 2231 708 2283 et
721 2227 826 2300 psalmi
842 2229 1031 2302 quadragesi·
1085 2245 1136 2301 per
1151 2231 1210 2284 tres
1233 2227 1325 2283 libras
1351 2226 1488 2298 auctoris,
1518 2227 1653 2283 diversus
1677 2232 1723 2285 est
1744 2226 1862 2286 titulus.
1878 2229 1905 2286 In

208 2327 275 2368 mus
295 2316 418 2385 quartus
433 2317 461 2368 et
484 2315 719 2387 septuagesimus
745 2317 869 2387 primus,
894 2318 988 2374 dilecti
1002 2324 1030 2374 et
1085 2316 1246 2373 Proverbiis
1258 2317 1337 2373 enim
1358 2321 1495 2373 notatur:
1510 2317 1663 2373 Proocrhra
1683 2316 1839 2373 Solemnis
1854 2319 1905 2390 pta·

204 2402 314 2472 pacifici
327 2400 412 2456 titulo
427 2406 634 2474 praenotantur.
650 2404 704 2468 Oui
719 2407 836 2462 tametsi
852 2405 887 2463 ad
905 2407 1029 2479 propbe-
1043 2450 1068 2517 B
1084 2405 1179 2472 Daniel,
1194 2409 1268 2475 repis
1284 2406 1374 2461 lsrael.
1393 2405 1424 2461 In
1445 2404 1617 2461 Ecclesiaste
1642 2420 1729 2462 vero:
1757 2407 1844 2462 Verba
1858 2407 1902 2462 Ec·

207 2491 276 2546 tiam
292 2489 400 2546 Christi
415 2491 435 2558 ⁸,
451 2493 479 2545 et
494 2491 627 2548 Ecclesia
652 2493 843 2565 pertinentes,
860 2493 1027 2552 felicitatem
1081 2496 1220 2552 clesiaatac
1241 2495 1298 2564 fita·
1311 2494 1409 2563 Dauid,
1430 2495 1504 2563 repis
1524 2494 1676 2550 cenantem
1697 2510 1705 2548 ι
1722 2495 1901 2566 superfluum

206 2582 235 2635 et
247 2581 323 2636 vires
337 2579 501 2636 Salomonis
516 2581 678 2638 excedunt:
694 2585 792 2638 tamen
808 2585 971 2640 secundam
983 2584 1027 2640 hi·
1083 2584 1191 2657 quippe
1212 2587 1256 2639 ast
1275 2583 1322 2639 bia
1344 2583 1429 2638 lsrael
1443 2584 1463 2654 ⁷,
1490 2583 1567 2655 quod
1594 2581 1669 2638 male
1697 2583 1727 2637 in
1752 2583 1861 2640 Graecis
1877 2585 1902 2638 et

206 2666 326 2725 storiam
342 2684 430 2740 super
449 2666 603 2725 Salomone
618 2671 775 2744 conscripti
791 2675 871 2728 sunt.
1082 2673 1193 2729 Latinis
1208 2672 1358 2728 codicibus
1373 2671 1529 2728 invenitur.
1549 2673 1578 2726 la
1590 2671 1707 2727 Cantica
1722 2674 1824 2728 autem
1841 2688 1902 2728 aan-

1081 2761 1207 2818 ticorum
1219 2777 1271 2816 nec
1286 2758 1365 2817 tilius
1379 2759 1480 2830 David,
1498 2775 1550 2815 nec
1565 2776 1614 2816 rex
1628 2758 1726 2830 lsrael,
1744 2759 1806 2816 sive
1819 2761 1900 2816 Jeru-

241 2844 1026 2916 Isiiaquejuxtanumerumvocabulorumtriaivo-
1082 2850 1173 2907 salem
1195 2849 1414 2924 prescribitur:
1448 2848 1498 2904 sed
1522 2850 1649 2920 tautum,
1680 2849 1827 2904 Canticum
1840 2865 1900 2904 ean·

203 2932 317 2990 lumina
331 2932 432 3003 edidit,
454 2932 616 3002 Proverbia,
642 2935 848 3007 Ecclesiasten,
867 2945 895 2993 et
910 2939 1028 2996 Cantica
1081 2941 1197 2995 cicorum
1215 2939 1380 2994 Salomonis.
1403 2935 1484 2993 Sicut
1505 2937 1583 2992 enim
1601 2936 1763 3006 Proverbin,
1780 2939 1810 2993 et
1825 2935 1899 2992 rudis
2001 2925 2002 2968 f

205 3021 404 3078 cantieorum:
429 3021 459 3076 in
487 3022 651 3079 Proverbiis
675 3025 828 3096 parvulum
854 3026 971 3096 docens,
998 3031 1027 3082 et
1081 3026 1227 3083 institutio
1238 3027 1273 3082 ad
1285 3027 1439 3082 duodecim
1450 3025 1556 3093 tribus,
1567 3025 1641 3080 etad
1652 3025 1900 3097 totumpertinent

204 3111 289 3184 quasi
304 3111 340 3166 dc
355 3109 460 3166 afilaiis
475 3127 528 3183 par
540 3113 703 3168 sententias
728 3115 875 3170 erudiens.
889 3115 981 3183 Unde,
997 3121 1026 3172 et
1081 3115 1188 3182 lsrae13
1211 3118 1240 3171 et
1262 3115 1409 3186 quamodo
1434 3117 1620 3184 contemptus
1646 3111 1748 3168 mundi
1771 3130 1832 3169 non
1848 3112 1898 3169 nisi

205 3199 239 3253 ad
257 3197 350 3254 tilium
370 3199 395 3254 ei
410 3199 421 3233 ⁵
435 3215 532 3255 sermo
547 3200 648 3256 crebra
665 3201 813 3273 repetitur.
841 3203 871 3258 In
888 3202 1026 3261 Ecclesia·
1081 3203 1273 3276 metropolitis
1289 3203 1433 3273 convenit,
1456 3201 1511 3258 boa
1532 3205 1586 3272 est,
1613 3199 1799 3258 habitoribus
1823 3201 1898 3258 Jeru-

205 3293 249 3344 ste
263 3291 330 3344 ve'ra
348 3292 469 3346 muturae
491 3287 587 3344 virum
598 3289 691 3346 atatis
709 3290 877 3362 instituens,
902 3293 1025 3365 nequid·
1080 3292 1189 3350 salem:
1212 3293 1253 3348 ita
1275 3291 1427 3348 Canticum
1452 3291 1634 3347 canticorum
1657 3289 1694 3346 ad
1722 3307 1774 3347 eas
1790 3291 1898 3364 proprie

203 3391 292 3446 quam
308 3376 337 3432 in
353 3376 456 3432 mundi
479 3377 567 3434 rebus
592 3383 674 3450 putet
688 3395 752 3436 esse
772 3385 956 3453 perpetuum,
973 3383 1023 3439 sed
1080 3381 1148 3438 facit
1157 3381 1178 3453 ⁸,
1194 3381 1244 3454 qui
1270 3385 1385 3437 tantum
1413 3395 1542 3452 superna
1566 3378 1745 3434 desiderant.
1770 3379 1816 3435 Ad
1832 3378 1899 3435 inci·

239 3535 247 3570 ¹
282 3538 363 3594 Verba
386 3539 567 3607 Ecclesiaste),
597 3543 652 3594 etc.
685 3540 793 3596 Omnes
827 3559 899 3598 mss.
924 3541 1025 3614 legunt
1079 3536 1593 3610 describit:Generalesdisciplinae,
1619 3536 1728 3609 quihus
1750 3537 1897 3594 adrerum

203 3609 376 3666 Ecclesiastes
401 3628 453 3683 pro
476 3612 659 3678 Ecclesiaste,
683 3615 714 3667 ut
733 3611 796 3683 jam
822 3614 937 3686 propria
962 3615 1024 3672 loco
1079 3613 1233 3669 scientiam
1268 3611 1444 3683 pervenitur,
1469 3615 1530 3666 tres
1558 3615 1638 3676 sunt,
1661 3624 1735 3681 quas
1758 3608 1896 3676 Cthicam,

202 3680 331 3738 diximus
346 3686 426 3738 tomo
440 3697 450 3736 ι
465 3682 603 3738 editionis
621 3687 738 3738 uostrae.
756 3684 898 3740 Manates.
1080 3685 1243 3756 Physicam,
1263 3688 1290 3738 et
1313 3681 1473 3738 Theoricen
1498 3696 1533 3752 ap
1556 3679 1737 3750 ellaverunt;
1770 3696 1824 3737 nos
1848 3679 1897 3736 has

238 3751 343 3808 ¹idem
359 3753 552 3822 mssnostri,
571 3770 638 3808 aum
664 3754 809 3826 plerisque
831 3755 1023 3829 vulgatis,at-
1079 3750 1521 3828 dicerepossumus,btoralem,
1570 3749 1898 3823 aturalem‚et1nspc·

223 3838 260 3878 ue
282 3822 352 3880 alim
377 3822 527 3880 alcuinus.
553 3824 640 3892 idida,
671 3826 749 3896 quod
784 3827 897 3899 propria
921 3821 1059 3887 matrisC
1078 3831 1195 3893 atinam,
1213 3849 1224 3878 ι
1243 3825 1376 3896 hancque
1390 3821 1554 3905 paulopost
1567 3821 1894 3902 facultatemcssediait,

201 3839 408 3950 Jostannman
425 3901 479 3962 est,
506 3894 541 3950 tv
566 3895 636 3968 Reg.
661 3913 732 3965 xru,
754 3897 780 3966 i,
797 3899 1022 3969 proterminant
1078 3922 1092 3948 ι(
1129 3915 1167 3954 ua
1181 3896 1364 3968 supergressi
1389 3891 1527 3964 risibilia,
1552 3893 1587 3948 de
1614 3892 1721 3948 divinis
1746 3892 1854 3966 aliquid
1868 3894 1896 3946 et

202 3963 316 4030 ledidia,
340 3964 506 4021 Salomonis
529 3972 733 4038 cognomenta,
760 3967 782 4023 ll
807 3969 846 4024 lle
870 4011 876 4024 .
903 3987 953 4038 ιιι,
976 3974 1021 4026 25.
1078 3915 1245 4026 cifflestibaa
1260 3967 1502 4039 contemplamur,
1519 3979 1552 4021 ea
1574 3963 1682 4020 uasola
1697 3969 1796 4020 mente
1810 3965 1898 4019 intue-

202 4035 380 4118 Concinnius
396 4040 494 4092 autem
511 4036 621 4093 dicuin.
638 4037 819 4108 Salomonem,
835 3987 867 4095 ἐξ
877 4044 1021 4114 estpacifi-
1078 4057 1156 4096 mur.
1186 4061 1200 4090 c
1226 4039 1384 4094 Cassianus
1417 4052 1541 4117 quaque,
1585 4034 1664 4090 ollat.
1693 4051 1751 4106 xiv,
1778 4051 1842 4116 cap.
1867 4033 1893 4099 9,

201 4121 275 4173 cum,
288 4107 411 4174 etldrda,
422 4107 471 4164 hoc
484 4111 532 4176 cst,
549 4112 604 4164 etc.
1079 4136 1093 4162 ι(
1109 4111 1195 4168 Omni
1210 4109 1318 4178 studio,
1343 4107 1450 4180 inquit,
1477 4108 1612 4163 festinate
1632 4103 1796 4173 Actualem,
1811 4106 1839 4161 ld
1855 4109 1897 4160 est

237 4179 316 4247 ³Qui
330 4181 440 4235 camebi
455 4179 489 4236 ad
508 4180 679 4252 prophetiam
703 4181 814 4248 Cluati,
835 4186 889 4237 etc.
905 4182 1023 4256 Aliquot
1078 4175 1894 4307 tithicam,quamprimnmadintegrum‘comprehendere

202 4249 379 4323 exemplaria
393 4267 483 4308 mss:
500 4253 556 4322 Qui
569 4254 679 4308 tonaetn'
701 4253 736 4306 ad
756 4253 932 4325 prophetiam
947 4257 1024 4311 Chri·
1078 4253 1283 4325 disciplinam:
1300 4269 1317 4308 a
1339 4267 1412 4324 sque
1426 4249 1480 4306 haa
1495 4265 1623 4321 namque
1643 4247 1703 4314 illa,
1719 4263 1811 4319 quam
1825 4248 1895 4303 diu·

201 4323 238 4376 sti
261 4331 290 4377 et
309 4323 434 4379 Ecclesia
463 4325 634 4380 continentes
664 4325 804 4395 mysteria,
833 4328 934 4392 tamen,
965 4330 1021 4382 eto.
1079 4342 1156 4390 mus,
1172 4319 1655 4394 Theoreticapuritasnonpoterit
1676 4317 1896 4399 apprehendi»

203 4390 347 4449 Maurius.
1078 4401 1133 4453 etc.
1149 4395 1193 4452 Sit
1207 4395 1296 4467 igitur
1310 4392 1522 4450 restituendum
1539 4390 1587 4446 hic
1602 4406 1717 4462 quoque
1738 4404 1756 4446 e
1777 4391 1818 4445 ud
1832 4389 1897 4446 iiie·

237 4463 397 4530 ‘Alcuin.,
438 4466 634 4521 venabulorum
664 4480 787 4532 auarum,
813 4467 878 4533 tria,
904 4472 970 4536 ete,
996 4471 1025 4524 et
1078 4483 1233 4540 ranymum
1250 4465 1394 4522 Theonoen
1410 4480 1461 4520 sen
1488 4462 1653 4530 theoricam,
1669 4477 1721 4534 pro
1801 4461 1897 4516 ῑοὶειιιιι

202 4533 290 4608 paula
316 4538 381 4608 post
404 4535 437 4592 de
451 4539 551 4609 officiis
574 4537 757 4608 prasentare
779 4537 905 4594 erudiens
924 4555 1025 4595 :men-
1079 4539 1157 4612 quod
1182 4553 1266 4608 mss,
1287 4535 1331 4592 vel
1356 4535 1537 4607 Theatopiarn,
1553 4533 1634 4660 guad
1652 4536 1764 4588 veteres
1787 4528 1894 4610 vulgati⁸

202 4605 283 4662 dese.
1079 4609 1279 4684 praeferebant.
1294 4608 1367 4663 Pata
1383 4611 1481 4662 tamen
1492 4620 1550 4676 qua

237 4675 436 4742 ⁵Aliasediti,
452 4678 544 4750 filium
564 4679 633 4750 ejus.
658 4676 773 4735 alcuin.
791 4681 1022 4753 nequeejusha·
1079 4698 1137 4737 nau
1157 4681 1316 4805 incongrue
1341 4679 1443 4751 possit,
1478 4675 1621 4758 siqnidem
1654 4674 1738 4731 addit
1759 4675 1895 4748 Origenes

202 4751 420 4824 bet,neqaeei.
711 4807 713 4812 ,
1080 4752 1165 4808 modo
1189 4755 1237 4806 tau
1261 4755 1344 4806 atus:
1370 4771 1384 4798 a
1420 4745 1557 4804 Nonnulli
1590 4759 1659 4802 sane
1685 4745 1763 4818 apud
1784 4745 1896 4802 urana

237 4823 311 4880 ‘Ad
334 4823 450 4904 topicam
473 4836 557 4891 usquc
575 4822 740 4947 gerducant.
773 4821 857 4878 Falso
885 4827 970 4880 antea
993 4823 1023 4878 in
1079 4828 1166 4880 etiam
1192 4821 1327 4902 Lagicen,
1354 4835 1441 4892 quam
1461 4835 1515 4875 nas
1539 4814 1722 4873 Rationalem
1738 4829 1895 4890 possumus

202 4893 288 4950 editis
304 4894 385 4950 tibris
401 4909 435 4949 ao
450 4893 478 4947 ia
495 4891 571 4963 pluri
596 4909 630 4948 us
641 4892 848 4964 manuscriptis
863 4893 889 4949 ic
910 4897 1023 4964 ebatur,
1078 4896 1184 4960 diacre,
1201 4897 1305 4966 quarto
1320 4907 1351 4946 ιιι
1366 4905 1488 4947 numera
1524 4893 1674 4945 acuerunt.
1691 4909 1705 4938 a
1875 4955 1879 4967 Ι

202 4966 420 5037 udtheotapiam
435 4980 520 5035 usqae
542 4964 716 5035 perducant:
743 4981 811 5019 nam
837 4982 871 5022 ex
891 4911 1025 5038 {pistule
1114 4959 1395 5038 lScilicetliaeiltne
1423 4965 1477 5035 Ίσρ
1508 4957 1534 5030 ,λ
1558 4958 1584 5012 ἐν
1614 4954 1891 5033 Ἰερουσαλημιᾳιι

203 5036 238 5090 ad
263 5035 394 5106 Paulam,
419 5036 455 5091 de
480 5034 634 5108 alphabeta
659 5035 809 5104 hebraico,
840 5037 1023 5108 exploratum
1079 5037 1162 5093 lsrael
1177 5035 1386 5092 intentantem.
1596 5099 1602 5112 Ι
1736 5099 1743 5110 .

203 5105 348 5163 habemus
366 5106 523 5179 legendum
536 5106 589 5162 hoa
603 5105 664 5162 loca
675 5107 754 5177 quod
766 5123 818 5162 nos
830 5107 1023 5174 restituimus,
1114 5109 1124 5142 ⁸
1143 5107 1290 5164 haetenus
1312 5103 1439 5162 obtinuit
1447 5103 1475 5158 in
1495 5100 1620 5174 vulgatis
1636 5099 1893 5172 etplerrsquemss.

204 5174 322 5242 topicam
337 5193 453 5248 nempe,
469 5195 526 5232 non
546 5178 719 5248 theologiam,
745 5195 832 5250 quam
849 5195 906 5235 non
922 5181 1024 5235 decue·
1041 5191 1064 5255 Ι)
1079 5177 1163 5234 libris
1178 5178 1251 5235 falsa
1265 5176 1451 5248 absurdoque
1461 5189 1559 5240 sensu,
1569 5174 1638 5254 facit
1649 5174 1824 5254 mentionem.
1838 5169 1892 5224 Nos

204 5249 272 5300 runt
307 5245 452 5320 hilosapbi
468 5248 631 5321 gentilium.
648 5249 790 5306 Maarrau.
1080 5255 1259 5322 postremam
1275 5249 1351 5304 hana
1365 5261 1464 5303 vocem
1474 5261 1528 5316 ape
1542 5259 1631 5300 unius
1647 5241 1769 5299 Palatini
1780 5257 1835 5298 ms.
1844 5253 1892 5321 91·

239 5347 273 5355 -
287 5263 357 5372 Kisa.
375 5318 448 5389 piari
473 5335 508 5374 uc
523 5337 634 5388 omnes,
651 5326 713 5376 tum
725 5321 819 5388 nobis,
836 5336 904 5376 cum
915 5319 1026 5376 Martia·
1081 5322 1250 5404 punximus,
1267 5320 1341 5376 serie
1352 5315 1563 5391 ipsanratianis
1573 5319 1703 5388 cogente.
1716 5313 1798 5371 Sicut
1807 5323 1891 5392 enim,

205 5403 267 5470 neo
288 5387 412 5460 inspecti
438 5336 607 5470 Tzealaicam
634 5391 678 5447 vel
707 5392 891 5464 Theolopicarn
912 5390 1024 5475 legunt.
1080 5392 1185 5465 inquit,
1212 5390 1365 5450 Proverbia
1388 5388 1424 5444 ad
1449 5391 1542 5444 totum
1564 5382 1893 5469 pertinantlsra9131l⁸

205 5459 338 5515 Diximus
361 5475 427 5514 vcro
451 5476 481 5514 in
507 5476 522 5516 e
544 5462 592 5518 ist.
617 5463 652 5516 30
672 5463 1026 5530 aclPaulam,resar1ben-
1080 5465 1227 5519 canticum
1243 5463 1423 5518 canticorum
1448 5459 1484 5514 ad
1496 5473 1545 5514 eas
1561 5471 1675 5529 proprie
1698 5458 1769 5529 [anat
1787 5454 1826 5530 (id
1839 5451 1891 5520 acl,

206 5533 275 5589 dum
303 5531 452 5615 Theotisca
468 5545 502 5584 ea
516 5477 650 5615 Saganis
660 5535 827 5592 testimonio
838 5535 868 5590 in
882 5534 984 5591 homil.
995 5535 1025 5593 in
1080 5535 1212 5608 conducit)
1228 5535 1279 5610 qui
1295 5548 1423 5612 superna
1441 5529 1616 5592 desiderant.

206 5605 288 5666 Cant.
304 5607 441 5664 cantuar.
455 5601 533 5674 quad
553 5602 611 5670 bic,
627 5607 715 5676 atque
738 5606 808 5664 alibi
831 5607 1026 5684 Hieronymus

1585 4609 1614 4660 et
1628 4605 1766 4672 taedam,
1782 4603 1896 4660 retinen
1999 4637 2000 4676 ,
