4054 6168
205 298 286 372 itte
822 317 857 379 S.
877 313 1032 382 absumi
1053 308 1286 382 nteaortrtn.
1826 311 1899 382 lliss

203 437 301 498 furore
315 445 458 516 raptatur,
474 441 655 504 etinvidiam
673 445 704 503 iu
727 447 825 506 sinum
841 465 929 505 suum
944 463 1023 505 rece-
1036 451 1065 517 A
1080 449 1204 515 Quidam
1220 451 1298 508 hunc
1314 450 1410 508 locum
1425 452 1462 507 ub
1485 463 1520 509 eo
1542 451 1619 525 quod
1645 451 1704 508 ait:
1723 450 1770 507 fist
1781 465 1864 520 uusu,
1877 462 1901 511 u

148 559 153 565 -
202 527 287 600 perit,
303 531 497 606 nutrieritque
526 549 590 591 eam
614 535 645 592 in
669 540 805 609 pectore:
831 537 886 593 iste
901 537 1029 594 comedit
1081 553 1137 596 uon
1158 542 1198 595 cat
1216 539 1359 609 sccundus,
1384 557 1473 614 super
1495 539 1641 597 Salvatore
1664 541 1898 612 interpretantur,

200 615 331 676 animem
347 637 442 688 suam,
458 627 488 679 et
502 639 605 682 carues
626 641 706 683 suas.
723 625 837 690 Quanto
853 625 931 682 euim
948 641 1026 693 evim,
1082 627 1159 698 quod
1174 626 1256 683 solus
1271 632 1301 684 et
1325 629 1436 700 absque
1461 625 1520 684 ullo
1545 627 1651 684 comite
1673 629 1709 683 ad
1732 627 1898 684 salvandum

197 706 245 762 cui
259 706 380 779 invidet,
397 710 557 769 feliciorem
579 713 696 781 viderit,
718 717 800 770 tanto
823 714 887 786 ipse
901 715 1028 787 amplius
1082 715 1226 770 mundum
1243 715 1437 772 descenderit.
1454 715 1490 770 lit
1504 732 1675 789 quanquam
1690 715 1778 774 multi
1790 717 1842 772 filii
1854 717 1897 774 Dei

195 796 557 874 contabescit-etdeperit,
583 807 612 858 et
635 801 777 874 paulatim
805 802 867 860 nelo
895 807 924 859 et
938 803 1028 861 livore
1081 803 1150 870 sint,
1176 808 1206 859 ot
1226 803 1331 860 fratres
1352 805 1416 876 ejus
1440 804 1596 878 adoptione
1624 805 1781 860 dicantur:
1807 807 1897 860 tarum

195 882 327 941 distillat.
342 886 454 944 Aliter:
470 893 574 946 Manus
596 889 698 946 crebro
719 907 772 962 pro
797 889 935 962 operibus
950 891 1025 949 acci·
1081 891 1182 948 nullus
1198 891 1306 964 dignus
1322 892 1477 962 exstiterit,
1493 893 1587 965 quiin
1605 893 1793 967 hoceiopere
1805 894 1899 966 junge

193 971 325 1044 pientur,
342 975 420 1032 sicut
433 975 494 1033 ibi:
516 978 634 1036 Verbum
648 979 761 1035 Domini
775 979 845 1051 quod
867 983 1026 1053 factumest
1081 983 1171 1036 retur.
1189 982 1279 1052 Cujus
1295 979 1403 1038 laboris
1418 998 1477 1037 non
1493 986 1537 1037 est
1551 982 1629 1046 finis.
1646 982 1790 1055 portantis
1805 987 1899 1039 nostra

194 1062 226 1116 iu
240 1079 327 1119 monn
337 1064 432 1136 Aquari
447 1065 558 1138 (Aquae
579 1085 601 1136 1,
626 1069 662 1135 1,
688 1067 748 1124 sive
767 1067 859 1136 illiue,
874 1067 920 1124 vel
934 1069 1025 1141 hujus
1078 1066 1150 1124 vitia
1165 1073 1253 1140 atque
1269 1073 1397 1142 peccata,
1412 1073 1441 1125 ct
1456 1087 1507 1142 pro
1523 1071 1608 1127 nobis
1629 1070 1774 1128 dolentis:
1790 1075 1820 1127 et
1833 1088 1899 1128 ocu-

194 1150 352 1223 prophetae,
367 1154 445 1225 quod
457 1153 627 1228 taliaopern
638 1156 772 1229 gesserit,
786 1157 938 1230 utdignus
953 1158 1025 1213 exsi·
1080 1154 1126 1211 lus
1141 1157 1206 1227 eJus
1229 1173 1287 1213 non
1315 1157 1471 1214 satiabitur
1492 1158 1613 1230 divitiis,
1637 1174 1755 1232 semper
1773 1163 1898 1215 nostram

193 1241 294 1309 steret,
309 1241 340 1296 iu
357 1243 443 1314 cujus
465 1259 552 1316 opere
575 1245 659 1301 fieret
682 1261 780 1302 sermo
807 1245 934 1301 Domini.
951 1245 1024 1302 Huic
1079 1243 1223 1316 cupientis
1247 1245 1383 1312 salutem,
1408 1251 1437 1302 et
1459 1251 1569 1319 quanto
1593 1246 1660 1318 plns
1684 1246 1762 1304 422
1786 1263 1898 1320 peccare

194 1328 329 1401 congmit
343 1333 372 1386 et
385 1329 459 1387 illud
477 1333 583 1390 David:
610 1335 663 1402 Qui
685 1333 762 1390 docet
782 1351 882 1391 monus
897 1351 975 1391 eaeor
988 1333 1024 1390 ad
1078 1348 1167 1404 quem
1182 1333 1297 1402 viderit,
1313 1338 1394 1390 tanto
1408 1336 1503 1408 magis
1526 1337 1563 1392 ud
1585 1335 1785 1407 poenitentiem
1800 1336 1898 1394 cohor·

192 1417 323 1487 pralium
336 1419 421 1490 (Paul.
437 1435 534 1489 cxnvn,
552 1421 590 1494 f).
607 1420 721 1478 Stultus
745 1421 835 1495 igitur
849 1423 1022 1496 complexus
1077 1421 1178 1478 tantis.

193 1509 239 1561 est
252 1523 359 1564 manus
374 1525 455 1576 suas,
471 1510 501 1565 id
516 1513 571 1578 est,
587 1510 743 1578 contraxit,
760 1516 789 1567 et
803 1512 958 1568 extendere
974 1528 1024 1567 no·
1114 1532 1127 1558 v
1146 1508 1279 1566 Meliores
1294 1512 1363 1580 duo,
1377 1528 1465 1584 quem
1481 1529 1559 1568 unus
1574 1513 1594 1582 ²,
1611 1513 1718 1584 quibus
1733 1516 1778 1569 set
1791 1528 1900 1569 meroes

193 1592 260 1661 luit,
278 1595 356 1652 unde
369 1613 428 1653 non
455 1597 580 1655 eomedit
603 1599 721 1656 labores
743 1615 886 1656 manuum
900 1616 1022 1657 suarum
1077 1597 1155 1653 bona
1171 1598 1201 1652 in
1218 1597 1318 1655 labore
1333 1616 1406 1656 suo:
1425 1600 1505 1672 quia,
1520 1600 1547 1656 si
1561 1601 1698 1657 ceciderit
1712 1617 1802 1671 uuus,
1812 1602 1899 1675 eriget

193 1681 269 1738 421
296 1698 370 1755 quos
394 1701 446 1742 nec
469 1685 578 1755 habct;
601 1688 652 1744 sed
677 1703 781 1746 carnee
813 1704 894 1760 suas,
922 1689 1022 1745 vivens
1077 1685 1252 1758 participem
1268 1703 1367 1746 suum.
1383 1689 1470 1745 lltva
1485 1689 1547 1757 uni,
1559 1705 1627 1746 cum
1643 1690 1789 1760 ceciderit,
1801 1694 1831 1746 ot
1844 1707 1897 1746 non

189 1770 275 1840 juxta
289 1771 465 1844 sapientiam
481 1775 588 1842 carnis,
609 1779 637 1832 et
658 1775 755 1832 curnis
777 1776 915 1848 operibus
928 1777 1060 1884 vesci·B
1077 1777 1121 1830 est
1136 1777 1295 1846 secundus,
1311 1777 1361 1849 qui
1375 1778 1469 1851 erigat
1482 1779 1612 1840 eumllt
1635 1778 1765 1850 quidem,
1788 1778 1814 1833 si
1836 1779 1898 1834 dor-

194 1861 272 1916 taus.
1080 1863 1178 1920 miani
1191 1865 1244 1936 (nt.
1260 1865 1444 1935 dormierint)
1459 1867 1529 1934 duo,
1545 1866 1632 1922 etiam
1657 1866 1737 1922 calor
1750 1867 1809 1922 erit
1824 1865 1896 1935 illis;

232 1969 243 1997 ι
260 1946 362 2006 Melior
374 1952 420 2006 est
434 1949 539 2024 plenus
555 1952 686 2026 pugillus
708 1969 776 2010 cum
798 1953 912 2026 requio,
929 1969 1019 2026 quum
1075 1954 1195 2008 aturrus
1213 1954 1359 2024 quomodo
1372 1954 1508 2011 calefiet?
1531 1955 1567 2010 lit
1591 1955 1615 2012 si
1641 1955 1798 2011 invaluerit
1812 1971 1898 2028 super

194 2034 347 2108 plenitudo
362 2055 505 2097 manuum
521 2040 632 2098 laboris
656 2047 682 2098 et
708 2040 949 2116 presumptionis
964 2043 1022 2116 spi·
1075 2055 1143 2096 eum
1158 2057 1246 2110 unus,
1259 2042 1317 2098 duo
1332 2044 1453 2099 stabunt
1463 2043 1604 2100 adversus
1616 2059 1695 2110 eum,
1709 2048 1737 2100 st
1751 2043 1896 2100 funiculus

194 2125 282 2182 ritus.
296 2146 311 2178 »
327 2126 431 2184 Melius
445 2131 492 2184 ast
506 2129 655 2186 modicum
670 2129 778 2187 habers
788 2131 916 2201 justum,
930 2146 1019 2202 quam
1074 2127 1179 2201 triplex
1194 2145 1253 2186 nou
1268 2130 1325 2187 cito
1339 2132 1487 2204 rumpitur
1499 2133 1520 2188 ³.
1537 2155 1552 2183 u
1571 2134 1641 2189 Post
1667 2130 1898 2189 sollicitudincs⁸

196 2213 313 2272 divitias
327 2222 512 2288 peccatorum
527 2217 646 2274 multas.
669 2219 704 2273 lit
720 2217 749 2273 in
763 2217 929 2276 Proverbiis
943 2235 949 2274 :
969 2218 1021 2275 lde-
1075 2219 1104 2272 et
1118 2217 1254 2275 miserias
1265 2219 1294 2275 in
1307 2219 1416 2291 quibus
1428 2224 1579 2294 correptus
1591 2220 1724 2292 astillat,
1737 2221 1789 2295 qui
1801 2221 1899 2294 inopi-

196 2303 251 2360 lior
264 2306 303 2359 avt
314 2320 402 2376 parva
416 2307 539 2378 acceptio
552 2322 615 2362 cum
625 2308 737 2378 justitio
750 2323 833 2380 quom
844 2307 933 2364 multu
946 2309 1021 2378 qeni-
1075 2303 1131 2360 bus
1146 2307 1354 2379 conquirendis
1370 2309 1481 2381 absque
1496 2314 1574 2366 certo
1588 2309 1704 2367 hnrede
1719 2325 1750 2366 se
1767 2311 1895 2378 cruciat,

195 2394 274 2448 minu
288 2408 351 2448 cram
366 2395 522 2466 iniquitute.
538 2394 615 2468 (Pro.
629 2411 687 2466 xvv,
703 2395 741 2468 8).
762 2396 916 2469 Eleganter
935 2396 1021 2468 justi·
1075 2408 1153 2448 nuuc
1168 2394 1204 2448 ad
1220 2394 1407 2452 sodalitatem
1423 2413 1520 2453 sermo
1544 2398 1702 2454 confertur.
1726 2399 1761 2453 lit
1781 2397 1896 2466 dicitur,

196 2480 239 2537 tia
253 2480 384 2554 requiem
399 2481 497 2549 habet,
513 2481 654 2555 iniquitas
668 2482 808 2540 laborem.
826 2483 860 2539 hlt
879 2483 949 2557 quia
964 2484 1021 2540 sin·
1075 2481 1147 2551 quid
1163 2480 1231 2538 boni
1255 2483 1363 2540 habent
1385 2485 1548 2542 amicorum
1572 2485 1812 2556 contubernium,
1826 2489 1856 2542 et
1869 2484 1897 2540 in

198 2568 310 2642 gularis
326 2585 468 2626 numerus
483 2570 513 2626 in
528 2571 605 2627 bono
621 2588 737 2645 semper
747 2572 899 2646 accipitur,
914 2573 1021 2644 duplex
1075 2583 1231 2625 commune
1245 2569 1394 2640 solatium,
1410 2570 1481 2644 quia
1498 2575 1528 2628 et
1541 2571 1662 2629 alterius
1678 2573 1764 2628 ruina
1777 2573 1899 2629 atterius

195 2656 227 2713 in
243 2657 339 2714 malo:
356 2663 596 2731 proptereaunus
607 2659 736 2734 pugillus
747 2660 1022 2733 habetrequiem‚et
1075 2656 1183 2713 auxilio
1211 2658 1389 2729 sublevetur,
1415 2664 1444 2717 et
1471 2677 1557 2718 eurus
1586 2661 1775 2730 domesticas,
1805 2663 1897 2734 ipsius

196 2746 260 2803 dua
276 2762 382 2803 manus
396 2745 495 2804 labore
507 2753 578 2805 suut
592 2748 697 2822 plena.
1075 2761 1193 2818 quoque
1208 2747 1301 2804 unctis
1317 2747 1447 2819 requiem
1472 2748 1578 2804 melius
1600 2749 1698 2820 exigat
1721 2748 1780 2818 ille,
1796 2750 1848 2822 qui
1864 2751 1896 2806 a·

232 2856 247 2887 u
256 2839 290 2892 Et
297 2852 455 2893 conversus
465 2852 532 2894 sum
543 2840 638 2910 εμπ
647 2837 706 2894 vidi
714 2838 871 2895 vanitatem
882 2839 937 2894 sub
949 2837 1018 2896 sole.
1074 2833 1147 2889 dum
1161 2835 1289 2891 amicum
1306 2835 1402 2904 habet,
1413 2853 1502 2908 quttm
1513 2837 1564 2910 qui
1577 2837 1648 2895 solis
1660 2839 1765 2911 opibus
1778 2839 1897 2896 incubui

196 2925 249 2981 Est
264 2942 351 2995 unus,
368 2929 396 2982 et
411 2942 468 2983 non
483 2931 529 2983 est
543 2927 702 2996 secundus,
718 2931 747 2984 et
762 2927 882 2999 quidem
900 2927 1021 2996 filiuqot
1075 2921 1320 2994 acquisitis.0uod
1333 2927 1361 2980 et
1371 2925 1395 2980 si
1407 2923 1555 2981 robustior
1565 2924 1704 2982 inimicus
1716 2925 1783 2998 quis
1796 2931 1898 2984 contra

199 3012 289 3070 frater
304 3031 362 3071 non
377 3017 422 3070 est
432 3014 458 3072 ei
472 3031 479 3071 :
491 3019 519 3072 et
533 3019 648 3072 nonest
660 3015 726 3072 finis
737 3015 818 3072 omni
841 3014 935 3072 labori
945 3017 1019 3088 ejus.
1074 3012 1715 3080 unum⁶surrexerit,imbecilliiatemalterius
1726 3013 1814 3072 amici
1825 3015 1899 3072 sollt-

198 3103 362 3176 litquidem
377 3103 481 3161 oculus
491 3105 556 3177 ejus
571 3121 629 3161 uon
645 3105 769 3160 satiatur
784 3104 838 3177 (nt.
855 3103 1021 3178 satiabitur)
1075 3097 1115 3153 tio
1130 3100 1336 3157 sustentarillt
1350 3105 1459 3174 quanto
1475 3103 1533 3158 duo
1548 3119 1607 3158 uno
1622 3102 1768 3175 differant,
1780 3105 1806 3160 si
1820 3121 1898 3160 amc·

201 3190 326 3249 divitiis:
343 3196 371 3249 et
385 3192 432 3248 cui
445 3209 498 3266 ego
513 3192 624 3262 laboro,
640 3196 669 3248 et
683 3191 786 3248 fraudo
796 3193 851 3262 (Af.
866 3192 1020 3267 fraudabo)
1035 3181 1057 3247 C
1076 3203 1107 3242 re
1121 3188 1272 3258 conjuncti
1286 3189 1356 3261 siut,
1371 3194 1452 3246 tanto
1465 3191 1554 3248 etium
1568 3191 1658 3247 trium
1673 3193 1896 3250 contubernium

202 3280 332 3338 animam
348 3296 444 3338 meam
469 3297 486 3338 a
508 3281 649 3338 bonitate,
674 3280 730 3338 Sed
755 3284 784 3336 et
800 3281 855 3337 hoc
870 3281 983 3338 vanitas
998 3287 1026 3338 et
1080 3273 1148 3348 plus
1163 3275 1267 3334 valere.
1286 3278 1475 3336 Etenimvet'u
1490 3279 1627 3348 cherilus,
1640 3280 1797 3337 eianullo
1811 3281 1898 3338 livore

203 3369 342 3426 distentio
357 3369 485 3442 pessima
499 3373 552 3426 est.
570 3390 584 3419 »
602 3369 764 3426 Conversus
779 3385 845 3426 sum
860 3371 897 3426 ad
911 3369 1027 3439 alioqu
1079 3363 1195 3432 violata,
1212 3369 1320 3436 quanto
1335 3371 1458 3439 augetur
1472 3384 1489 3422 a
1505 3384 1637 3437 numero,
1654 3373 1736 3426 tanto
1748 3374 1860 3428 crescet
1873 3375 1900 3427 et

203 3457 262 3514 vidi
278 3473 337 3530 eos,
354 3456 421 3530 plus
434 3473 523 3529 quam
538 3472 657 3514 necesse
672 3460 726 3526 est,
743 3457 886 3526 laborare,
903 3473 1024 3532 congro·
1079 3454 1192 3510 robore.
1209 3454 1243 3509 Et
1258 3454 1319 3510 hac
1334 3455 1452 3511 interim
1468 3455 1642 3528 simpliciter
1652 3457 1729 3514 dicta
1740 3459 1810 3514 sint.

204 3561 274 3620 gare
290 3563 342 3620 per
355 3547 400 3604 fas
418 3549 447 3602 et
461 3546 543 3602 nefas
557 3562 637 3618 cpes,
667 3549 696 3602 et
720 3563 778 3602 uon
806 3547 850 3603 uti
871 3563 1025 3622 congrega·
1114 3542 1267 3611 Catonum,
1283 3544 1352 3615 quia
1366 3543 1396 3598 iu
1420 3543 1564 3616 superiori
1586 3544 1649 3601 loco
1674 3561 1763 3617 super
1786 3545 1899 3604 Christo

203 3635 253 3709 tis,
267 3635 494 3701 huberecmnis,
510 3635 649 3691 incubare
664 3635 783 3704 divitiis,
799 3653 913 3693 servare
928 3636 1022 3708 alteri,
1079 3632 1274 3702 quorumdam
1285 3631 1509 3706 intelligentiam
1519 3633 1776 3706 posuimus,atiam
1789 3635 1900 3709 reliqua

202 3723 832 3796 etsuolaborauonperfrui:maximiacum
848 3725 1022 3796 necsslium,
1077 3719 1179 3776 eodem
1194 3721 1296 3778 ordine
1311 3721 1483 3778 disserenda
1498 3725 1579 3778 sunl.
1595 3722 1701 3779 Melius
1714 3724 1843 3781 asiduus
1853 3742 1899 3798 pa·
2010 3779 2011 3806 ,

201 3830 254 3872 nec
267 3815 385 3871 fratrem
401 3810 538 3880 habeant,
560 3828 613 3868 nec
627 3813 826 3886 propinquum
843 3818 876 3870 ut
890 3814 1023 3872 videntur
1077 3808 1148 3864 riter
1161 3825 1327 3881 essequam
1342 3810 1553 3869 unumhlelius
1568 3813 1703 3868 ostentm
1718 3813 1897 3871 habitantem
2010 3811 2011 3870 ff

199 3900 378 3975 piuslabor¹
389 3899 560 3956 necessariis
571 3905 746 3958 reservatus.
758 3901 837 3958 Nihil
847 3902 947 3976 itaque
958 3919 1022 3960 esse
1076 3897 1106 3951 in
1121 3913 1152 3954 se
1167 3897 1274 3954 habere
1289 3898 1448 3970 Christum,
1466 3915 1554 3972 quam
1571 3899 1666 3956 solum
1690 3900 1824 3958 habitare
1836 3903 1857 3969 ἵ,
1871 3905 1898 3958 et
2010 3919 2011 3922 ¹

197 3991 304 4047 vanius
318 3987 505 4062 deprehendi,
521 4005 611 4061 quam
626 4006 693 4046 eum
706 3991 868 4064 hominem,
885 3991 935 4064 qui
951 3991 1021 4048 divi·
1075 3989 1174 4056 patero
1189 3985 1306 4042 insidiis
1322 3988 1516 4044 adversantis.
1533 3988 1642 4045 Merces
1666 3989 1773 4062 qnippe
1797 3995 1897 4048 coutu-

197 4077 253 4156 tiae
268 4080 434 4151 congreget,
454 4077 502 4134 cui
525 4094 574 4136 eas
593 4078 741 4152 relinquat
763 4077 912 4152 ignorans.
938 4079 1019 4145 Quod
1074 4073 1167 4130 bernii
1183 4074 1283 4130 statim
1298 4075 1327 4130 in
1343 4074 1408 4147 ipsa
1423 4075 1571 4132 societatis
1590 4076 1718 4134 utilitate
1735 4083 1898 4136 monstrau-

196 4167 315 4241 quidem
331 4181 490 4240 possumus
505 4167 668 4224 secundum
684 4168 865 4240 superiorem
880 4168 1020 4241 iuterpre·
1074 4167 1131 4219 tur·
1154 4163 1182 4218 Si
1207 4163 1286 4219 enim
1320 4163 1456 4220 ceciderit
1485 4182 1574 4238 unus,
1599 4165 1684 4231 erigii
1707 4167 1762 4238 fil·
1796 4167 1897 4241 eriget)

196 4257 336 4316 tationem
351 4256 491 4313 etdehis
505 4256 677 4330 intelligere,
704 4257 755 4330 qui
782 4256 872 4313 libros
895 4257 1020 4314 conscri-
1073 4250 1205 4307 Christus
1221 4252 1395 4324 participem
1420 4255 1538 4310 snum⁸.
1562 4255 1611 4309 Vae
1635 4255 1745 4328 quippe
1768 4256 1795 4311 ei
1810 4257 1822 4292 ⁹
1837 4255 1896 4328 qui,

195 4345 279 4419 hunt,
302 4350 332 4404 et
355 4361 405 4403 eos
429 4344 590 4402 fastidiosis
610 4344 769 4402 lectoribus
798 4345 1017 4416 derelinquunt.
1072 4341 1253 4408 cumruerit,
1270 4339 1419 4397 Christum
1434 4341 1464 4397 in
1489 4358 1521 4398 se
1536 4358 1595 4399 uon
1620 4341 1710 4400 habet
1725 4343 1895 4418 erigentem.

194 4559 410 4634 exemplaribus
428 4559 660 4630 corbeiensibus,
678 4574 741 4631 que
762 4557 804 4614 sic
828 4558 957 4616 babent:
978 4549 1058 4617 uelli
1109 4555 1200 4612 ‘Post
1216 4554 1425 4638 sollicitudines,
1442 4559 1498 4612 etc.
1522 4555 1623 4614 Plures
1647 4573 1720 4614 mes.
1745 4560 1810 4614 Post
1828 4557 1894 4614 sofi-

193 4641 265 4691 csrte
277 4634 302 4688 ei
325 4635 375 4704 qui
398 4633 504 4689 utiense
524 4632 653 4704 fctioitcti
674 4629 787 4699 inuidet,
808 4634 862 4688 stc.
880 4630 936 4686 Sed
953 4633 1018 4688 rsti-
1071 4625 1180 4681 tudima
1193 4641 1332 4690 misertas.
1348 4629 1402 4682 etc·
1420 4627 1564 4684 Murrus.

193 4705 290 4764 uends
305 4703 426 4775 antiqua
440 4701 677 4759 lectioeditorum
688 4701 840 4772 librorum,
851 4704 880 4757 et
890 4701 1016 4760 aliorum
1107 4697 1117 4731 ⁵
1132 4697 1204 4752 Cum
1216 4696 1310 4780 Vatia.
1327 4714 1397 4754 mse.
1414 4697 1527 4755 alcuin.
1540 4705 1628 4772 atque
1638 4700 1708 4757 editi
1719 4701 1890 4758 vetustiores

193 4777 328 4836 codicum
342 4791 426 4845 mss,
446 4775 634 4844 Voluntaria,
649 4775 706 4844 qui,
723 4777 777 4828 etc.
794 4776 939 4831 Marmara.
1069 4776 1213 4838 corruptus
1227 4773 1266 4824 esf
1282 4770 1341 4838 rite,
1357 4773 1412 4824 etc.

227 4851 238 4884 ²¹
255 4849 287 4906 fft
300 4846 426 4903 videatur
446 4847 510 4917 pius
534 4844 621 4910 lotor,
645 4848 701 4899 etc.
727 4844 813 4916 Editi,
840 4853 871 4899 ut
890 4845 1016 4902 uideatur
1105 4839 1173 4916 ⁹lta
1188 4855 1260 4895 mss.
1276 4840 1368 4897 nostri
1380 4855 1491 4908 omnes,
1507 4840 1618 4911 stanin,
1630 4842 1890 4915 etVictnriueprn·

196 4920 275 4978 foder
286 4919 456 4975 accessorius
470 4917 643 4973 reservantis.
656 4915 800 4970 Manrvsrv.
1070 4911 1185 4977 ferunt;
1202 4911 1337 4967 Martian.
1358 4917 1468 4979 tamen,
1485 4913 1555 4981 Quid
1580 4915 1607 4969 si
1621 4915 1768 4984 robustior,
1782 4919 1846 4981 etc,
1862 4915 1888 4968 et

226 5022 261 5032 -
273 4988 355 5047 Unus
369 4990 536 5060 Vaticanus,
555 5003 623 5044 cum
638 4986 708 5042 olim
723 4987 819 5058 editis,
835 4987 914 5043 tabor
926 4989 1031 5044 necess
1069 4996 1137 5037 mox
1150 4999 1250 5038 vocem
1264 4999 1352 5038 unum
1367 4984 1561 5054 praetermisit.

190 5059 607 5119 scriusreservanra.-Laviora
626 5059 759 5130 quadam
784 5073 838 5114 nos
857 5075 946 5131 supra
970 5064 1012 5114 at·
1103 5054 1255 5110 ⁷Verbum
1285 5053 1421 5121 doliture,
1451 5059 1538 5125 atque
1565 5061 1592 5110 et
1641 5055 1805 5126 articulum,
1826 5070 1886 5126 qus

193 5148 250 5202 qus
261 5133 338 5190 infra
348 5134 551 5189 emendamus.
1068 5123 1211 5206 hactonus
1226 5127 1357 5194 dcerunt,
1374 5125 1499 5182 utribus
1515 5143 1586 5183 mss.
1628 5129 1744 5185 aticsno
1759 5133 1788 5184 et
1807 5125 1884 5182 Pala·

225 5203 328 5259 ²ldem
344 5205 475 5260 Vetioau.
492 5203 586 5259 lfcfius
599 5205 640 5258 est
653 5201 716 5268 duo,
734 5215 824 5273 quum,
841 5203 895 5256 etc.
1066 5196 1138 5252 tvnis
1153 5197 1335 5254 suffecimus.
1861 5266 1867 5276 Ι

225 5301 259 5311 -·
273 5273 394 5330 lfeliores
408 5275 461 5330 duo
476 5291 558 5358 quum
581 5288 660 5330 unus.
685 5271 767 5328 Unus
782 5287 838 5328 ms.
858 5271 1011 5328 corbeien·
1102 5269 1203 5325 ⁸ffnus
1216 5270 1302 5338 eriget
1324 5269 1487 5340 participem
1510 5285 1601 5325 suum.
1624 5273 1764 5342 corrupte
1784 5270 1810 5326 iu
1824 5267 1881 5323 sdv-

189 5337 230 5396 sis
245 5357 261 5396 e
276 5343 393 5466 regione
408 5351 506 5417 posuit
522 5347 551 5400 in
568 5345 700 5418 margine
720 5341 797 5408 libri,
812 5343 935 5399 Mulieres
948 5347 1012 5399 sunt
1066 5339 1104 5396 tis
1119 5341 1331 5412 scriptumest,
1347 5342 1435 5422 eriqet
1443 5341 1578 5412 particeps
1588 5345 1693 5398 acuum
1705 5359 1802 5398 suum:
1815 5339 1880 5411 quis

188 5410 258 5468 duo:
274 5412 312 5468 Co
326 5414 456 5473 bertinus
475 5421 573 5473 autom
597 5416 627 5472 in
653 5429 773 5485 corpore
796 5415 1009 5488 translationis.
1065 5427 1099 5466 ex
1114 5410 1329 5494 Commentario
1341 5428 1492 5494 perspicue
1503 5413 1668 5470 ostenditur
1679 5414 1877 5495 Hieronymum

188 5484 333 5542 Manates.
1065 5480 1180 5607 legisse,
1197 5485 1284 5555 eriqet
1296 5491 1460 5556 participem
1472 5499 1565 5551 auum,
1580 5485 1654 5541 Vide
1676 5483 1876 5558 expositionem

222 5557 233 5592 ³
247 5553 344 5612 Nostri
359 5569 472 5626 omnes,
489 5558 641 5629 atquibus
664 5558 727 5630 ipse
749 5571 822 5612 usus
837 5559 882 5612 est
895 5557 1010 5616 Martia·
1064 5553 1091 5611 al

188 5645 280 5706 nnus,
293 5639 367 5685 mss.
379 5621 460 5691 libri,
471 5640 526 5681 no„
538 5628 623 5700 sam-13
636 5635 791 5700 rumpetur,
802 5625 840 5684 al·
869 5634 1006 5704 mmmm.
1084 5662 1088 5668 Ι
1098 5569 1249 5684 θθῇοτιοαιη
1266 5555 1302 5609 de
1317 5555 1506 5611 contubermo
1520 5554 1637 5614 Christi.
1655 5557 1793 5614 Maurus.
1816 5627 1821 5646 δ

1146 5641 1177 5683 ro
1191 5627 1229 5694 oi,
1245 5642 1318 5688 mss.
1335 5628 1386 5685 uui
1400 5625 1519 5686 habant.
