4066 6162
117 313 171 390 lrt'
708 317 864 389 mursa
885 315 1066 388 lllillllliill
1088 316 1163 389 ula.
1186 317 1224 390 ii.
1757 315 1829 393 tic·

116 473 199 518 nene
214 455 303 516 urhis
317 456 468 533 episcopo,
484 457 650 518 satisfacere
665 457 780 528 nititur,
797 463 826 516 et
840 458 869 514 in
886 459 935 515 de·
950 459 978 526 Α
1028 459 1055 515 3.
1071 460 1172 531 dafini-
1186 460 1278 517 verbo.
1308 489 1343 502 --
1359 482 1372 512 a
1389 459 1549 534 carpemus
1563 459 1686 536 reliqua,
1708 465 1737 520 et
1749 461 1827 538 ipsa·

112 547 272 606 sensionem
284 548 334 605 sni
350 548 423 605 mihi
433 557 553 606 ¹rursum
568 547 746 604 calumniam
758 547 847 604 struit
857 566 864 617 ;
876 551 940 604 tan-
994 547 1123 620 epistola
1139 550 1203 620 ejus
1213 549 1298 605 verba
1315 565 1460 623 ponamus
1471 565 1477 604 :
1490 550 1628 615 Quamvis
1643 551 1817 624 igiturddes

111 643 230 709 lnrnqne
243 653 292 693 me
307 635 415 711 diligit,
428 636 783 711 utraptustnrhine‚etin
794 635 940 709 protunda
994 641 1104 704 nostra,
1120 638 1332 709 persecutionis
1351 638 1553 695 hereticorum
1580 643 1721 713 tempore,
1747 657 1815 698 cum

110 727 276 796 demersus,
288 741 388 783 meum
405 726 593 800 potissimum
613 727 731 783 invadat
759 726 862 799 pedem
873 726 893 796 ¹,
906 729 939 782 ut
993 725 1023 781 in
1039 731 1140 782 sancta
1154 726 1349 784 Alexandrina
1363 727 1494 784 Ecclesia
1508 728 1692 801 degeremus,
1707 729 1738 786 in
1753 745 1817 786 car·

114 831 232 873 mecum
247 819 300 872 ant
311 815 467 886 liberetur,
479 819 530 872 eut
544 820 653 888 pereat.
993 815 1110 872 ceribus
1123 820 1150 872 et
1167 816 1290 888 exsiliis,
1307 833 1371 890 qua
1385 834 1438 891 pro
1448 817 1504 874 ilde
1514 819 1524 852 ⁵
1535 817 1820 892 inscrebantur,pro-

147 908 176 960 2.
206 905 337 976 Apclcpia
372 905 477 976 defici.
515 907 647 961 Parentes
679 907 789 977 culpari
816 921 940 962 semona
994 903 1123 960 hatasil.
1142 927 1156 954 n
1173 905 1354 978 Minorquod
1371 905 1818 977 nonadJecerittvinctuslesu

118 993 398 1062 diccbcatarcoqanti
420 996 567 1066 damnes.
593 1025 622 1035 -
647 993 723 1050 Dicit
749 1011 781 1051 sc
810 995 938 1068 primum
993 993 1111 1061 Christi,
1136 992 1515 1052 stliberatnssumdaore
1533 993 1819 1063 leoniaetarexan-

120 1082 289 1154 respondere
304 1082 485 1150 rumoribus,
502 1083 611 1155 quibus
627 1081 708 1138 illius
721 1084 818 1140 Romae
834 1099 938 1157 carpa-
993 1081 1062 1138 dria
1078 1083 1114 1139 ad
1129 1081 1238 1140 bestias
1254 1084 1392 1157 pugnavi,
1417 1087 1445 1140 et
1460 1100 1581 1140 cursum
1602 1085 1821 1152 consummavi,¹

117 1177 160 1227 tnr
172 1170 258 1238 tides,
274 1169 406 1228 huminis
421 1172 631 1244 probatissimi,
647 1177 708 1229 tom
723 1173 753 1230 in
769 1173 838 1241 fide,
849 1190 938 1246 quarn
993 1172 1080 1228 fidem
1098 1172 1219 1244 servavi,
1236 1177 1371 1246 superest
1393 1171 1465 1228 mihi
1482 1189 1588 1229 corona
1599 1173 1734 1243 justitiae.
1751 1175 1820 1240 Qua

112 1258 138 1314 in
152 1258 300 1315 charitate
314 1259 378 1315 Dei.
393 1259 429 1316 aa
444 1260 499 1316 uisi
513 1265 580 1333 post
595 1261 717 1335 triginta
730 1279 822 1319 annos
838 1278 939 1336 paren·
993 1260 1105 1329 exsilia,
1122 1279 1196 1334 quos
1210 1260 1265 1318 istc
1276 1277 1407 1318 carceres
1417 1261 1571 1318 nominati
1581 1261 1675 1317 Pudet
1682 1277 1729 1319 me
1739 1279 1822 1336 aper-

112 1345 186 1402 lihus
202 1347 356 1416 redditus,
372 1346 465 1404 nollet
478 1365 527 1406 eos
542 1349 685 1419 deserere,
699 1367 773 1422 quos
786 1355 845 1406 tam
857 1351 939 1407 tarda
993 1349 1101 1407 tissimi
1116 1351 1293 1419 mendacii⁸3
1310 1352 1534 1423 quasicarccres
1549 1354 1577 1405 et
1587 1348 1690 1407 exsilia
1705 1350 1819 1424 absque

109 1435 228 1503 adorari,
258 1452 297 1492 na
328 1435 510 1494 inhumanus
535 1441 689 1510 putaretur
717 1443 768 1494 aut
792 1440 940 1506 durus,et
989 1439 1124 1511 judicum
1140 1440 1293 1496 sententiis
1316 1439 1491 1512 irrogentur.
1520 1438 1592 1496 Volo
1619 1439 1819 1512 tamenipsos

109 1527 164 1580 tarn
178 1523 266 1597 longi
286 1522 404 1581 itineris
415 1523 514 1582 labore
529 1525 668 1599 fragilior,
685 1527 721 1583 ad
737 1528 886 1585 iterandos
900 1528 939 1584 le·
993 1529 1068 1586 scire
1084 1544 1225 1598 carceres,
1251 1532 1422 1602 etquenam
1447 1527 1662 1602 provinciarum
1684 1544 1716 1584 se
1741 1527 1820 1584 dicat

109 1612 189 1668 borea
199 1617 284 1670 esset
299 1611 450 1683 inllrmus,
465 1613 564 1687 ipsum
579 1615 677 1672 venire
697 1615 834 1674 voluisse.
857 1619 938 1684 Ouod
993 1617 1095 1676 exsilia
1109 1617 1296 1675 sustinuisse.
1308 1618 1454 1690 Etntiqne
1466 1616 1554 1674 habet
1564 1616 1677 1689 copiam
1693 1618 1729 1674 de
1739 1616 1819 1673 mul-

110 1701 172 1774 qnia
191 1717 256 1758 non
272 1701 384 1770 iecerit,
401 1706 503 1760 contra
517 1703 671 1761 latratores
682 1722 751 1762 suos
764 1706 940 1764 misisseba-
993 1707 1031 1764 tis
1047 1707 1213 1764 carceribus
1228 1711 1257 1763 et
1272 1707 1394 1762 infinitis
1410 1706 1521 1764 exsiliis
1535 1721 1628 1762 unum
1641 1704 1759 1779 aliquod
1771 1723 1824 1761 no·

110 1789 205 1846 culum
220 1789 403 1862 litterarum,
419 1807 507 1863 quem
523 1791 573 1848 ¹illo
588 1797 700 1850 teneret
720 1794 749 1851 in
766 1796 894 1864 dextera,
910 1800 978 1896 etB
993 1795 1138 1853 minandi.
1158 1798 1266 1852 Prodat
1276 1795 1359 1852 nohis
1374 1795 1568 1852 consessionis
1583 1811 1642 1852 sue
1658 1799 1733 1863 acta,
1750 1811 1816 1868 quae

111 1879 264 1936 sevientes
292 1885 398 1936 contre
421 1897 453 1937 se
468 1881 598 1956 abigeret
619 1899 717 1940 canes.
742 1883 772 1941 Si
797 1886 938 1958 probatus
992 1885 1146 1958 hucusque
1173 1885 1371 1954 nescivimus3
1396 1889 1428 1941 nt
1443 1884 1520 1942 inter
1539 1883 1612 1940 alins
1639 1882 1821 1940 Alexandria

111 1973 153 2025 est
164 1969 299 2039 cunctis,
315 1973 344 2025 et
360 1969 488 2027 maxime
511 1971 569 2045 ipsi
594 1972 640 2028 cui
668 1973 770 2030 scribit
790 1974 937 2048 episcopo,
993 1978 1136 2047 martyres
1152 1973 1241 2046 hujus
1258 1989 1374 2047 qnoque
1388 1978 1470 2047 gesta
1486 1973 1653 2041 recitemus,
1675 1977 1704 2030 et
1718 1978 1821 2030 contra

110 2057 263 2114 inlidaat
285 2057 426 2115 charitate
447 2059 535 2116 Dei²:
564 2061 711 2133 quomodo
735 2063 833 2120 Rome
858 2080 938 2121 mor·
992 2062 1146 2120 latratores
1170 2079 1239 2120 suns
1255 2063 1349 2136 possit
1372 2063 1487 2120 dicere:
1504 2085 1519 2113 «
1537 2061 1577 2120 lla
1601 2066 1705 2119 catere
1729 2077 1816 2120 nerno

112 2147 213 2215 detur,
228 2151 259 2202 et
273 2147 411 2220 carpitur,
436 2151 466 2205 et
488 2150 625 2222 appetitae
649 2151 853 2209 estimationis
875 2155 939 2225 ejus
994 2151 1066 2208 mihi
1082 2151 1224 2208 molestus
1241 2151 1288 2218 sit,
1301 2167 1353 2225 ego
1366 2151 1594 2224 enimsligmatn
1608 2150 1726 2206 Domini
1737 2149 1814 2207 nosti

113 2235 195 2292 lama
211 2235 509 2294 crebrescit‘llleinda
519 2239 605 2311 cujus
615 2245 659 2296 est
674 2239 864 2311 humilitatis,
875 2258 940 2315 pro·
991 2242 1062 2298 lesu
1078 2239 1223 2296 christiin
1241 2255 1360 2312 corpore
1385 2238 1820 2312 meoportanalcc.v1,lll.»

111 2324 215 2382 batum
247 2341 281 2381 sc
308 2325 405 2383 dicere
434 2327 464 2382 in
490 2326 548 2383 fida
577 2333 606 2384 et
631 2328 770 2386 charitate
794 2331 854 2398 Dei,
871 2342 939 2387 cum
1028 2331 1054 2386 l.
1073 2329 1191 2397 Qaaestio
1212 2328 1245 2386 de
1271 2330 1369 2384 anima
1384 2328 1497 2385 Christi.
1523 2349 1588 2378 -a
1609 2327 1730 2396 Tamen,
1747 2327 1815 2382 etsi

112 2412 244 2486 apostoli
254 2417 372 2487 petant:
381 2437 394 2465 a
406 2413 538 2486 Domine,
546 2417 658 2491 adauge
669 2417 753 2474 nobis
764 2419 851 2476 ildern
863 2419 938 2492 (Lac.
994 2418 1060 2490 quis
1076 2433 1154 2474 nunc
1165 2421 1209 2474 est
1218 2419 1239 2484 ⁷,
1249 2415 1299 2489 qui
1310 2416 1353 2472 vel
1364 2419 1477 2472 tentare
1488 2414 1575 2472 iidem
1586 2420 1718 2471 nostram
1728 2414 1820 2487 cupit,

112 2505 246 2572 xvrrr,5),
264 2525 279 2554 a
294 2507 326 2560 ct
337 2503 470 2576 audiant,
486 2505 538 2560 «Si
554 2505 716 2563 habueritis
731 2507 819 2565 ssdem
831 2513 939 2583 nigra·
993 2505 1037 2563 vel
1066 2506 1176 2574 audire,
1201 2503 1246 2562 vel
1271 2505 1395 2574 discere,
1412 2504 1485 2561 sciat
1510 2505 1588 2577 quod
1612 2503 1648 2560 de
1677 2502 1822 2560 Trinitate

112 2609 180 2649 num
194 2591 559 2665 sinapis(1bld.a);»ctad
571 2595 919 2667 ipsumdicatanetrum
932 2615 938 2654 :
994 2596 1072 2654 m
1088 2595 1130 2651 ita
1145 2594 1303 2662 credimus,
1322 2616 1335 2644 a
1358 2592 1525 2667 etreliqua.
1542 2594 1637 2667 Supra
1658 2595 1761 2650 contra
1774 2609 1822 2648 ca·

112 2681 262 2737 allodicee
278 2681 361 2750 fidei,
381 2697 473 2754 quare
487 2683 629 2740 dubitasti
642 2685 745 2756 (lluttla
766 2687 941 2761 x1v,31)‘l»
995 2691 1126 2742 nestuos
1150 2682 1288 2741 baculum
1311 2683 1447 2756 episcopo
1471 2682 1609 2756 porrigis,
1631 2697 1690 2754 quo
1713 2697 1767 2754 pro
1788 2697 1821 2739 se

110 2768 179 2834 Ouid
197 2766 310 2842 loquar
325 2768 361 2824 de
374 2767 526 2836 charitate,
538 2787 601 2842 quaa
612 2774 641 2826 et
666 2771 724 2828 fide
739 2775 767 2829 et
784 2789 836 2846 spe
847 2775 942 2847 major
996 2773 1128 2830 munitus
1148 2771 1275 2829 incedat.
1300 2772 1384 2828 Nunc
1399 2772 1483 2845 quasi
1509 2771 1662 2845 ambigens
1678 2769 1771 2828 dicis:
1788 2770 1819 2827 Si

111 2862 161 2924 eet,
176 2861 317 2930 atquem
330 2856 440 2914 Paulus
455 2863 536 2930 optat
556 2859 757 2934 potiusquam
773 2863 941 2935 presumit:
996 2863 1064 2936 quis
1079 2866 1125 2919 est
1144 2861 1194 2934 qni
1210 2865 1323 2918 tentare
1346 2861 1434 2918 fldem
1450 2863 1582 2917 nostram
1607 2860 1710 2932 cupit;
1726 2860 1823 2916 denuo

113 2947 297 3021 sinequaet
326 2945 465 3020 martyrio
490 2947 612 3021 sanguis
632 2950 755 3017 alluens,
778 2967 942 3025 corpusque
996 2951 1125 3018 dubitas,
1142 2966 1210 3006 cum
1227 2949 1387 3007 multorum
1409 2949 1534 3006 latratus
1550 2949 1585 3006 ad
1603 2952 1823 3022 lausqueper-

113 3035 240 3092 llammis
251 3033 410 3102 traditum,
423 3051 625 3094 coronamnon
637 3037 724 3095 babet
736 3041 943 3114 premiorum?
995 3038 1137 3096 venerint.
1153 3038 1216 3094 Non
1231 3037 1357 3094 discutio
1373 3053 1531 3110 parumper
1543 3033 1722 3092 elocutiones
1744 3043 1819 3104 luas,

112 3122 222 3180 ilerum
237 3127 400 3196 utramque
422 3123 477 3180 iste
503 3125 546 3181 sic
560 3125 616 3182 sibi
641 3127 779 3198 vindicat,
797 3133 942 3187 attamen
981 3189 983 3196 ,
998 3144 1072 3201 quas
1087 3131 1117 3184 at
1130 3131 1161 3183 lu
1177 3126 1341 3183 contemnis
1354 3129 1383 3182 ct
1395 3124 1537 3198 despicis;
1555 3127 1672 3180 tantum
1683 3123 1822 3180 sensibus

113 3218 213 3269 contra
227 3213 388 3270 schabest
405 3211 577 3283 latratores;
592 3216 643 3287 qui
659 3217 716 3272 nisi
732 3217 832 3292 inclyti
847 3201 978 3292 ponti-C
997 3217 1190 3290 respondebo.
1201 3215 1287 3272 Aliud
1308 3218 1367 3271 ate
1383 3213 1534 3288 quaritur,
1550 3216 1579 3270 et
1593 3229 1645 3286 pro
1661 3211 1719 3268 alio
1735 3211 1822 3268 salis·

112 3300 320 3358 licis⁸haculo
350 3299 635 3374 repellebamus
660 3304 767 3362 latrare
793 3324 851 3364 non
877 3325 941 3366 ces·
996 3307 1079 3362 iacis.
1096 3305 1205 3362 Contra
1232 3303 1293 3360 Arii
1322 3303 1471 3378 dogmata,
1502 3302 1564 3376 jam
1594 3299 1822 3358 Alexandriein

114 3393 192 3445 sant.
209 3389 369 3447 illudvero
384 3390 554 3460 ridiculum,
572 3393 649 3465 quod
674 3398 740 3467 post
754 3395 876 3470 triginta
889 3415 942 3454 an·
996 3393 1161 3452 carceribus
1180 3397 1208 3450 et
1223 3393 1335 3450 exsiliis
1359 3392 1563 3460 dimicaveras,
1587 3406 1739 3458 nnnvoce,
1770 3391 1822 3448 scd

115 3495 170 3534 nos
186 3478 224 3533 ad
238 3484 374 3550 parentes
385 3495 417 3536 sc
432 3496 582 3537 reversum
597 3499 661 3539 csse
670 3485 774 3556 jactat,
785 3484 874 3543 homo
891 3487 941 3560 qui
997 3484 1150 3557 sanguine.
1166 3484 1251 3539 Nunc
1265 3497 1355 3555 super
1374 3481 1508 3554 Origeois
1524 3480 1627 3538 heresi
1642 3479 1694 3536 tibi
1709 3479 1821 3536 caum-

118 3581 177 3621 neo
191 3566 412 3637 patremhebet,
429 3585 481 3624 nec
507 3574 650 3640 matrem;
673 3578 790 3645 etquos
815 3575 942 3632 viventes
998 3572 1046 3628 nia
1083 3575 1292 3629 commovetur.
1322 3570 1395 3627 Nolo
1422 3586 1519 3638 cures,
1549 3585 1613 3643 que
1642 3585 1714 3624 sana
1740 3571 1821 3636 sunt,

117 3653 242 3726 juvenis
256 3652 413 3727 dereliquit,
438 3660 571 3714 mortuos
586 3675 675 3716 senex
698 3662 867 3719 desiderat:
885 3663 941 3721 nisi
996 3658 1117 3715 vulnera
1132 3658 1286 3714 medicare.
1303 3656 1478 3713 Trinitatem
1489 3655 1563 3712 dicis
1577 3653 1666 3715 unius
1681 3669 1745 3710 esse
1760 3653 1824 3709 llei-

119 3742 200 3799 f⁰f¹0
212 3746 372 3815 Pfflsslffl‘
393 3744 514 3802 militari
538 3747 710 3822 vulgarique
732 3767 878 3820 sermone,
895 3770 942 3810 co·
997 3747 1076 3804 tatis.
1092 3746 1151 3803 Hoc
1166 3751 1225 3803 toto
1242 3745 1378 3802 credente
1389 3745 1454 3815 iam
1470 3743 1592 3811 mundo,
1613 3745 1684 3814 puto
1701 3742 1777 3814 quod
1793 3744 1822 3798 et

115 3835 227 3904 gnatam
241 3835 270 3887 et
284 3831 386 3890 aifinea
395 3834 542 3906 nominat,
560 3851 635 3909 quos
651 3838 720 3910 quia
744 3857 801 3896 non
816 3841 879 3897 vult
893 3842 943 3898 da·
998 3837 1145 3892 demones
1160 3834 1354 3891 confiteantur
1370 3830 1475 3888 Filium
1490 3831 1541 3889 Dei
1558 3833 1661 3886 uatum
1674 3829 1711 3886 da
1732 3829 1823 3886 Maria

116 3937 225 3990 serere,
245 3938 283 3978 ne
296 3921 479 3980 inhumanus
495 3928 615 3996 putetur
637 3931 687 3983 ant
708 3929 811 3996 durus,
835 3929 943 3986 idcirco
997 3923 1126 3996 Virgine,
1138 3927 1168 3979 et
1180 3937 1297 3980 carnem
1308 3919 1580 3986 naturaebnmane,
1594 3917 1822 3992 atquaanimam

116 4011 213 4081 patrie
226 4009 378 4080 derelicta,
394 4011 532 4084 aquileie
549 4012 672 4071 habitat.
688 4017 873 4074 Periclitatur
887 4018 943 4076 Ro·
997 4011 1173 4085 suscepisse.
1190 4010 1220 4068 si
1235 4011 1346 4068 arctius
1359 4009 1430 4083 quid
1446 4024 1595 4082 rogavero,
1605 4007 1823 4066 contentiosum

115 4097 235 4154 moilla
249 4099 465 4171 probatissima
479 4101 552 4158 indes
577 4104 652 4175 ejus,
668 4109 697 4161 et
711 4105 759 4162 hic
774 4107 900 4179 supinus
916 4113 944 4164 et
998 4098 1451 4160 vocabis.Sidicis1·¹i1iumDei
1476 4097 1614 4155 humana
1635 4100 1747 4154 natura
1762 4111 1825 4153 car·

114 4184 257 4254 luculos,
270 4197 340 4261 post
350 4187 472 4261 triginta
481 4205 584 4259 annos,
596 4208 649 4264 per
662 4193 943 4253 mollissimnml'la-
998 4207 1065 4248 nem
1081 4194 1168 4263 atque
1192 4187 1323 4246 animam
1337 4187 1517 4260 suscepisse,
1543 4203 1594 4244 cro
1609 4190 1648 4254 tc,
1664 4189 1698 4241 nt
1712 4185 1824 4256 absque

114 4275 212 4332 minie
226 4277 295 4346 iter,
311 4277 417 4334 essedo
430 4278 528 4336 venire
547 4295 605 4338 non
626 4286 736 4354 potest,
753 4284 853 4357 sicque
869 4301 944 4358 pra·
998 4279 1149 4338 stomacho
1175 4278 1352 4351 respondeas
1365 4295 1372 4346 ;
1384 4275 1485 4332 anima
1507 4276 1574 4343 ista,
1590 4289 1679 4347 quem
1693 4270 1826 4345 suscepit

114 4362 304 4440 tenditlongi
331 4366 452 4423 iteneris
476 4366 693 4441 lassitudinem,
719 4373 805 4444 quasi
821 4372 944 4448 triginta
997 4370 1205 4441 Jesus,eratne
1231 4370 1389 4440 antequam
1414 4367 1634 4421 nascereturex
1657 4361 1770 4418 Maria?
1786 4377 1825 4417 an

113 4453 202 4510 annis
225 4469 348 4528 semper
381 4456 552 4526 cucurrerit,
577 4463 629 4515 aut
657 4459 774 4518 biennio
802 4462 943 4535 aquileie
997 4459 1027 4515 in
1042 4457 1155 4533 origine
1169 4454 1318 4532 virginali,
1334 4471 1398 4528 qua
1422 4453 1459 4510 de
1474 4452 1583 4526 Spiritu
1608 4455 1708 4510 sancto
1723 4465 1824 4507 nascc-

111 4543 231 4613 eedens,
248 4543 389 4617 preteriti
402 4543 515 4602 itineris
530 4545 629 4604 labore
643 4549 793 4607 conlectus
809 4551 857 4608 sit.
958 4547 1094 4638 phetor,
1117 4563 1184 4605 cnm
1214 4561 1334 4619 corpore
1349 4541 1438 4600 simul
1468 4545 1567 4600 creata
1583 4541 1692 4611 est,vel
1711 4541 1777 4613 jam
1792 4539 1824 4596 in

148 4722 159 4756 ¹
176 4719 209 4777 ld
223 4726 280 4790 eat,
295 4727 417 4781 notante
430 4722 568 4793 Victoria,
584 4725 687 4798 pedem
710 4725 798 4783 simul
813 4729 942 4788 natantis
997 4729 1071 4794 tum,
1087 4724 1134 4781 vix
1148 4724 1276 4792 credam,
1302 4727 1354 4780 aut
1368 4739 1406 4806 qe
1428 4722 1476 4806 vir
1488 4721 1618 4795 quidem.
1639 4721 1682 4777 lix
1695 4717 1825 4802 Sacratis

111 4791 380 4923 ”libididem
394 4795 614 4924 '‘libid‘'
996 4796 1163 4925 titali
1180 4794 1824 4934 ‘llcii,lltltltllalsatllttt

150 4933 288 4993 'Eadm
302 4881 819 5011 veihfflitqaiciiaplictil'catificb.
834 4941 941 5000 Victor.
995 4940 1105 4996 Verum
1120 4883 1194 4994 Αοιξ
1220 4883 1249 4994 οἳ
1271 4936 1408 5010 judicum
1434 4936 1605 5018 sententias,
1630 4931 1739 5016 quihus
1762 4930 1820 4988 sibi

110 5005 227 5062 ιἠυἰειὶ.
997 5027 1088 5085 paene
1104 5011 1237 5084 irrogatas
1252 5011 1332 5075 sunt,
1349 5007 1748 5080 proferrerpse,ntcprn10r,
1764 5017 1822 5058 non

146 5077 221 5134 ‘Sic
248 5077 320 5135 alibi
351 5079 487 5148 Rufinus,
516 5080 616 5138 litator.
645 5082 738 5139 eccela.
754 5097 783 5149 V,
805 5083 853 5148 2⁴,
869 5082 944 5156 trag·
997 5078 1363 5210 potuissetquodomnia
1383 5074 1823 5204 inillapcrsecutionaahsque

109 5153 247 5206 mentum
262 5165 300 5206 ax
311 5151 398 5224 epist.
416 5151 576 5224 Polycratis
588 5153 688 5210 latine
699 5155 869 5210 convertens
880 5173 944 5228 συγ·
1009 5170 1096 5228 egum
1112 5153 1225 5214 ordine.
1245 5150 1434 5207 factiosorum
1455 5147 1609 5230 hominum
1630 5147 1752 5204 arbitrio
1794 5161 1823 5202 c·

108 5223 199 5292 τενεῖς
223 5237 335 5279 noman
343 5227 470 5295 pereites
480 5223 576 5280 reddit
598 5239 650 5308 pro
666 5224 798 5298 cognatis
809 5225 944 5299 sivepro·
998 5230 1072 5282 rent.
1088 5224 1143 5281 Alii
1159 5224 1200 5280 ita
1215 5222 1354 5279 Rufinum
1380 5237 1397 5276 a
1422 5219 1573 5276 mendacio
1588 5217 1725 5302 liberant,
1741 5221 1775 5298 ut
1791 5217 1823 5272 fi-

108 5291 243 5365 pinquis.
263 5293 425 5367 Eutropius
455 5309 571 5366 quoque
586 5294 637 5350 lrh.
664 5312 751 5368 rcap.
766 5299 795 5361 7,
819 5297 942 5354 Brutum
998 5298 1066 5354 dem
1082 5313 1172 5370 quam
1187 5295 1250 5369 ipse
1272 5292 1401 5365 exponit,
1417 5289 1570 5363 probatam
1598 5290 1764 5373 carceribus
1779 5291 1823 5345 at·

107 5367 253 5434 pernetam
282 5365 437 5436 Tarquinii
457 5371 567 5422 vocat:
590 5369 619 5423 et
639 5366 805 5424 ,lornandes
830 5385 855 5425 c.
882 5369 941 5426 17:
997 5385 1055 5442 que
1070 5367 1192 5433 exsiliis,
1208 5369 1251 5423 tol
1266 5378 1371 5435 nempe
1387 5367 1562 5446 mertprnm,
1579 5377 1698 5445 qurpro
1720 5361 1823 5418 aedem

109 5432 192 5491 Getas
206 5435 378 5510 Gepidcsqce
388 5444 528 5520 peraratas.
998 5445 1078 5498 recta
1093 5440 1151 5496 ilde
1166 5438 1379 5507 occubuerunt,
1395 5451 1453 5491 nnn
1479 5451 1574 5508 ipsam
1591 5441 1700 5491 suimet
1723 5448 1823 5507 pereo·

114 5577 119 5588 ι
144 5505 157 5541 ⁸
175 5507 207 5563 ln
221 5523 280 5565 ms.
297 5507 467 5566 Cerbereosi
488 5519 579 5580 penes
606 5509 637 5565 P.
649 5508 865 5583 Constantium,
881 5527 944 5585 quse
998 5529 1066 5569 narn
1078 5510 1232 5594 intelligat.
1417 5579 1421 5590 Ι
1476 5577 1483 5592 ,

108 5577 317 5712 ιιιιρῗὶειίῦιιιιιιι
331 5655 395 5712 tam
413 5651 601 5727 impudenter
615 5667 668 5727 pre
683 5667 716 5710 se
728 5651 822 5713 inisse
837 5655 943 5714 menti·
1033 5581 1147 5654 mmm
1158 5582 1256 5640 Tam
1269 5587 1296 5638 a
1308 5593 1382 5682 ww
1396 5594 1421 5635 α
1435 5593 1496 5684 W
1509 5585 1559 5648 ω’
1570 5581 1626 5635 ew·
