4056 6170
106 357 188 421 {³09

214 487 407 561 lampretctto
421 489 532 547 Latiae

108 630 259 696 Canauna,
275 629 395 686 aversio.

107 703 225 767 Festus,
241 717 290 758 ore
306 701 428 758 multus.

108 773 251 841 Filemon,
267 772 413 829 mirabilis
432 773 569 832 donatus.

107 914 198 983 Filex,
216 930 314 984 casus,
330 918 382 970 aut
395 913 569 973 vulneratio.

108 985 266 1060 Filologus,
281 1001 315 1041 os
329 985 480 1044 extollens.

106 1058 229 1130 Flegou,
245 1072 359 1114 secans.

106 1130 148 1185 Fo
171 1146 213 1196 or,
232 1145 276 1184 os.

107 1200 157 1256 For
179 1216 206 1266 e,
222 1215 272 1256 ore
286 1200 445 1257 edificans.

108 1271 180 1337 Fun,
196 1272 298 1338 rubea,
314 1275 366 1328 aut
384 1288 481 1328 casus.

109 1341 183 1408 Fud,
200 1342 315 1416 Libyes,
333 1347 384 1399 aut
398 1341 471 1398 Afri.

109 1413 264 1488 l‘yliatiim
280 1415 462 1487 alienigena,
475 1411 637 1470 mirabiles.

107 1558 237 1613 Fonoen
253 1571 345 1625 rama,
370 1556 482 1612 clamor
508 1555 539 1610 iu
565 1557 644 1610 terra

145 1626 277 1683 sublimi.

112 1696 244 1766 Fathuel,
255 1697 382 1755 latitudo
401 1697 462 1766 Dei,
480 1696 524 1755 vel
540 1713 642 1754 occur·

145 1786 197 1826 sus
210 1769 271 1826 Dei.

111 1841 208 1910 Fures,
226 1839 376 1913 sepes,vel
393 1840 493 1897 sectio.

107 1981 264 2051 Farisaeus,
280 1987 442 2056 separatus.

108 2052 264 2124 salathiei,
280 2055 371 2110 lunda
385 2057 491 2110 tactus.

111 2195 242 2264 Felones,
260 2195 348 2253 lacios
367 2195 428 2252 Dei.

109 2267 245 2338 Ferearel,
260 2269 449 2341 dissipantes,
460 2265 506 2322 vel
519 2266 642 2324 tructus.

110 2409 232 2478 Pilatus,
247 2409 410 2468 declinans.

108 2551 252 2625 Filippus,
269 2569 302 2608 os
316 2551 534 2625 lampadarum.

109 2623 225 2687 Finees.
252 2624 312 2680 oris
337 2624 510 2697 capistrum,
540 2624 584 2680 vel
599 2639 643 2679 re·

146 2710 253 2751 nuens.

110 2766 329 2834 Forthommen,
346 2768 522 2836 contrarius,
542 2769 593 2824 aut
609 2765 645 2822 de

146 2837 295 2894 omnibus.

110 2908 258 2992 mellus,
275 2908 382 2982 parthi,
393 2911 437 2968 vel
449 2909 587 2983 virgines,
599 2909 644 2966 vel

144 2997 277 3049 iuvenes.

111 3053 197 3121 Fora,
213 3052 273 3108 oris
288 3051 464 3124 assumptio.

111 3238 236 3305 Chabor,
251 3167 430 3311 conjugiltiio.

110 3309 249 3378 Chalaua,
266 3325 369 3367 omues
385 3327 449 3366 noa.

105 3377 232 3450 Chuleb,
247 3381 324 3439 sicut
338 3397 399 3453 cor,
414 3380 458 3438 vel
474 3397 562 3438 omne
583 3396 643 3436 cor.

110 3522 248 3592 Chamos,
278 3522 355 3580 sicut
382 3523 559 3592 attrectatio,
594 3525 645 3578 aut

147 3595 303 3680 Saturnus,
314 3593 427 3651 idolum
438 3594 643 3678 Moabitarum.

110 3665 260 3737 Chaunnn,
277 3671 354 3723 sicut
368 3683 529 3738 responsio.

111 3807 287 3881 Chanauea,
303 3812 433 3866 mutans.

112 3949 231 4022 Chaela,
248 3955 421 4009 castrorum.

711 353 878 420 ahilcurt
899 351 1188 420 OlthllltlANUll.

830 489 921 547 Codex
936 489 1091 546 Vaticanus.

698 631 827 701 Φεννανὰ,
843 631 1009 710 ἀποστίλορή.

697 703 735 776 (a)
751 702 864 773 Φὲστος,
882 701 995 775 στόματι
1011 698 1108 762 πολύς.

698 771 847 847 Φιλήμων,
874 773 1027 845 θαυμαστὸς
1044 769 1227 845 δωρούμενος.

698 915 768 987 Φίηξ
795 919 908 986 πτῶσις,
925 915 943 984 ἢ
963 919 1074 988 τρὼσις.

698 960 867 1063 calliopae,
884 985 972 1059 στόμα
987 984 1108 1060 ἐξαίρων.

698 1056 825 1150 Φλὲρων,
841 1057 1004 1112 διακόπτων.

699 1135 810 1206 Φογωρ,
828 1129 925 1202 στόμα.

698 1197 799 1272 Φοιὸἠ,
816 1199 930 1272 στόματι
946 1196 1138 1271 οίκοδομοῦσα.

698 1274 784 1344 aaut,
803 1269 944 1416 ἐρρῦρὰ,ίί
965 1275 1077 1331 πτῶσις.

698 1340 806 1416 Φοὺδ,(
851 1337 1040 1411 adesam
1064 1361 1117 1417 ροι.

698 1417 732 1488 (c)
749 1412 923 1488 Φυλιστιεὶμ,
940 1362 1105 1491 ἀλλόφυλοι,
1126 1414 1229 1486 θαυμα-

698 1485 825 1627 Φοῑιίιλίίν
847 1555 930 1633 ῥαμὰ,
949 1555 1000 1632 βοὴ
1022 1553 1048 1609 ὲν
1062 1558 1099 1631 γῇ
1124 1551 1229 1628 ὑψηλῇ.

698 1695 840 1770 Φαθουὴλ,
853 1695 1013 1769 πλατυσμὸς
1025 1700 1102 1769 Θεοῦ,
1118 1697 1230 1766 ddcdc-

732 1790 809 1842 τημα
822 1771 860 1842 (d)
877 1773 954 1824 Θεοῦ.

699 1841 797 1916 Φαρὲς,
814 1841 950 1918 φραγμὸς,
964 1836 982 1909 ἥ
995 1837 1123 1909 διακοπή.

699 1989 741 2039 Φα
761 1987 874 2052 ισσαῖος,
891 1978 966 2036 dione
989 2002 1011 2035 ω
1033 1980 1150 2053 ισμὲνος.

698 2002 822 2124 ψελεθθὶ,
840 2050 963 2130 σφενδονι
999 1999 1047 2106 εί.

699 2193 842 2264 Φελώνης,
858 2215 878 2248 π
897 2194 1005 2249 ὀσωπον
1022 2197 1099 2249 Θεοῦ.

699 2271 852 2392 (tepefaciet,
878 2212 1106 2336 λιασκεδάζοντες,
1131 2266 1230 2340 ἢκαρ-

699 2359 821 2480 Φιλλίὸς
837 2409 884 2482 (c),
901 2405 1100 2470 ἀποκεκλικώς.

699 2549 849 2620 Φίλιππος,
866 2549 954 2623 στόμα
966 2547 1129 2623 Λαμπάδων.

699 2623 804 2712 spicata,
833 2621 967 2695 στόματος
993 2621 1091 2699 φιμὸς,
1121 2620 1138 2690 ἢ
1168 2621 1230 2676 ἀνα-

735 2714 830 2749 νευων.
1002 2721 1005 2727 ·

700 2765 896 2852 Φορίλομμήν,
928 2761 1103 2834 ὑπεναντίος,
1133 2763 1151 2832 ἢ
1179 2763 1231 2818 ἀπὸ

734 2855 852 2891 παντων.

700 2905 854 2982 Φόγελλος,
871 2907 904 2980 (f)
924 2906 1033 2981 πάρθοί,
1055 2907 1073 2976 ἢ
1092 2905 1229 2982 παρθένοι,

734 2979 751 3048 ἢ
768 2977 911 3046 νεανίσκοι.

700 3055 793 3121 noxa,
810 3048 944 3122 στόματος
961 3046 1056 3122 λῆψις.

698 3231 808 3313 Χαὸὼρ,
825 3173 979 3309 σύζευξις.Χ

698 3305 820 3378 Kalaiou,
837 3309 933 3371 πάντες
947 3311 1040 3383 ἡμεῖς.

698 3374 800 3451 Χαλὲὸ,
817 3379 854 3442 ὡς
870 3378 978 3456 καρδία,
994 3378 1012 3450 ἥ
1027 3385 1100 3436 πᾶσα
1122 3376 1229 3456 καρδία.

699 3522 802 3596 λαιμὸς,
819 3521 856 3582 ὡς
872 3517 1068 3646 ψηλαφημα,ἓ
1090 3522 1230 3608 ὁυίίρόνος,

733 3592 765 3648 τὸ
781 3589 895 3646 εἴδωλον
911 3613 965 3647 των
982 3598 1050 3647 hlma
1072 3614 1145 3648 ιτων,

699 3665 803 3720 Χαναὰν
820 3663 869 3737 (ρ),
886 3662 923 3725 ὣς
940 3663 1092 3740 ἀπόκρισις.

699 3803 842 3878 Χαναναία,
861 3799 1077 3879 μεταὸάλλουσα.

699 3943 805 4018 taeta,
822 3949 861 4022 (ίι)
876 3941 1070 4022 παρεμὸολιῖιν.

1729 355 1807 419 1310

1439 487 1636 563 Hieronymus.

1275 631 1423 698 Pennana,
1439 633 1600 690 conversio.

1276 704 1390 772 Festus,
1406 720 1439 760 os
1453 704 1625 774 multorum,
1638 710 1693 762 etc.

1275 774 1503 858 l⁴¹ilemou,·mira
1519 779 1653 846 donatus,
1670 774 1713 834 vel
1730 781 1806 834 certe

1276 861 1627 987 tutatast-tt...
1644 923 1698 976 a..

1277 986 1434 1060 Filologus,
1455 1005 1504 1046 ore
1533 991 1725 1063 praecipuum,
1751 993 1805 1047 etc.

1276 1059 1393 1132 Flegon,
1410 1059 1572 1130 dissecans,
1589 1062 1648 1118 siva
1663 1062 1806 1118 dividens.

1275 1131 1377 1202 Fogor,
1394 1147 1427 1186 os
1444 1130 1539 1203 pellis.

1278 1203 1394 1268 Foeben,
1409 1219 1457 1257 ore
1468 1203 1672 1272 aedificantem,
1688 1209 1743 1260 etc.

1277 1274 1344 1344 Foa,
1360 1272 1419 1343 hic,
1435 1274 1487 1330 sed
1502 1274 1619 1342 melius,
1637 1277 1771 1332 rubrum.

1276 1345 1341 1412 Fut,
1358 1344 1462 1417 Libyas,
1476 1345 1519 1400 vcl
1536 1345 1594 1402 oris
1605 1346 1770 1403 declinatio.

1276 1415 1434 1484 Filisthim,
1454 1417 1589 1473 cudentes
1613 1417 1728 1491 poculo,
1750 1421 1806 1474 etc.

1278 1557 1380 1624 Rama,
1396 1557 1520 1630 excelsa,
1535 1562 1590 1614 etc.

1278 1697 1411 1826 Ρορριιοί,
1422 1699 1544 1757 latitudo
1553 1701 1602 1758 Dei
1608 1743 1615 1769 ,
1623 1701 1667 1758 vel
1676 1701 1810 1774 aperiens

1339 1787 1401 1826 eos.

1279 1841 1376 1910 Faces,
1402 1841 1518 1914 divisio,
1548 1842 1609 1899 aive
1638 1842 1746 1912 divisit,
1766 1841 1810 1900 vel

1313 1912 1474 1984 dissipans.

1278 1983 1430 2053 Fariseus,
1448 1984 1569 2054 divisus,
1590 1983 1651 2042 aive
1665 1985 1809 2042 disideras.

1277 2052 1811 2124 Feletthi,admirabiliter,velaalvaus

1314 2142 1371 2182 me.

1278 2195 1410 2264 Falcnea,
1426 2197 1514 2254 lacios
1529 2197 1592 2253 Dei.

1278 2267 1408 2337 herenei,
1425 2273 1605 2340 separantes,
1632 2269 1692 2325 siva
1715 2267 1808 2326 dissa-

1313 2339 1427 2405 minati,
1442 2339 1486 2394 vel
1505 2339 1725 2398 fructificantes.

1278 2410 1397 2492 Filetua,
1410 2409 1571 2477 declinans,
1583 2409 1642 2467 sive
1652 2427 1685 2468 os
1699 2426 1808 2483 meum,

1312 2480 1356 2537 val
1371 2481 1472 2538 silens.

1278 2551 1421 2625 Filippus,
1437 2569 1470 2609 oa
1485 2551 1702 2624 lampadarum.

1279 2624 1391 2690 Cineas,
1408 2639 1440 2680 os
1457 2623 1607 2696 requievit,
1624 2626 1728 2682 niveos
1745 2641 1809 2681 mu·

1314 2700 1388 2762 tum,
1401 2696 1444 2750 vel
1458 2692 1559 2752 silens.

1279 2765 1811 2840 Forthommimdivlsioperlectapo·

1315 2836 1375 2911 puli
1391 2837 1520 2910 gloriosi,
1536 2843 1581 2894 etc

1278 2907 1424 2992 Fygellus,
1440 2925 1606 2978 occurrens,
1623 2909 1682 2966 sive
1693 2914 1808 2966 contra-

1314 2995 1385 3036 rius.

1278 3051 1412 3120 Fathora,
1428 3050 1488 3109 orla
1503 3051 1673 3124 exploratio,
1690 3055 1745 3108 etc.

1524 3168 1570 3224 CH

1239 3213 1248 3224 ’
1278 3235 1400 3308 (thabor,
1417 3238 1595 3310 conjunctio,
1612 3242 1667 3295 etc.

1278 3308 1436 3374 Chalaooe,
1453 3325 1556 3367 omues
1570 3326 1635 3376 nos,
1651 3314 1707 3367 etc.

1278 3379 1396 3449 Chaleb,
1411 3382 1497 3454 quasi
1507 3399 1565 3451 cor,
1581 3386 1634 3438 aut
1647 3397 1734 3440 omne
1749 3398 1809 3450 cor,

1313 3452 1359 3508 vel
1375 3452 1466 3508 cunia.

1278 3522 1414 3593 Chamos‚
1431 3527 1635 3594 congregatos,
1654 3522 1700 3580 vel
1725 3525 1810 3595 quasi

1314 3593 1487 3649 attrectatio.

1277 3663 1426 3732 Chanaan,
1451 3659 1545 3731 σάλος,
1570 3662 1625 3720 hoc
1647 3668 1692 3720 est
1710 3667 1807 3720 motus

1313 3751 1426 3804 eorum,
1442 3737 1498 3790 etc.

1278 3803 1806 3889 Chananaaa,possideua,siveposses·

1312 3893 1367 3933 aro.

1277 3947 1413 4014 Chalech,
1429 3945 1513 4020 quasi
1527 3945 1629 4003 viride.

111 4020 454 4093 Chaldaei,diviuatoras,
475 4021 565 4094 magi,
594 4026 645 4078 uut
698 4015 841 4091 Χαλδαῖοι,
869 4020 986 4093 μάντεις,
1011 4019 1028 4088 ἢ
1057 4019 1230 4094 petractata:
1278 4017 1808 4091 chaldei,quasidaemonia,autlero-

143 4093 230 4166 quasi
247 4093 402 4151 damonia.

105 4164 210 4232 Cham,
227 4163 317 4221 calor.

735 4087 871 4163 δαιμόνια.

698 4161 770 4235 xtp,
788 4163 819 4235 (ί)
834 4162 934 4238 θέρμη.

1247 4147 1252 4154 ,
1314 4107 1371 4158 aea,
1387 4095 1440 4147 etc.

1277 4163 1377 4230 Cham,
1394 4160 1518 4219 calidus.

105 4235 300 4306 Chananeus,
317 4234 644 4309 mutationis,velpau·
698 4238 857 4304 Χαναναῖος,
887 4227 1075 4306 μεταὸολῆςῆ
1101 4229 1230 4306 πένης,ἤ
1277 4235 1469 4302 Chananeus,
1488 4232 1661 4306 negotiator,
1685 4231 1807 4288 velmu·

140 4305 289 4380 pauculus,
305 4306 351 4364 vel
366 4307 573 4380 interpretans,
590 4309 644 4364 aut

82 4382 92 4401 '
140 4378 336 4452 respondens.

149 4557 179 4626 a)
193 4555 287 4612 Vatia.
303 4553 408 4632 ρίστος.
423 4556 524 4611 Festus.

149 4629 176 4696 h)
191 4626 305 4683 Vitiosa
318 4627 429 4698 legerat
453 4624 588 4682 Martian.
604 4623 696 4686 Δίονες
709 4641 761 4696 pro
781 4618 889 4686 Λίὸοες.
1746 4642 1765 4750 ρ

136 4699 172 4769 (c)
189 4697 322 4754 Manlau.
345 4693 504 4770 Φολνσιεὶμ
526 4697 671 4768 Fylystim,
697 4692 927 4770 ριόΦυλιστιείμ
982 4697 1039 4780 liam
1054 4697 1139 4769 quusi
1156 4697 1273 4762 Filium,
1291 4697 1388 4754 Italica
1405 4697 1549 4782 ξἰρίίνιοίο,
1571 4696 1676 4771 exponi
1691 4695 1745 4772 πάρ
1764 4715 1804 4764 ον,

99 4770 180 4844 quod
199 4769 287 4826 habet
300 4768 469 4825 Vaticanus.

145 4842 176 4908 ct)
191 4840 271 4897 Idem
287 4840 422 4896 llartian.
439 4837 538 4914 Kopion
554 4855 605 4912 pro
618 4841 684 4892 Θεοῦ
698 4837 817 4912 legarat.

734 4304 901 4378 ἑρμηνεύων,
921 4302 936 4374 ἤ
953 4303 1177 4380 ἀποκρινόμενος.

1312 4305 1422 4374 labilis,
1443 4308 1494 4361 aut
1509 4304 1571 4378 ipsa
1600 4303 1805 4377 pauperculus.

981 4553 1106 4611 tianeus
1133 4551 1291 4622 ἀποκλείας,
1308 4555 1393 4610 vertit
1417 4569 1452 4610 ue
1466 4555 1644 4610 exclusionis.

1017 4627 1051 4698 (ρ’)
1067 4601 1205 4682 Videatur
1220 4643 1254 4683 ex
1268 4624 1382 4698 vulgari
1427 4626 1506 4681 atina
1526 4625 1693 4698 acceptione
1707 4627 1744 4698 Fy

1767 4624 1806 4680 cl-

980 4784 1040 4824 sive
1052 4773 1175 4840 partam,
1187 4770 1327 4840 J'aueoeua,
1343 4771 1489 4838 olrpaoem.

1027 4843 1055 4908 ρ)
1070 4840 1211 4912 Corrupto
1227 4857 1261 4896 ex
1277 4839 1365 4924 Regio
1382 4839 1516 4895 Martiae.
1534 4839 1632 4894 Χαναν.

144 4913 170 4982 et
186 4911 232 4968 Sia
247 4927 282 4970 ex
294 4911 427 4968 Vatican-
447 4911 640 4968 emendamus
661 4905 925 4981 &consalutauerint
1027 4911 1055 4978 t)
1071 4911 1102 4966 ln
1118 4911 1210 4966 vatio.
1228 4912 1334 4966 minori
1355 4925 1477 4966 numero
1491 4911 1519 4965 in
1537 4902 1803 4983 ιοοιοπορεμὸολὴ,

94 4984 232 5052 declinat,
248 4983 308 5040 aive
327 4983 489 5049 declinatas,
514 4981 593 5054 quod
616 4982 652 5037 uh
673 4975 813 5034 ἀποκλίνοι
836 4984 924 5039 verbo
979 4982 1057 5054 quod
1074 4982 1180 5038 rectius
1194 4987 1290 5038 vertas
1306 4983 1471 5052 interjectio.

94 5057 251 5112 derivatur
265 5055 462 5128 participium.
480 5059 545 5138 lpse
560 5051 728 5124 Hieronymi
752 5051 924 5125 interprata-
1014 5053 1047 5125 (ι’)
1066 5053 1199 5110 Martiao.
1215 5053 1345 5124 plurium
1361 5069 1483 5110 numero
1497 5049 1604 5126 θέρμοι,
1620 5051 1713 5108 Latio.
1729 5051 1806 5108 coto·

93 5127 138 5183 tio
162 5127 201 5182 de
226 5126 407 5183 restituenda
435 5125 558 5182 lectroue
586 5121 709 5180 monuit.
740 5123 923 5180 Manifestum
977 5139 1039 5180 rac:
1057 5125 1177 5182 dixisset
1192 5124 1288 5181 calidi.

93 5215 166 5256 vcro
183 5198 323 5256 mendum
338 5200 410 5265 erat,
425 5197 503 5270 quod
517 5195 654 5270 sultagio
676 5194 834 5252 exauderat
849 5195 923 5253 Mar-
