4066 6162
116 291 171 368 ιω
705 294 864 367 conrns
886 297 1067 368 eurrnnn
1088 297 1163 367 un
1185 297 1239 370 ιιι.
1628 261 1640 269 ’
1758 301 1821 378 ιιι

115 433 194 494 Plato
208 431 240 492 tn
255 423 343 493 libris
357 431 432 506 scis,
448 433 478 492 et
491 432 619 494 maxime
633 435 662 492 iu
673 435 819 507 Ptoedone,
832 437 940 494 remeo-
955 440 982 508 Α
996 453 1030 494 ac
1045 434 1166 506 sodalis,
1183 443 1212 495 et
1226 438 1303 512 quod
1319 436 1366 498 his
1380 439 1477 513 majus
1505 433 1560 514 esi,
1575 443 1674 503 omnia
1702 463 1766 522 que
1781 447 1818 506 de

114 541 169 598 que
182 523 940 598 pmsequitur.NampostAcademiametiunume·
995 527 1119 601 Origene
1134 527 1282 596 transtuli,
1309 528 1451 587 catholice
1461 531 1622 602 judicabis.
1652 536 1817 595 Sinautem

114 613 222 672 rabiles
247 613 425 686 discipulos,
454 613 585 670 sentiens
607 613 734 670 multum
763 631 823 671 sua
838 616 941 671 deesse
996 615 1164 672 mutieroet
1193 633 1447 686 mecommovero,
1471 619 1551 676 illico
1580 622 1819 695 impuruseroe't

115 703 267 770 doctrine,
292 703 423 760 uenitad
451 717 589 776 magnam
606 701 757 770 Graciarn,
788 703 889 776 ibique
905 704 940 759 ah
996 704 1160 773 haereticus,
1177 707 1820 780 ettuaindignusnecessitudine.Heosunt

116 791 248 864 Archyta
258 789 414 848 Tarentino
429 790 593 846 etTimaeo¹
620 791 756 848 Locrensi
771 791 941 865 Pythagorae
996 793 1141 864 preconia
1160 809 1236 860 mea,
1262 792 1303 850 sic
1331 811 1377 851 me
1401 795 1528 852 hortaris
1558 799 1593 854 ad
1610 815 1710 872 paoem
1739 809 1767 860 ct
1781 821 1818 862 ne

119 881 256 938 doctrina
268 879 409 944 eruditus,
424 877 597 952 elegantiam
613 884 642 936 et
666 879 793 953 leporem
814 880 941 936 Socratis
995 879 1138 954 gemitum
1153 881 1272 953 quidem
1288 899 1321 938 ao
1347 882 1492 956 lacrymas
1514 885 1607 943 dolori
1633 889 1741 948 liberas
1755 909 1820 951 essa

122 985 191 1026 cum
205 969 292 1039 hujus
306 967 426 1024 miscuit
441 967 616 1039 disciplinis,
629 969 812 1040 quaomnia,
823 969 942 1025 nomine
996 969 1143 1026 concedis.

123 1061 309 1122 commutato,
343 1055 483 1130 Origenes
510 1057 541 1112 in
574 1073 644 1114 suos
672 1056 762 1113 libros
794 1057 857 1131 cepi
880 1059 941 1131 Ἀρ·
1032 1059 1076 1114 td.
1092 1059 1291 1116 Calumnicndi
1305 1062 1445 1118 licentium
1473 1065 1654 1134 reprehendit.
1684 1067 1781 1125 Fuluia
1794 1073 1821 1127 et

123 1151 176 1220 χῶν
191 1144 379 1201 transtulisse
393 1144 585 1202 convincitur.
603 1146 635 1201 lu
657 1161 716 1217 quo
732 1145 822 1218 igitur
836 1145 941 1214 erravi,
997 1145 1135 1202 Herodian
1153 1177 1186 1186 —-
1203 1147 1323 1204 Possem
1338 1153 1367 1203 et
1381 1165 1434 1222 ego
1458 1150 1517 1206 tuis
1532 1155 1560 1207 te
1588 1152 1736 1212 coloribus
1753 1157 1821 1229 pin·

117 1234 328 1291 simlotescans
343 1232 403 1289 dixi
419 1249 513 1290 mccc
528 1234 692 1307 putasscin
708 1233 860 1306 apostolis,
877 1250 941 1306 que
996 1249 1063 1305 gere
1095 1239 1124 1290 et
1154 1234 1281 1292 insanire
1309 1241 1411 1292 contra
1438 1236 1650 1310 insanientem;
1666 1246 1695 1298 et
1723 1244 1819 1302 dicere

114 1325 141 1380 in
164 1322 335 1396 Pythagora
355 1327 385 1379 et
407 1320 526 1378 Platone
550 1327 578 1378 et
601 1322 775 1394 Empedoole
790 1321 942 1396 legeram?
997 1322 1140 1395 quidquid
1155 1320 1200 1378 vel
1221 1323 1291 1390 scio,
1320 1324 1363 1381 vel
1381 1325 1497 1394 nescio;
1513 1333 1542 1384 et
1570 1329 1671 1385 eadem
1688 1330 1816 1401 licentia,

114 1413 175 1471 lion
191 1416 225 1468 ut
240 1418 274 1466 tu
288 1409 481 1467 calumniaris
506 1415 534 1468 et
557 1410 656 1484 tingis.
678 1411 708 1467 in
730 1411 898 1485 Pythagora
913 1415 943 1468 et
996 1409 1087 1466 immo
1104 1411 1201 1467 lurore
1215 1416 1243 1468 et
1257 1413 1395 1485 amentia,
1411 1414 1610 1483 velletrensi
1626 1435 1694 1475 vera
1712 1437 1818 1495 conge·

113 1501 245 1558 Platonis
271 1505 302 1556 et
331 1496 514 1572 Empedoclis
541 1497 625 1556 libris
654 1500 704 1556 sed
733 1516 797 1570 qua
825 1501 856 1556 in
883 1499 943 1556 illis
997 1515 1070 1568 rere,
1103 1503 1137 1555 ut
1168 1505 1196 1556 et
1227 1501 1378 1574 maloqui‚
1409 1507 1479 1560 etta
1499 1506 1621 1577 puderet
1648 1509 1765 1576 audire;
1789 1516 1818 1568 et

114 1590 204 1647 tuisse
220 1589 366 1662 legeram,
381 1589 411 1643 et
424 1586 549 1644 aliorum
566 1604 612 1644 mc
628 1588 942 1661 scriptasoshabuisse
996 1587 1121 1659 objicere
1135 1587 1199 1657 tibi,
1216 1605 1279 1661 quae
1293 1595 1343 1647 aut
1359 1599 1546 1649 accusantem
1563 1595 1748 1666 damnarent,
1769 1601 1820 1658 aut

113 1680 291 1737 docuerunt.
311 1677 347 1732 uc
372 1675 426 1732 hoc
441 1692 534 1750 genus
550 1675 724 1734 elocutionis
738 1677 943 1750 frequentissi-
997 1681 1180 1744 accusatum,
1211 1684 1244 1734 ut
1272 1695 1306 1735 es
1330 1679 1434 1736 tractis
1464 1681 1573 1739 duritia
1598 1682 1688 1741 tidem
1717 1685 1818 1744 lectori

114 1783 195 1824 mum
205 1763 939 1838 est:utsidioam,queinSocratelegidogmata,
996 1764 1132 1833 iacerem,
1167 1772 1200 1823 ut
1232 1767 1310 1840 quod
1343 1769 1528 1841 impudenter
1559 1772 1715 1831 scriberem
1754 1793 1820 1834 vere

114 1853 482 1930 putarivera.ltonquod
509 1853 641 1909 Socrates
662 1852 754 1910 libros
778 1853 941 1911 ullosscri·
997 1854 1125 1912 scribere
1146 1856 1306 1928 judicarer.
1342 1858 1397 1914 Sed
1431 1859 1533 1930 procul
1568 1860 1607 1916 sit
1639 1879 1656 1918 a
1689 1864 1821 1924 moribus

114 1943 248 2017 pserit¹3
264 1940 317 1998 sed
331 1957 396 2013 que
410 1938 469 2012 legi
483 1941 561 2013 apud
576 1940 729 1998 Platonem
750 1948 780 1998 et
800 1942 872 2000 alios
889 1945 940 2000 So·
996 1940 1185 2012 Christianis,
1202 1949 1235 2000 ut
1248 1945 1320 2001 dum
1347 1945 1472 2002 aliorum
1487 1951 1592 2019 petunt
1612 1952 1785 2024 sanguinem
1796 1956 1818 2025 ³,

115 2028 339 2088 creticosillum
354 2027 505 2084 habuisse.
522 2032 556 2084 itt
577 2045 707 2098 rursum,
737 2029 847 2087 imitari
862 2030 942 2089 volui
996 2033 1487 2107 suumotierant3etsinegladio,
1504 2035 1819 2100 voluntatehomicide

117 2115 686 2194 gestaquainntexcndroetseipione
718 2115 941 2192 legeramcnon
996 2120 1065 2176 sint.
1083 2121 1151 2177 'lua
1178 2121 1381 2190 haereditati,
1413 2127 1530 2196 tuaeque
1554 2128 1776 2188 mansuetudini
1792 2137 1821 2189 et

116 2208 197 2281 quod
213 2208 280 2280 ipsa
295 2222 347 2263 sua
357 2208 442 2278 gesta
456 2203 675 2278 descripserint,
692 2206 743 2263 sed
769 2207 845 2278 quod
863 2208 941 2280 apud
996 2208 1177 2282 simplicitati
1192 2210 1336 2279 convenit,
1351 2209 1401 2281 qui
1417 2212 1452 2267 de
1467 2228 1525 2268 uno
1551 2217 1676 2285 pectoris
1691 2221 1818 2291 sterqui-

113 2297 188 2354 alios
202 2294 340 2368 legerim,
369 2309 433 2366 qua
448 2291 514 2349 illos
543 2293 670 2368 gessisse
693 2294 833 2364 mirabar,
851 2295 943 2370 lgitur
995 2295 1077 2363 linio,
1094 2299 1257 2354 stodorem
1273 2314 1419 2364 rosarum,
1448 2299 1612 2358 ettetorcm
1636 2304 1747 2374 protere
1771 2323 1819 2363 ce·

112 2387 202 2443 etiam
238 2383 265 2440 si
299 2383 404 2439 docere
437 2397 496 2438 nou
526 2397 643 2455 possem
667 2382 761 2454 ipsius
776 2384 941 2457 Pythagora
996 2385 1154 2442 davcrum:
1170 2389 1198 2441 et
1213 2391 1314 2442 eontra
1328 2386 1505 2444 contemtum
1534 2388 1735 2460 prophetalem
1751 2394 1816 2465 (teu.

110 2479 228 2532 exstare
243 2475 449 2542 monumenta,
465 2485 518 2527 nec
531 2487 548 2527 a
561 2469 622 2527 tilio
637 2473 702 2543 ejus
716 2488 750 2527 ac
773 2470 844 2542 tilia,
861 2471 941 2529 aliis·
996 2489 1023 2540 v,
1039 2474 1085 2544 50)
1101 2489 1235 2530 amarum
1249 2473 1340 2530 discis
1368 2477 1526 2547 essequod
1552 2477 1637 2547 quasi
1654 2477 1739 2536 dulce
1758 2480 1821 2538 lau·-

112 2579 167 2636 que
181 2558 346 2632 discipulis
360 2559 482 2633 probata
496 2559 710 2628 convincerem,
726 2576 773 2616 me
787 2577 846 2618 non
860 2565 942 2618 teue-
996 2561 1128 2618 daueros.
1144 2562 1201 2618 Neo
1217 2577 1336 2618 necesse
1350 2565 1405 2631 cst,
1434 2567 1466 2618 ut
1493 2563 1523 2620 in
1538 2564 1745 2625 acclamasticis
1760 2575 1818 2627 tra*-

112 2649 336 2719 resmendaoii,
352 2647 422 2720 quia
436 2665 493 2704 non
509 2647 611 2716 libros,
624 2649 675 2705 sed
690 2648 943 2723 dogmata-legisse
997 2650 1124 2708 otatibus
1139 2668 1201 2708 ram
1230 2649 1423 2709 tribunalium
1451 2651 1663 2724 ventilemus⁸;
1688 2657 1820 2732 nihilque

113 2755 158 2796 me
170 2737 257 2796 dixi:
279 2737 478 2793 ettetrustre
492 2752 598 2803 errare,
615 2753 662 2794 me
688 2741 774 2794 tuum
790 2743 942 2812 protegere
996 2739 1154 2812 superhoc
1182 2740 1311 2813 amplius
1340 2739 1451 2810 audies,
1482 2741 1539 2798 nisi
1567 2741 1641 2800 illud
1670 2761 1686 2800 e
1714 2746 1817 2806 trivio:

114 2826 305 2885 mendacium
325 2823 464 2890 voluisse,
499 2826 532 2880 ut
552 2823 609 2882 nisi
640 2841 693 2898 ego
726 2825 941 2883 unumlibrum
997 2851 1010 2878 «
1028 2827 1101 2884 Cum
1130 2829 1238 2886 dixeris
1268 2829 1413 2902 quodvis,
1430 2830 1532 2887 audies
1560 2832 1712 2903 quoduon
1732 2836 1785 2892 vis.
1802 2859 1817 2888 »

113 2917 287 2990 Pythagorae
303 2911 464 2986 protulero,
479 2916 509 2969 tu
525 2912 683 2970 sexmilHa
698 2914 831 2988 Origenis
851 2915 942 2972 libros
996 2919 1055 2971 dut
1071 2916 1095 2972 si
1126 2917 1179 2972 tihi
1201 2917 1258 2973 vile
1285 2917 1400 2974 videtur
1427 2917 1546 2990 vulgare
1574 2921 1771 2992 proverbium,
1787 2929 1818 2981 et

114 3005 290 3077 perdideris.
997 3002 1084 3060 homo
1117 3003 1356 3078 sapientissimus
1388 3005 1482 3079 magis
1515 3005 1756 3081 philosophorum
1784 3029 1817 3069 ac

144 3094 190 3150 tt.
211 3091 381 3151 iterabatur
412 3091 576 3164 hieronymo
607 3093 891 3164 interitumttufinue.
906 3125 941 3134 —
995 3095 1147 3163 poctarum
1163 3095 1316 3152 sententiis
1340 3093 1487 3162 delectari,
1514 3093 1577 3168 lego
1592 3095 1665 3153 illud
1685 3098 1815 3156 Homeri-

113 3181 237 3238 t'eniam
269 3179 308 3236 ad
335 3178 477 3252 epilogos,
509 3179 539 3236 id
573 3183 627 3249 est,
648 3179 803 3238 maledicta
834 3186 894 3251 tua,
911 3173 1099 3240 inerunt:

114 3270 292 3341 quibusme
320 3268 357 3324 ad
392 3267 594 3340 penitentiam
628 3268 808 3338 cohortaris;
842 3269 942 3326 etuisi

115 3373 278 3414 conuersus
292 3357 386 3425 luero,
402 3356 432 3414 id
448 3361 503 3422 est,
518 3356 576 3414 nisi
600 3361 628 3413 te
654 3361 809 3414 accusante
823 3355 942 3426 siluero,

115 3445 194 3502 milri
208 3444 503 3502 minarisinteritum.
520 3444 811 3502 Ethocscandalurn
834 3447 942 3504 redun-
998 3448 1074 3504 soa
1091 3449 1151 3506 ltoe
1179 3447 1275 3506 solum
1292 3451 1409 3522 requiro
1438 3452 1475 3508 ab
1489 3450 1595 3508 eximia
1622 3452 1777 3512 sanctitate
1791 3459 1821 3513 et

115 3533 264 3588 daturum
276 3533 308 3588 iu
321 3543 405 3606 eaput
428 3549 529 3589 mcum
543 3533 712 3602 denuntias,
742 3534 793 3609 qui
808 3539 836 3593 te
851 3535 932 3592 homi
997 3551 1122 3593 censura
1135 3542 1187 3593 tua
1198 3540 1296 3611 (cujus
1312 3543 1394 3595 tanta
1409 3543 1453 3596 est
1465 3540 1590 3611 puritas,
1606 3545 1639 3596 ut
1652 3543 1688 3600 ad
1699 3543 1819 3600 sudaria

119 3635 194 3676 nem
207 3619 388 3678 lenissimum
419 3625 449 3678 et
467 3621 600 3678 Mosaios
632 3623 880 3693 mausuetudinis,
896 3640 940 3681 re·
996 3629 1025 3680 et
1038 3625 1219 3683 semicinctia
1236 3632 1287 3683 tua
1302 3629 1441 3684 demones
1456 3628 1594 3700 rugiant),
1610 3631 1696 3701 qu'us
1719 3647 1818 3687 exem·

1062 3313 1173 3369 'Onotoo
1188 3315 1213 3369 κ’
1229 3315 1344 3386 εἳπησθιι
1357 3313 1433 3386 inor,
1449 3327 1526 3372 no'iou
1540 3317 1565 3372 κ’
1580 3317 1751 3383 innectente.

114 3707 285 3782 sponsione
298 3725 359 3768 mea
371 3711 407 3768 ad
423 3709 592 3785 scriptionis
602 3711 748 3768 insaniam
773 3728 942 3785 provocare
995 3710 1078 3784 plum
1093 3713 1123 3768 iu
1139 3714 1293 3772 scribendo
1310 3715 1467 3787 sequaris?
1480 3716 1552 3779 Quis
1566 3731 1697 3787 unquam
1717 3717 1816 3775 catho-

110 3799 185 3854 rim.
220 3799 302 3856 Scire
332 3801 411 3856 enim
444 3804 473 3856 te
503 3799 852 3871 recesseramus
876 3818 939 3874 que
994 3798 1816 3875 licorumindisputationesectarum,turpitudinemei,

106 3888 163 3946 tibi
181 3887 238 3946 soli
271 3888 455 3946 amicissimo
487 3889 544 3945 sim
579 3889 742 3957 coufessus,
767 3895 796 3946 et
828 3888 890 3946 hnc
909 3891 938 3946 in
994 3889 1149 3944 adversum
1179 3890 1422 3962 quamdisputat‚
1452 3890 1642 3962 objecitiSic
1667 3893 1817 3952 todocue·

106 3977 242 4034 medinm
257 3976 465 4050 prolaturum
481 3975 614 4049 meisque
646 3994 693 4034 me
707 3977 853 4034 coloribus
875 3993 940 4037 csse
993 3981 1064 4032 runt
1078 3977 1210 4050 magistri
1226 3977 1293 4034 tui‘l
1308 3978 1429 4035 'iniibus
1443 3978 1598 4036 institutus
1610 3995 1642 4036 es
1652 3981 1818 4055 disciplinis

105 4065 307 4140 pingendum,
322 4069 353 4122 et
366 4065 473 4122 dehere
505 4065 677 4122 meminisse
692 4066 780 4139 quod,
792 4067 938 4136 induerim
993 4073 1027 4121 ut
1041 4066 1089 4122 cui
1106 4067 1283 4140 respondere
1297 4083 1356 4124 non
1373 4067 1517 4141 potueris,
1532 4072 1621 4142 ceput
1639 4070 1753 4128 anterus
1767 4089 1774 4139 ;
1789 4075 1818 4127 et

104 4153 142 4210 ad
158 4155 251 4228 pedes
265 4159 347 4223 taos,
362 4169 401 4211 ne
414 4154 512 4228 gladio
526 4155 586 4211 oris
601 4155 644 4210 tui
659 4159 837 4226 amputares
852 4159 940 4229 caput
992 4153 1125 4228 linguam
1142 4171 1205 4228 que
1222 4155 1388 4212 iacerenon
1418 4160 1523 4228 potest,
1541 4157 1648 4213 seces?
1673 4157 1731 4214 Nec
1754 4173 1816 4214 ma·

103 4257 219 4300 meum.
236 4243 273 4300 st
302 4246 372 4317 post
385 4241 490 4311 multa,
506 4242 536 4299 in
552 4243 662 4316 quibus
696 4243 875 4301 furibundus
889 4261 938 4301 ex·
993 4259 1120 4317 gnopcre
1144 4244 1288 4317 glorieris,
1304 4245 1328 4302 si
1356 4245 1448 4302 iacias
1463 4244 1540 4317 quod
1565 4244 1734 4318 scorpouios
1749 4262 1816 4320 pos·

103 4329 214 4400 auitas,
229 4347 354 4389 revocas
367 4334 407 4401 te,
422 4335 451 4388 et
462 4330 536 4388 dicis
551 4335 651 4404 optare
665 4347 766 4405 paoem
795 4349 862 4389 cum
887 4333 937 4390 de·
992 4336 1064 4388 sunt
1078 4332 1173 4389 iacere
1187 4337 1217 4388 et
1232 4331 1429 4390 cantharides.
1446 4332 1584 4388 Fecerunt
1599 4332 1660 4390 hec
1674 4337 1703 4390 at
1717 4333 1818 4390 Fulvia

101 4418 296 4478 nnnfimione
311 4419 464 4488 danunt,
482 4425 516 4476 ut
544 4419 683 4493 deinceps
696 4425 819 4490 taceam,
836 4422 865 4478 id
881 4427 936 4490 est,
993 4420 1022 4476 in
1039 4420 1218 4487 Ciceronem,
1236 4425 1265 4477 ct
1292 4419 1433 4478 Herodins
1446 4419 1477 4475 iu
1492 4419 1654 4477 ioannem:
1684 4419 1753 4493 quic
1765 4437 1816 4480 ve·

100 4511 207 4566 utnon
245 4509 378 4566 mabam
411 4514 514 4566 contra
547 4509 706 4578 hereticos,
741 4525 793 4567 nec
812 4512 935 4568 sudeam
952 4538 975 4603 D
992 4507 1111 4565 ritatem
1127 4506 1813 4583 nonpoterantaudire,etlinguamveriloquam

98 4598 285 4672 respondere
301 4597 483 4656 accusationi
498 4603 566 4654 tue.
595 4597 625 4655 Si
658 4597 832 4666 hootecero,
847 4601 936 4658 trater
990 4596 1184 4654 discriminali
1200 4615 1253 4655 acu
1283 4599 1484 4657 confoderunt.
1514 4601 1607 4656 Canes
1634 4596 1743 4656 latrant
1764 4616 1816 4672 pro

97 4685 339 4760 eroctcollegc,
373 4691 404 4743 et
423 4685 470 4742 uir
500 4685 935 4758 eloquentissimusetamicus
990 4685 1119 4742 dominis
1134 4688 1243 4756 suiset
1258 4691 1289 4743 tu
1301 4689 1413 4748 nouvie
1429 4705 1476 4746 me
1490 4686 1596 4745 latrare
1611 4703 1663 4762 pro
1678 4687 1817 4744 Christo?

93 4903 147 4958 tius
182 4903 415 4959 reminiscentiae
448 4915 515 4958 erse.
533 4901 676 4957 linarias.
711 4931 745 4943 -
761 4901 863 4959 Nescio
897 4921 933 4961 an
990 4914 1092 4955 omnes
1121 4904 1283 4973 pernegant
1316 4899 1352 4955 ab
1379 4899 1427 4955 illo
1458 4899 1619 4972 quidquam
1641 4899 1814 4955 mandatum

93 4973 207 5040 efflas,
225 4972 381 5030 Victorius
414 4971 496 5028 addit
511 4970 589 5042 εἶναι,
623 4975 652 5028 et
665 4971 933 5045 interpretationem
989 4969 1109 5026 litteris.

90 5043 254 5102 discentiae
281 5044 503 5100 reniterentur
521 5059 587 5108 esce,
622 5059 680 5100 non
712 5043 810 5112 habet,
845 5062 933 5118 quam
1024 5043 1142 5097 ³Vetus
1157 5042 1238 5098 edit..
1259 5042 1369 5099 tttdum
1395 5043 1448 5098 atii
1472 5048 1569 5114 petunt
1588 5055 1684 5097 eorum
1702 5043 1814 5112 sanqui-

91 5115 298 5173 ltartianeus
313 5113 427 5172 eddidit
440 5131 474 5171 ex
489 5112 602 5186 aliquot
611 5128 683 5171 mss.
990 5129 1064 5180 uem,
1080 5117 1136 5169 etc.

124 5187 229 5244 ¹Vid.
266 5185 448 5256 Ciceronem,
482 5185 547 5242 ude
578 5185 703 5252 Finitus,
737 5190 765 5242 et
783 5204 791 5242 ι
812 5187 932 5254 tuscul„
1024 5183 1184 5240 ‘Martiam
1200 5184 1395 5255 postllrasm.
1414 5184 1670 5239 tiemtritunutem.

88 5257 211 5318 eulalii
229 5257 441 5330 astipulantur.
457 5255 932 5317 'limeumasserentesaPlatone
1021 5257 1032 5291 ⁵
1058 5255 1132 5312 titud
1168 5256 1353 5312 Homericum.
1384 5254 1527 5310 Homerus
1556 5254 1645 5310 iliade
1672 5259 1710 5322 1⁴3
1741 5269 1813 5312 mss.

90 5327 118 5384 in
134 5329 233 5388 ltalia
248 5329 343 5386 tuisse
358 5327 513 5396 anditum;
529 5327 673 5401 etoolliga
705 5346 800 5387 errare
821 5329 932 5387 Macro·
987 5327 1101 5384 codices
1118 5326 1231 5382 addunt
1246 5325 1388 5383 nonnulla
1403 5321 1559 5398 posticae,
1575 5325 1814 5394 scilicetisthac,

88 5398 932 5470 hcmtib.1Sntumat.,c.t,quiSooratemet'iimaeurn
985 5395 1051 5458 inu:
1066 5407 1142 5450 τοῖον
1158 5396 1205 5450 καὶ
1222 5393 1394 5458 innectente.
1430 5398 1572 5454 Muenna.
1603 5428 1637 5438 -
1669 5397 1751 5454 iliad.
1782 5401 1812 5463 Υ,

88 5473 197 5529 eodem
217 5470 330 5528 mento
347 5488 405 5528 non
421 5471 512 5528 tuisse
526 5469 686 5527 contendit.
985 5487 1062 5526 vers.
1077 5469 1142 5536 250,
1173 5469 1250 5540 quod
1265 5473 1319 5536 est,
1336 5469 1422 5538 Quale
1439 5474 1466 5526 et
1480 5469 1587 5528 dtwris
1613 5469 1735 5537 eertum,
1758 5467 1814 5524 tole

122 5543 230 5614 Ἀιϋ,
262 5559 341 5616 quos
372 5543 521 5600 interiise
553 5539 693 5608 allatius,
718 5542 828 5616 scripte
859 5544 932 5600 varii
984 5543 1010 5598 et
1029 5539 1136 5596 audien.

86 5615 216 5685 meria
245 5615 360 5672 merati
393 5614 546 5680 tribuunt3
573 5613 624 5672 sed
655 5617 767 5672 veteres
799 5614 931 5688 plerique
