<?xml version="1.0" encoding="UTF-8"?>
<!DOCTYPE html PUBLIC "-//W3C//DTD XHTML 1.0 Transitional//EN"
    "http://www.w3.org/TR/xhtml1/DTD/xhtml1-transitional.dtd">
<html xmlns="http://www.w3.org/1999/xhtml" xml:lang="en" lang="en">
 <head>
  <title>
</title>
<meta http-equiv="Content-Type" content="text/html;charset=utf-8" />
  <meta name='ocr-system' content='tesseract 3.04.00' />
  <meta name='ocr-capabilities' content='ocr_page ocr_carea ocr_par ocr_line ocrx_word'/>
</head>
<body>
  <div class='ocr_page' id='page_1' title='image "./patrologiaecurs01goog/patrologiaecurs01goog_0235.png"; bbox 0 0 4066 6162; ppageno 0'>
   <div class='ocr_carea' id='block_1_1' title="bbox 218 277 1932 370">
    <p class='ocr_par' dir='ltr' id='par_1_1' title="bbox 218 277 1932 370">
     <span class='ocr_line' id='line_1_1' title="bbox 218 277 1932 370; baseline -0.005 -12"><span class='ocrx_word' id='word_1_1' title='bbox 218 291 291 370; x_wconf 63' lang='lat' dir='ltr'><strong>,nidd</strong></span> <span class='ocrx_word' id='word_1_2' title='bbox 860 287 894 354; x_wconf 82' lang='lat' dir='ltr'><strong>S.</strong></span> <span class='ocrx_word' id='word_1_3' title='bbox 915 278 1083 354; x_wconf 70' lang='lat' dir='ltr'><strong>mauult·</strong></span> <span class='ocrx_word' id='word_1_4' title='bbox 1096 277 1332 350; x_wconf 68' lang='lat' dir='ltr'><strong>rimamini.</strong></span> <span class='ocrx_word' id='word_1_5' title='bbox 1859 277 1932 349; x_wconf 66' lang='lat' dir='ltr'><strong>um</strong></span> 
     </span>
    </p>
   </div>
   <div class='ocr_carea' id='block_1_2' title="bbox 161 411 1937 4847">
    <p class='ocr_par' dir='ltr' id='par_1_2' title="bbox 161 411 1937 4847">
     <span class='ocr_line' id='line_1_2' title="bbox 226 411 1932 498; baseline -0.004 -17"><span class='ocrx_word' id='word_1_6' title='bbox 226 421 450 498; x_wconf 80' lang='lat' dir='ltr'><strong>quatranslata</strong></span> <span class='ocrx_word' id='word_1_7' title='bbox 468 433 549 489; x_wconf 79' lang='lat' dir='ltr'><strong>sun,</strong></span> <span class='ocrx_word' id='word_1_8' title='bbox 576 437 649 495; x_wconf 88' lang='lat' dir='ltr'><strong>pene</strong></span> <span class='ocrx_word' id='word_1_9' title='bbox 673 423 776 482; x_wconf 88' lang='lat' dir='ltr'><strong>omnia</strong></span> <span class='ocrx_word' id='word_1_10' title='bbox 794 421 883 480; x_wconf 87' lang='lat' dir='ltr'><strong>mala.</strong></span> <span class='ocrx_word' id='word_1_11' title='bbox 908 416 1261 492; x_wconf 78' lang='lat' dir='ltr'><strong>QuidquidAmensuroe</strong></span> <span class='ocrx_word' id='word_1_12' title='bbox 1293 416 1363 474; x_wconf 86' lang='lat' dir='ltr'><strong>lore.</strong></span> <span class='ocrx_word' id='word_1_13' title='bbox 1378 415 1511 490; x_wconf 80' lang='lat' dir='ltr'><strong>Cumque</strong></span> <span class='ocrx_word' id='word_1_14' title='bbox 1539 411 1581 474; x_wconf 85' lang='lat' dir='ltr'><strong>ad.</strong></span> <span class='ocrx_word' id='word_1_15' title='bbox 1608 415 1742 474; x_wconf 77' lang='lat' dir='ltr'><strong>turmam.</strong></span> <span class='ocrx_word' id='word_1_16' title='bbox 1769 418 1800 474; x_wconf 86' lang='lat' dir='ltr'><strong>at</strong></span> <span class='ocrx_word' id='word_1_17' title='bbox 1827 415 1932 475; x_wconf 78' lang='lat' dir='ltr'><strong>libram</strong></span> 
     </span>
     <span class='ocr_line' id='line_1_3' title="bbox 222 503 1933 586; baseline -0.003 -18"><span class='ocrx_word' id='word_1_18' title='bbox 222 509 316 586; x_wconf 87' lang='lat' dir='ltr'><strong>igitur</strong></span> <span class='ocrx_word' id='word_1_19' title='bbox 330 509 442 568; x_wconf 91' lang='lat' dir='ltr'><strong>malum</strong></span> <span class='ocrx_word' id='word_1_20' title='bbox 457 511 488 566; x_wconf 87' lang='lat' dir='ltr'><strong>lu</strong></span> <span class='ocrx_word' id='word_1_21' title='bbox 502 509 695 570; x_wconf 80' lang='lat' dir='ltr'><strong>translatione</strong></span> <span class='ocrx_word' id='word_1_22' title='bbox 709 509 978 577; x_wconf 85' lang='lat' dir='ltr'><strong>monstrarero‚tibi</strong></span> <span class='ocrx_word' id='word_1_23' title='bbox 994 508 1049 566; x_wconf 91' lang='lat' dir='ltr'><strong>im·</strong></span> <span class='ocrx_word' id='word_1_24' title='bbox 1099 505 1258 577; x_wconf 69' lang='lat' dir='ltr'><strong>equitans</strong></span> <span class='ocrx_word' id='word_1_25' title='bbox 1284 505 1476 578; x_wconf 75' lang='lat' dir='ltr'><strong>pervenerint,</strong></span> <span class='ocrx_word' id='word_1_26' title='bbox 1510 509 1541 562; x_wconf 89' lang='lat' dir='ltr'><strong>et</strong></span> <span class='ocrx_word' id='word_1_27' title='bbox 1567 503 1758 564; x_wconf 84' lang='lat' dir='ltr'><strong>rationabiles</strong></span> <span class='ocrx_word' id='word_1_28' title='bbox 1784 506 1933 563; x_wconf 81' lang='lat' dir='ltr'><strong>cra&#39;aturas</strong></span> 
     </span>
     <span class='ocr_line' id='line_1_4' title="bbox 224 594 1934 672; baseline -0.002 -16"><span class='ocrx_word' id='word_1_29' title='bbox 224 599 389 672; x_wconf 87' lang='lat' dir='ltr'><strong>putabitur,</strong></span> <span class='ocrx_word' id='word_1_30' title='bbox 405 599 456 672; x_wconf 89' lang='lat' dir='ltr'><strong>qni</strong></span> <span class='ocrx_word' id='word_1_31' title='bbox 480 597 552 656; x_wconf 91' lang='lat' dir='ltr'><strong>illud</strong></span> <span class='ocrx_word' id='word_1_32' title='bbox 578 615 631 672; x_wconf 92' lang='lat' dir='ltr'><strong>pro</strong></span> <span class='ocrx_word' id='word_1_33' title='bbox 655 600 732 658; x_wconf 91' lang='lat' dir='ltr'><strong>bono</strong></span> <span class='ocrx_word' id='word_1_34' title='bbox 755 597 944 658; x_wconf 78' lang='lat' dir='ltr'><strong>transtulisti.</strong></span> <span class='ocrx_word' id='word_1_35' title='bbox 963 597 1050 654; x_wconf 83' lang='lat' dir='ltr'><strong>Aliud</strong></span> <span class='ocrx_word' id='word_1_36' title='bbox 1111 594 1189 652; x_wconf 66' lang='lat' dir='ltr'><strong>bod</strong></span> <span class='ocrx_word' id='word_1_37' title='bbox 1211 595 1292 652; x_wconf 90' lang='lat' dir='ltr'><strong>omni</strong></span> <span class='ocrx_word' id='word_1_38' title='bbox 1325 610 1479 668; x_wconf 88' lang='lat' dir='ltr'><strong>corporum</strong></span> <span class='ocrx_word' id='word_1_39' title='bbox 1511 595 1582 652; x_wconf 82' lang='lat' dir='ltr'><strong>leae</strong></span> <span class='ocrx_word' id='word_1_40' title='bbox 1612 594 1755 669; x_wconf 86' lang='lat' dir='ltr'><strong>deposita,</strong></span> <span class='ocrx_word' id='word_1_41' title='bbox 1775 609 1869 652; x_wconf 83' lang='lat' dir='ltr'><strong>noras</strong></span> <span class='ocrx_word' id='word_1_42' title='bbox 1898 595 1934 651; x_wconf 90' lang='lat' dir='ltr'><strong>de</strong></span> 
     </span>
     <span class='ocr_line' id='line_1_5' title="bbox 225 681 1935 762; baseline -0.004 -17"><span class='ocrx_word' id='word_1_43' title='bbox 225 692 280 756; x_wconf 89' lang='lat' dir='ltr'><strong>est,</strong></span> <span class='ocrx_word' id='word_1_44' title='bbox 306 687 331 744; x_wconf 90' lang='lat' dir='ltr'><strong>si</strong></span> <span class='ocrx_word' id='word_1_45' title='bbox 353 687 473 760; x_wconf 88' lang='lat' dir='ltr'><strong>iniquus</strong></span> <span class='ocrx_word' id='word_1_46' title='bbox 500 701 606 745; x_wconf 87' lang='lat' dir='ltr'><strong>censor</strong></span> <span class='ocrx_word' id='word_1_47' title='bbox 633 689 767 762; x_wconf 86' lang='lat' dir='ltr'><strong>ejusdem</strong></span> <span class='ocrx_word' id='word_1_48' title='bbox 797 687 931 746; x_wconf 88' lang='lat' dir='ltr'><strong>criminis</strong></span> <span class='ocrx_word' id='word_1_49' title='bbox 946 702 1014 744; x_wconf 89' lang='lat' dir='ltr'><strong>reus</strong></span> <span class='ocrx_word' id='word_1_50' title='bbox 1030 687 1049 752; x_wconf 83' lang='lat'><strong>¹,</strong></span> <span class='ocrx_word' id='word_1_51' title='bbox 1110 684 1214 739; x_wconf 90' lang='lat' dir='ltr'><strong>muudi</strong></span> <span class='ocrx_word' id='word_1_52' title='bbox 1248 683 1350 740; x_wconf 84' lang='lat' dir='ltr'><strong>exsilio</strong></span> <span class='ocrx_word' id='word_1_53' title='bbox 1383 681 1484 757; x_wconf 88' lang='lat' dir='ltr'><strong>populi</strong></span> <span class='ocrx_word' id='word_1_54' title='bbox 1526 683 1697 741; x_wconf 84' lang='lat' dir='ltr'><strong>revertentis</strong></span> <span class='ocrx_word' id='word_1_55' title='bbox 1726 683 1935 742; x_wconf 76' lang='lat' dir='ltr'><strong>monstraverit</strong></span> 
     </span>
     <span class='ocr_line' id='line_1_6' title="bbox 225 771 1935 848; baseline -0.002 -16"><span class='ocrx_word' id='word_1_56' title='bbox 225 775 300 833; x_wconf 89' lang='lat' dir='ltr'><strong>alies</strong></span> <span class='ocrx_word' id='word_1_57' title='bbox 315 776 351 832; x_wconf 91' lang='lat' dir='ltr'><strong>de</strong></span> <span class='ocrx_word' id='word_1_58' title='bbox 367 779 473 834; x_wconf 85' lang='lat' dir='ltr'><strong>senatu</strong></span> <span class='ocrx_word' id='word_1_59' title='bbox 497 791 532 848; x_wconf 81' lang='lat' dir='ltr'><strong>po</strong></span> <span class='ocrx_word' id='word_1_60' title='bbox 559 793 593 844; x_wconf 76' lang='lat' dir='ltr'><strong>rs,</strong></span> <span class='ocrx_word' id='word_1_61' title='bbox 610 776 683 834; x_wconf 88' lang='lat' dir='ltr'><strong>alios</strong></span> <span class='ocrx_word' id='word_1_62' title='bbox 698 777 727 834; x_wconf 92' lang='lat' dir='ltr'><strong>in</strong></span> <span class='ocrx_word' id='word_1_63' title='bbox 753 778 834 834; x_wconf 88' lang='lat' dir='ltr'><strong>curia</strong></span> <span class='ocrx_word' id='word_1_64' title='bbox 856 776 977 834; x_wconf 87' lang='lat' dir='ltr'><strong>retines.</strong></span> <span class='ocrx_word' id='word_1_65' title='bbox 993 775 1050 832; x_wconf 86' lang='lat' dir='ltr'><strong>Sed</strong></span> <span class='ocrx_word' id='word_1_66' title='bbox 1110 771 1268 841; x_wconf 82' lang='lat' dir='ltr'><strong>exereitus,</strong></span> <span class='ocrx_word' id='word_1_67' title='bbox 1284 776 1354 829; x_wconf 91' lang='lat' dir='ltr'><strong>tune</strong></span> <span class='ocrx_word' id='word_1_68' title='bbox 1368 788 1472 830; x_wconf 88' lang='lat' dir='ltr'><strong>rursus</strong></span> <span class='ocrx_word' id='word_1_69' title='bbox 1492 777 1528 829; x_wconf 85' lang='lat' dir='ltr'><strong>er</strong></span> <span class='ocrx_word' id='word_1_70' title='bbox 1542 772 1599 830; x_wconf 78' lang='lat' dir='ltr'><strong>clio</strong></span> <span class='ocrx_word' id='word_1_71' title='bbox 1613 772 1757 847; x_wconf 88' lang='lat' dir='ltr'><strong>principio</strong></span> <span class='ocrx_word' id='word_1_72' title='bbox 1771 773 1935 830; x_wconf 82' lang='lat' dir='ltr'><strong>berimun-</strong></span> 
     </span>
     <span class='ocr_line' id='line_1_7' title="bbox 223 859 1937 938; baseline -0.001 -18"><span class='ocrx_word' id='word_1_73' title='bbox 223 861 310 920; x_wconf 89' lang='lat' dir='ltr'><strong>dicis.</strong></span> <span class='ocrx_word' id='word_1_74' title='bbox 326 885 340 914; x_wconf 89' lang='lat'>«</span> <span class='ocrx_word' id='word_1_75' title='bbox 358 863 464 920; x_wconf 88' lang='lat' dir='ltr'><strong>omnia</strong></span> <span class='ocrx_word' id='word_1_76' title='bbox 484 869 600 920; x_wconf 64' lang='lat' dir='ltr'><strong>mutare</strong></span> <span class='ocrx_word' id='word_1_77' title='bbox 621 880 681 922; x_wconf 91' lang='lat' dir='ltr'><strong>uon</strong></span> <span class='ocrx_word' id='word_1_78' title='bbox 705 869 836 938; x_wconf 88' lang='lat' dir='ltr'><strong>poteram</strong></span> <span class='ocrx_word' id='word_1_79' title='bbox 848 883 855 933; x_wconf 92' lang='lat'>;</span> <span class='ocrx_word' id='word_1_80' title='bbox 869 864 920 922; x_wconf 88' lang='lat' dir='ltr'><strong>aad</strong></span> <span class='ocrx_word' id='word_1_81' title='bbox 937 879 973 921; x_wconf 85' lang='lat' dir='ltr'><strong>ee</strong></span> <span class='ocrx_word' id='word_1_82' title='bbox 986 868 1049 920; x_wconf 92' lang='lat' dir='ltr'><strong>tan·</strong></span> <span class='ocrx_word' id='word_1_83' title='bbox 1103 860 1175 916; x_wconf 92' lang='lat' dir='ltr'><strong>dum</strong></span> <span class='ocrx_word' id='word_1_84' title='bbox 1190 859 1300 930; x_wconf 89' lang='lat' dir='ltr'><strong>alium,</strong></span> <span class='ocrx_word' id='word_1_85' title='bbox 1316 863 1344 917; x_wconf 91' lang='lat' dir='ltr'><strong>et</strong></span> <span class='ocrx_word' id='word_1_86' title='bbox 1372 859 1431 918; x_wconf 85' lang='lat' dir='ltr'><strong>alia</strong></span> <span class='ocrx_word' id='word_1_87' title='bbox 1455 876 1589 934; x_wconf 80' lang='lat' dir='ltr'><strong>corpora,</strong></span> <span class='ocrx_word' id='word_1_88' title='bbox 1609 862 1718 935; x_wconf 83' lang='lat' dir='ltr'><strong>quibus</strong></span> <span class='ocrx_word' id='word_1_89' title='bbox 1744 859 1882 918; x_wconf 79' lang='lat' dir='ltr'><strong>labantes</strong></span> <span class='ocrx_word' id='word_1_90' title='bbox 1899 861 1937 918; x_wconf 90' lang='lat' dir='ltr'><strong>de</strong></span> 
     </span>
     <span class='ocr_line' id='line_1_8' title="bbox 220 948 1936 1024; baseline 0 -17"><span class='ocrx_word' id='word_1_91' title='bbox 220 956 297 1022; x_wconf 89' lang='lat' dir='ltr'><strong>tum,</strong></span> <span class='ocrx_word' id='word_1_92' title='bbox 324 967 387 1024; x_wconf 81' lang='lat' dir='ltr'><strong>que</strong></span> <span class='ocrx_word' id='word_1_93' title='bbox 416 950 517 1008; x_wconf 81' lang='lat' dir='ltr'><strong>addita</strong></span> <span class='ocrx_word' id='word_1_94' title='bbox 544 953 582 1008; x_wconf 91' lang='lat' dir='ltr'><strong>ab</strong></span> <span class='ocrx_word' id='word_1_95' title='bbox 610 952 761 1010; x_wconf 77' lang='lat' dir='ltr'><strong>hereticis</strong></span> <span class='ocrx_word' id='word_1_96' title='bbox 782 953 955 1018; x_wconf 88' lang='lat' dir='ltr'><strong>arbitrabar,</strong></span> <span class='ocrx_word' id='word_1_97' title='bbox 976 952 1049 1008; x_wconf 92' lang='lat' dir='ltr'><strong>mibi</strong></span> <span class='ocrx_word' id='word_1_98' title='bbox 1102 949 1293 1008; x_wconf 78' lang='lat' dir='ltr'><strong>eoeloanime</strong></span> <span class='ocrx_word' id='word_1_99' title='bbox 1308 951 1492 1018; x_wconf 85' lang='lat' dir='ltr'><strong>vestiantur,</strong></span> <span class='ocrx_word' id='word_1_100' title='bbox 1509 949 1717 1008; x_wconf 85' lang='lat' dir='ltr'><strong>atverendum</strong></span> <span class='ocrx_word' id='word_1_101' title='bbox 1733 948 1883 1020; x_wconf 79' lang='lat' dir='ltr'><strong>nobissit,</strong></span> <span class='ocrx_word' id='word_1_102' title='bbox 1898 966 1936 1007; x_wconf 84' lang='lat' dir='ltr'><strong>ne</strong></span> 
     </span>
     <span class='ocr_line' id='line_1_9' title="bbox 220 1037 1933 1116; baseline 0 -20"><span class='ocrx_word' id='word_1_103' title='bbox 220 1041 405 1116; x_wconf 81' lang='lat' dir='ltr'><strong>amputanda</strong></span> <span class='ocrx_word' id='word_1_104' title='bbox 428 1040 548 1098; x_wconf 90' lang='lat' dir='ltr'><strong>credidi.</strong></span> <span class='ocrx_word' id='word_1_105' title='bbox 574 1063 584 1091; x_wconf 68' lang='lat' dir='ltr'><strong>a</strong></span> <span class='ocrx_word' id='word_1_106' title='bbox 603 1041 741 1100; x_wconf 85' lang='lat' dir='ltr'><strong>Prdchre.</strong></span> <span class='ocrx_word' id='word_1_107' title='bbox 757 1042 788 1099; x_wconf 88' lang='lat' dir='ltr'><strong>Si</strong></span> <span class='ocrx_word' id='word_1_108' title='bbox 810 1041 970 1114; x_wconf 87' lang='lat' dir='ltr'><strong>amputasti</strong></span> <span class='ocrx_word' id='word_1_109' title='bbox 983 1057 1047 1114; x_wconf 79' lang='lat' dir='ltr'><strong>que</strong></span> <span class='ocrx_word' id='word_1_110' title='bbox 1102 1037 1153 1109; x_wconf 88' lang='lat' dir='ltr'><strong>qui</strong></span> <span class='ocrx_word' id='word_1_111' title='bbox 1168 1053 1247 1096; x_wconf 92' lang='lat' dir='ltr'><strong>nuno</strong></span> <span class='ocrx_word' id='word_1_112' title='bbox 1260 1037 1314 1096; x_wconf 85' lang='lat' dir='ltr'><strong>uiri</strong></span> <span class='ocrx_word' id='word_1_113' title='bbox 1329 1052 1447 1107; x_wconf 89' lang='lat' dir='ltr'><strong>sumus,</strong></span> <span class='ocrx_word' id='word_1_114' title='bbox 1461 1043 1567 1110; x_wconf 88' lang='lat' dir='ltr'><strong>postea</strong></span> <span class='ocrx_word' id='word_1_115' title='bbox 1581 1052 1740 1097; x_wconf 79' lang='lat' dir='ltr'><strong>nascamur</strong></span> <span class='ocrx_word' id='word_1_116' title='bbox 1752 1037 1933 1109; x_wconf 77' lang='lat' dir='ltr'><strong>inlem&#39;rnas3</strong></span> 
     </span>
     <span class='ocr_line' id='line_1_10' title="bbox 221 1126 1935 1204; baseline 0.001 -19"><span class='ocrx_word' id='word_1_117' title='bbox 221 1127 320 1185; x_wconf 86' lang='lat' dir='ltr'><strong>addita</strong></span> <span class='ocrx_word' id='word_1_118' title='bbox 341 1127 379 1184; x_wconf 88' lang='lat' dir='ltr'><strong>ab</strong></span> <span class='ocrx_word' id='word_1_119' title='bbox 403 1126 547 1186; x_wconf 80' lang='lat' dir='ltr'><strong>hereticis</strong></span> <span class='ocrx_word' id='word_1_120' title='bbox 575 1129 775 1201; x_wconf 75' lang='lat' dir='ltr'><strong>existimabas,</strong></span> <span class='ocrx_word' id='word_1_121' title='bbox 809 1147 878 1204; x_wconf 91' lang='lat' dir='ltr'><strong>ergo</strong></span> <span class='ocrx_word' id='word_1_122' title='bbox 906 1147 971 1203; x_wconf 79' lang='lat' dir='ltr'><strong>que</strong></span> <span class='ocrx_word' id='word_1_123' title='bbox 987 1128 1050 1188; x_wconf 90' lang='lat' dir='ltr'><strong>reli·</strong></span> <span class='ocrx_word' id='word_1_124' title='bbox 1102 1129 1203 1200; x_wconf 80' lang='lat' dir='ltr'><strong>etqua</strong></span> <span class='ocrx_word' id='word_1_125' title='bbox 1218 1126 1410 1200; x_wconf 78' lang='lat' dir='ltr'><strong>hodievirgo,</strong></span> <span class='ocrx_word' id='word_1_126' title='bbox 1435 1132 1506 1184; x_wconf 91' lang='lat' dir='ltr'><strong>tune</strong></span> <span class='ocrx_word' id='word_1_127' title='bbox 1533 1128 1590 1199; x_wconf 79' lang='lat' dir='ltr'><strong>[At.</strong></span> <span class='ocrx_word' id='word_1_128' title='bbox 1613 1129 1725 1202; x_wconf 87' lang='lat' dir='ltr'><strong>postea]</strong></span> <span class='ocrx_word' id='word_1_129' title='bbox 1741 1127 1813 1185; x_wconf 83' lang='lat' dir='ltr'><strong>iuste</strong></span> <span class='ocrx_word' id='word_1_130' title='bbox 1828 1131 1935 1201; x_wconf 80' lang='lat' dir='ltr'><strong>prusti-</strong></span> 
     </span>
     <span class='ocr_line' id='line_1_11' title="bbox 220 1214 1934 1293; baseline 0.002 -21"><span class='ocrx_word' id='word_1_131' title='bbox 220 1215 323 1290; x_wconf 88' lang='lat' dir='ltr'><strong>quisti,</strong></span> <span class='ocrx_word' id='word_1_132' title='bbox 341 1216 406 1288; x_wconf 79' lang='lat' dir='ltr'><strong>ejus</strong></span> <span class='ocrx_word' id='word_1_133' title='bbox 422 1219 593 1289; x_wconf 84' lang='lat' dir='ltr'><strong>suntquem</strong></span> <span class='ocrx_word' id='word_1_134' title='bbox 607 1217 822 1292; x_wconf 88' lang='lat' dir='ltr'><strong>interpretatus</strong></span> <span class='ocrx_word' id='word_1_135' title='bbox 845 1235 877 1276; x_wconf 91' lang='lat' dir='ltr'><strong>es</strong></span> <span class='ocrx_word' id='word_1_136' title='bbox 892 1217 945 1293; x_wconf 79' lang='lat' dir='ltr'><strong>[rii.</strong></span> <span class='ocrx_word' id='word_1_137' title='bbox 959 1219 1047 1276; x_wconf 74' lang='lat' dir='ltr'><strong>inter</strong></span> <span class='ocrx_word' id='word_1_138' title='bbox 1100 1214 1206 1275; x_wconf 87' lang='lat' dir='ltr'><strong>bulum</strong></span> <span class='ocrx_word' id='word_1_139' title='bbox 1229 1216 1277 1273; x_wconf 89' lang='lat' dir='ltr'><strong>sit.</strong></span> <span class='ocrx_word' id='word_1_140' title='bbox 1301 1217 1363 1274; x_wconf 77' lang='lat' dir='ltr'><strong>lianc</strong></span> <span class='ocrx_word' id='word_1_141' title='bbox 1388 1217 1417 1272; x_wconf 93' lang='lat' dir='ltr'><strong>in</strong></span> <span class='ocrx_word' id='word_1_142' title='bbox 1439 1215 1580 1289; x_wconf 75' lang='lat' dir='ltr'><strong>origenis</strong></span> <span class='ocrx_word' id='word_1_143' title='bbox 1607 1216 1692 1274; x_wconf 87' lang='lat' dir='ltr'><strong>libris</strong></span> <span class='ocrx_word' id='word_1_144' title='bbox 1718 1233 1772 1290; x_wconf 86' lang='lat' dir='ltr'><strong>egu</strong></span> <span class='ocrx_word' id='word_1_145' title='bbox 1794 1216 1934 1275; x_wconf 78' lang='lat' dir='ltr'><strong>heretica</strong></span> 
     </span>
     <span class='ocr_line' id='line_1_12' title="bbox 218 1303 1932 1381; baseline 0.002 -21"><span class='ocrx_word' id='word_1_146' title='bbox 218 1303 414 1381; x_wconf 80' lang='lat' dir='ltr'><strong>pretebaris];</strong></span> <span class='ocrx_word' id='word_1_147' title='bbox 433 1305 509 1363; x_wconf 63' lang='lat' dir='ltr'><strong>bot</strong></span> <span class='ocrx_word' id='word_1_148' title='bbox 522 1307 675 1379; x_wconf 87' lang='lat' dir='ltr'><strong>responde,</strong></span> <span class='ocrx_word' id='word_1_149' title='bbox 691 1311 791 1365; x_wconf 89' lang='lat' dir='ltr'><strong>utrum</strong></span> <span class='ocrx_word' id='word_1_150' title='bbox 809 1308 897 1376; x_wconf 86' lang='lat' dir='ltr'><strong>bona,</strong></span> <span class='ocrx_word' id='word_1_151' title='bbox 919 1306 1049 1364; x_wconf 84' lang='lat' dir='ltr'><strong>anmals</strong></span> <span class='ocrx_word' id='word_1_152' title='bbox 1101 1304 1208 1362; x_wconf 84' lang='lat' dir='ltr'><strong>douae:</strong></span> <span class='ocrx_word' id='word_1_153' title='bbox 1222 1307 1254 1362; x_wconf 89' lang='lat' dir='ltr'><strong>tu</strong></span> <span class='ocrx_word' id='word_1_154' title='bbox 1279 1305 1411 1375; x_wconf 84' lang='lat' dir='ltr'><strong>ostende,</strong></span> <span class='ocrx_word' id='word_1_155' title='bbox 1428 1305 1458 1362; x_wconf 90' lang='lat' dir='ltr'><strong>in</strong></span> <span class='ocrx_word' id='word_1_156' title='bbox 1475 1321 1533 1379; x_wconf 90' lang='lat' dir='ltr'><strong>quo</strong></span> <span class='ocrx_word' id='word_1_157' title='bbox 1559 1308 1636 1379; x_wconf 45' lang='lat' dir='ltr'><strong>ejus.</strong></span> <span class='ocrx_word' id='word_1_158' title='bbox 1653 1321 1739 1380; x_wconf 89' lang='lat' dir='ltr'><strong>opere</strong></span> <span class='ocrx_word' id='word_1_159' title='bbox 1754 1305 1803 1363; x_wconf 88' lang='lat' dir='ltr'><strong>bis</strong></span> <span class='ocrx_word' id='word_1_160' title='bbox 1816 1310 1932 1364; x_wconf 81' lang='lat' dir='ltr'><strong>matra·</strong></span> 
     </span>
     <span class='ocr_line' id='line_1_13' title="bbox 219 1391 1277 1470; baseline 0.001 -21"><span class='ocrx_word' id='word_1_161' title='bbox 219 1392 303 1449; x_wconf 78' lang='lat' dir='ltr'><strong>&#39;sinti</strong></span> <span class='ocrx_word' id='word_1_162' title='bbox 317 1391 394 1451; x_wconf 83' lang='lat' dir='ltr'><strong>itala</strong></span> <span class='ocrx_word' id='word_1_163' title='bbox 413 1395 573 1452; x_wconf 77' lang='lat' dir='ltr'><strong>transferre</strong></span> <span class='ocrx_word' id='word_1_164' title='bbox 596 1411 654 1454; x_wconf 91' lang='lat' dir='ltr'><strong>non</strong></span> <span class='ocrx_word' id='word_1_165' title='bbox 680 1401 805 1470; x_wconf 88' lang='lat' dir='ltr'><strong>poterae.</strong></span> <span class='ocrx_word' id='word_1_166' title='bbox 840 1395 936 1454; x_wconf 83' lang='lat' dir='ltr'><strong>Semel</strong></span> <span class='ocrx_word' id='word_1_167' title='bbox 956 1395 1045 1467; x_wconf 90' lang='lat' dir='ltr'><strong>enim,</strong></span> <span class='ocrx_word' id='word_1_168' title='bbox 1102 1391 1145 1450; x_wconf 86' lang='lat' dir='ltr'><strong>ric</strong></span> <span class='ocrx_word' id='word_1_169' title='bbox 1158 1391 1277 1466; x_wconf 88' lang='lat' dir='ltr'><strong>legeris.</strong></span> 
     </span>
     <span class='ocr_line' id='line_1_14' title="bbox 219 1481 1933 1558; baseline 0.003 -20"><span class='ocrx_word' id='word_1_170' title='bbox 219 1499 283 1554; x_wconf 81' lang='lat' dir='ltr'><strong>que</strong></span> <span class='ocrx_word' id='word_1_171' title='bbox 299 1483 335 1539; x_wconf 90' lang='lat' dir='ltr'><strong>ab</strong></span> <span class='ocrx_word' id='word_1_172' title='bbox 351 1482 496 1540; x_wconf 83' lang='lat' dir='ltr'><strong>hereticis</strong></span> <span class='ocrx_word' id='word_1_173' title='bbox 520 1484 623 1543; x_wconf 88' lang='lat' dir='ltr'><strong>addita</strong></span> <span class='ocrx_word' id='word_1_174' title='bbox 646 1485 772 1553; x_wconf 84' lang='lat' dir='ltr'><strong>lucrant,</strong></span> <span class='ocrx_word' id='word_1_175' title='bbox 796 1484 969 1558; x_wconf 71' lang='lat' dir='ltr'><strong>amputasti.</strong></span> <span class='ocrx_word' id='word_1_176' title='bbox 985 1485 1046 1544; x_wconf 87' lang='lat' dir='ltr'><strong>Nisi</strong></span> <span class='ocrx_word' id='word_1_177' title='bbox 1137 1482 1182 1540; x_wconf 75' lang='lat' dir='ltr'><strong>lo.</strong></span> <span class='ocrx_word' id='word_1_178' title='bbox 1198 1481 1252 1538; x_wconf 80' lang='lat' dir='ltr'><strong>Sec</strong></span> <span class='ocrx_word' id='word_1_179' title='bbox 1266 1483 1510 1540; x_wconf 76' lang='lat' dir='ltr'><strong>miliiabtrcrum</strong></span> <span class='ocrx_word' id='word_1_180' title='bbox 1533 1485 1670 1555; x_wconf 73' lang='lat' dir='ltr'><strong>origenis.</strong></span> <span class='ocrx_word' id='word_1_181' title='bbox 1688 1515 1724 1528; x_wconf 89' lang='grc'><strong>--</strong></span> <span class='ocrx_word' id='word_1_182' title='bbox 1746 1484 1818 1542; x_wconf 79' lang='lat' dir='ltr'><strong>licto</strong></span> <span class='ocrx_word' id='word_1_183' title='bbox 1838 1483 1933 1553; x_wconf 82' lang='lat' dir='ltr'><strong>dicas,</strong></span> 
     </span>
     <span class='ocr_line' id='line_1_15' title="bbox 218 1569 1933 1646; baseline 0.003 -19"><span class='ocrx_word' id='word_1_184' title='bbox 218 1569 293 1628; x_wconf 85' lang='lat' dir='ltr'><strong>sorte</strong></span> <span class='ocrx_word' id='word_1_185' title='bbox 318 1569 522 1629; x_wconf 79' lang='lat' dir='ltr'><strong>hereticorum</strong></span> <span class='ocrx_word' id='word_1_186' title='bbox 552 1571 630 1630; x_wconf 85' lang='lat' dir='ltr'><strong>mala</strong></span> <span class='ocrx_word' id='word_1_187' title='bbox 657 1578 810 1646; x_wconf 84' lang='lat' dir='ltr'><strong>amputare</strong></span> <span class='ocrx_word' id='word_1_188' title='bbox 839 1573 987 1645; x_wconf 77' lang='lat' dir='ltr'><strong>debueris,</strong></span> <span class='ocrx_word' id='word_1_189' title='bbox 1018 1578 1048 1630; x_wconf 87' lang='lat' dir='ltr'><strong>et</strong></span> <span class='ocrx_word' id='word_1_190' title='bbox 1104 1571 1173 1636; x_wconf 75' lang='lat' dir='ltr'><strong>ona</strong></span> <span class='ocrx_word' id='word_1_191' title='bbox 1185 1571 1221 1628; x_wconf 88' lang='lat' dir='ltr'><strong>de</strong></span> <span class='ocrx_word' id='word_1_192' title='bbox 1235 1571 1347 1628; x_wconf 88' lang='lat' dir='ltr'><strong>eisdem</strong></span> <span class='ocrx_word' id='word_1_193' title='bbox 1362 1572 1452 1629; x_wconf 87' lang='lat' dir='ltr'><strong>rebus</strong></span> <span class='ocrx_word' id='word_1_194' title='bbox 1466 1573 1498 1628; x_wconf 90' lang='lat' dir='ltr'><strong>in</strong></span> <span class='ocrx_word' id='word_1_195' title='bbox 1513 1571 1580 1630; x_wconf 86' lang='lat' dir='ltr'><strong>aliis</strong></span> <span class='ocrx_word' id='word_1_196' title='bbox 1592 1571 1665 1630; x_wconf 88' lang='lat' dir='ltr'><strong>locis</strong></span> <span class='ocrx_word' id='word_1_197' title='bbox 1679 1573 1813 1646; x_wconf 71' lang='lat' dir='ltr'><strong>eiusdem</strong></span> <span class='ocrx_word' id='word_1_198' title='bbox 1827 1575 1933 1632; x_wconf 59' lang='lat' dir='ltr'><strong>unm·</strong></span> 
     </span>
     <span class='ocr_line' id='line_1_16' title="bbox 219 1658 1933 1735; baseline 0.004 -22"><span class='ocrx_word' id='word_1_199' title='bbox 219 1658 353 1732; x_wconf 82' lang='lat' dir='ltr'><strong>origenis</strong></span> <span class='ocrx_word' id='word_1_200' title='bbox 365 1675 479 1716; x_wconf 88' lang='lat' dir='ltr'><strong>errores</strong></span> <span class='ocrx_word' id='word_1_201' title='bbox 494 1661 524 1717; x_wconf 92' lang='lat' dir='ltr'><strong>in</strong></span> <span class='ocrx_word' id='word_1_202' title='bbox 550 1661 687 1718; x_wconf 85' lang='lat' dir='ltr'><strong>Latinum</strong></span> <span class='ocrx_word' id='word_1_203' title='bbox 712 1662 843 1735; x_wconf 89' lang='lat' dir='ltr'><strong>integros</strong></span> <span class='ocrx_word' id='word_1_204' title='bbox 857 1669 977 1720; x_wconf 89' lang='lat' dir='ltr'><strong>vertere.</strong></span> <span class='ocrx_word' id='word_1_205' title='bbox 994 1662 1045 1718; x_wconf 84' lang='lat' dir='ltr'><strong>oie</strong></span> <span class='ocrx_word' id='word_1_206' title='bbox 1103 1661 1145 1717; x_wconf 88' lang='lat' dir='ltr'><strong>ris</strong></span> <span class='ocrx_word' id='word_1_207' title='bbox 1160 1659 1302 1718; x_wconf 88' lang='lat' dir='ltr'><strong>catholice</strong></span> <span class='ocrx_word' id='word_1_208' title='bbox 1317 1660 1397 1718; x_wconf 88' lang='lat' dir='ltr'><strong>dicta</strong></span> <span class='ocrx_word' id='word_1_209' title='bbox 1418 1661 1547 1735; x_wconf 86' lang='lat' dir='ltr'><strong>legeram</strong></span> <span class='ocrx_word' id='word_1_210' title='bbox 1560 1680 1567 1730; x_wconf 90' lang='grc'>;</span> <span class='ocrx_word' id='word_1_211' title='bbox 1580 1679 1618 1719; x_wconf 94' lang='lat' dir='ltr'><strong>ne</strong></span> <span class='ocrx_word' id='word_1_212' title='bbox 1641 1677 1689 1719; x_wconf 89' lang='lat' dir='ltr'><strong>me</strong></span> <span class='ocrx_word' id='word_1_213' title='bbox 1712 1663 1813 1720; x_wconf 70' lang='lat' dir='ltr'><strong>mitta</strong></span> <span class='ocrx_word' id='word_1_214' title='bbox 1827 1663 1933 1720; x_wconf 80' lang='lat' dir='ltr'><strong>adsea</strong></span> 
     </span>
     <span class='ocr_line' id='line_1_17' title="bbox 218 1748 1934 1850; baseline 0.003 -46"><span class='ocrx_word' id='word_1_215' title='bbox 218 1761 298 1821; x_wconf 88' lang='lat' dir='ltr'><strong>ergo,</strong></span> <span class='ocrx_word' id='word_1_216' title='bbox 315 1763 405 1821; x_wconf 83' lang='lat' dir='ltr'><strong>quare</strong></span> <span class='ocrx_word' id='word_1_217' title='bbox 428 1748 563 1822; x_wconf 81' lang='lat' dir='ltr'><strong>origenis</strong></span> <span class='ocrx_word' id='word_1_218' title='bbox 587 1750 666 1810; x_wconf 86' lang='lat' dir='ltr'><strong>mala</strong></span> <span class='ocrx_word' id='word_1_219' title='bbox 688 1751 719 1808; x_wconf 89' lang='lat' dir='ltr'><strong>in</strong></span> <span class='ocrx_word' id='word_1_220' title='bbox 744 1751 881 1811; x_wconf 87' lang='lat' dir='ltr'><strong>Latinum</strong></span> <span class='ocrx_word' id='word_1_221' title='bbox 905 1751 1042 1809; x_wconf 83' lang='lat' dir='ltr'><strong>verteris:</strong></span> <span class='ocrx_word' id='word_1_222' title='bbox 1060 1783 1085 1850; x_wconf 69' lang='grc' dir='ltr'><em>Β</em></span> <span class='ocrx_word' id='word_1_223' title='bbox 1100 1748 1199 1807; x_wconf 88' lang='lat' dir='ltr'><strong>millia</strong></span> <span class='ocrx_word' id='word_1_224' title='bbox 1212 1749 1356 1806; x_wconf 89' lang='lat' dir='ltr'><strong>librorum</strong></span> <span class='ocrx_word' id='word_1_225' title='bbox 1370 1751 1436 1822; x_wconf 90' lang='lat' dir='ltr'><strong>ejus</strong></span> <span class='ocrx_word' id='word_1_226' title='bbox 1449 1751 1471 1821; x_wconf 82' lang='lat'><strong>³,</strong></span> <span class='ocrx_word' id='word_1_227' title='bbox 1481 1767 1556 1824; x_wconf 89' lang='lat' dir='ltr'><strong>quos</strong></span> <span class='ocrx_word' id='word_1_228' title='bbox 1567 1750 1673 1825; x_wconf 64' lang='lat' dir='ltr'><strong>lefflsse</strong></span> <span class='ocrx_word' id='word_1_229' title='bbox 1687 1751 1805 1808; x_wconf 85' lang='lat' dir='ltr'><strong>beatum</strong></span> <span class='ocrx_word' id='word_1_230' title='bbox 1821 1765 1934 1825; x_wconf 78' lang='lat' dir='ltr'><strong>papam</strong></span> 
     </span>
     <span class='ocr_line' id='line_1_18' title="bbox 221 1837 1931 1914; baseline 0.003 -22"><span class='ocrx_word' id='word_1_231' title='bbox 221 1839 415 1893; x_wconf 83' lang='lat' dir='ltr'><strong>etauctorem</strong></span> <span class='ocrx_word' id='word_1_232' title='bbox 444 1837 514 1894; x_wconf 88' lang='lat' dir='ltr'><strong>mali</strong></span> <span class='ocrx_word' id='word_1_233' title='bbox 543 1839 692 1912; x_wconf 87' lang='lat' dir='ltr'><strong>proderes,</strong></span> <span class='ocrx_word' id='word_1_234' title='bbox 707 1856 745 1898; x_wconf 89' lang='lat' dir='ltr'><strong>an</strong></span> <span class='ocrx_word' id='word_1_235' title='bbox 775 1845 808 1896; x_wconf 91' lang='lat' dir='ltr'><strong>ut</strong></span> <span class='ocrx_word' id='word_1_236' title='bbox 833 1840 994 1898; x_wconf 82' lang='lat' dir='ltr'><strong>laudares?</strong></span> <span class='ocrx_word' id='word_1_237' title='bbox 1014 1841 1045 1898; x_wconf 84' lang='lat' dir='ltr'><strong>Si</strong></span> <span class='ocrx_word' id='word_1_238' title='bbox 1103 1837 1300 1911; x_wconf 76' lang='lat' dir='ltr'><strong>Epiphaniam</strong></span> <span class='ocrx_word' id='word_1_239' title='bbox 1324 1839 1512 1908; x_wconf 73' lang='lat' dir='ltr'><strong>criminaris3</strong></span> <span class='ocrx_word' id='word_1_240' title='bbox 1528 1841 1580 1897; x_wconf 88' lang='lat' dir='ltr'><strong>aed</strong></span> <span class='ocrx_word' id='word_1_241' title='bbox 1607 1839 1674 1914; x_wconf 89' lang='lat' dir='ltr'><strong>ipsa</strong></span> <span class='ocrx_word' id='word_1_242' title='bbox 1698 1838 1760 1898; x_wconf 90' lang='lat' dir='ltr'><strong>loca</strong></span> <span class='ocrx_word' id='word_1_243' title='bbox 1785 1841 1931 1898; x_wconf 87' lang='lat' dir='ltr'><strong>aomina:</strong></span> 
     </span>
     <span class='ocr_line' id='line_1_19' title="bbox 218 1924 1932 2000; baseline 0.004 -20"><span class='ocrx_word' id='word_1_244' title='bbox 218 1924 332 1998; x_wconf 91' lang='lat' dir='ltr'><strong>prodis,</strong></span> <span class='ocrx_word' id='word_1_245' title='bbox 350 1925 379 1982; x_wconf 92' lang='lat' dir='ltr'><strong>in</strong></span> <span class='ocrx_word' id='word_1_246' title='bbox 399 1927 569 2000; x_wconf 79' lang='lat' dir='ltr'><strong>prelatione</strong></span> <span class='ocrx_word' id='word_1_247' title='bbox 590 1943 643 1985; x_wconf 91' lang='lat' dir='ltr'><strong>cur</strong></span> <span class='ocrx_word' id='word_1_248' title='bbox 665 1928 793 1986; x_wconf 79' lang='lat' dir='ltr'><strong>laudas?</strong></span> <span class='ocrx_word' id='word_1_249' title='bbox 807 1930 838 1987; x_wconf 88' lang='lat' dir='ltr'><strong>Si</strong></span> <span class='ocrx_word' id='word_1_250' title='bbox 861 1930 975 1998; x_wconf 88' lang='lat' dir='ltr'><strong>landas,</strong></span> <span class='ocrx_word' id='word_1_251' title='bbox 991 1931 1048 1986; x_wconf 82' lang='lat' dir='ltr'><strong>be·</strong></span> <span class='ocrx_word' id='word_1_252' title='bbox 1104 1943 1156 1983; x_wconf 90' lang='lat' dir='ltr'><strong>uec</strong></span> <span class='ocrx_word' id='word_1_253' title='bbox 1172 1927 1227 1984; x_wconf 89' lang='lat' dir='ltr'><strong>boc</strong></span> <span class='ocrx_word' id='word_1_254' title='bbox 1242 1927 1316 1984; x_wconf 89' lang='lat' dir='ltr'><strong>mibi</strong></span> <span class='ocrx_word' id='word_1_255' title='bbox 1332 1927 1535 1998; x_wconf 64' lang='lat' dir='ltr'><strong>adthelstani</strong></span> <span class='ocrx_word' id='word_1_256' title='bbox 1550 1931 1654 1986; x_wconf 74' lang='lat' dir='ltr'><strong>eadm</strong></span> <span class='ocrx_word' id='word_1_257' title='bbox 1669 1929 1932 1986; x_wconf 84' lang='lat' dir='ltr'><strong>diotaadverbum</strong></span> 
     </span>
     <span class='ocr_line' id='line_1_20' title="bbox 225 2014 1930 2092; baseline 0.003 -23"><span class='ocrx_word' id='word_1_258' title='bbox 225 2014 335 2072; x_wconf 87' lang='lat' dir='ltr'><strong>reticos</strong></span> <span class='ocrx_word' id='word_1_259' title='bbox 350 2015 533 2089; x_wconf 83' lang='lat' dir='ltr'><strong>approberis.</strong></span> <span class='ocrx_word' id='word_1_260' title='bbox 551 2017 661 2086; x_wconf 82' lang='lat' dir='ltr'><strong>Restat,</strong></span> <span class='ocrx_word' id='word_1_261' title='bbox 677 2023 710 2076; x_wconf 92' lang='lat' dir='ltr'><strong>ut</strong></span> <span class='ocrx_word' id='word_1_262' title='bbox 733 2019 819 2092; x_wconf 83' lang='lat' dir='ltr'><strong>qussi</strong></span> <span class='ocrx_word' id='word_1_263' title='bbox 835 2019 912 2076; x_wconf 87' lang='lat' dir='ltr'><strong>bona</strong></span> <span class='ocrx_word' id='word_1_264' title='bbox 922 2019 1048 2092; x_wconf 89' lang='lat' dir='ltr'><strong>protule·</strong></span> <span class='ocrx_word' id='word_1_265' title='bbox 1102 2014 1269 2088; x_wconf 88' lang='lat' dir='ltr'><strong>protuleris.</strong></span> <span class='ocrx_word' id='word_1_266' title='bbox 1285 2015 1347 2074; x_wconf 88' lang='lat' dir='ltr'><strong>Non</strong></span> <span class='ocrx_word' id='word_1_267' title='bbox 1371 2020 1417 2074; x_wconf 91' lang='lat' dir='ltr'><strong>est</strong></span> <span class='ocrx_word' id='word_1_268' title='bbox 1436 2017 1534 2074; x_wconf 83' lang='lat' dir='ltr'><strong>saluus</strong></span> <span class='ocrx_word' id='word_1_269' title='bbox 1556 2018 1705 2092; x_wconf 83' lang='lat' dir='ltr'><strong>origenes,</strong></span> <span class='ocrx_word' id='word_1_270' title='bbox 1727 2021 1754 2074; x_wconf 87' lang='lat' dir='ltr'><strong>et</strong></span> <span class='ocrx_word' id='word_1_271' title='bbox 1767 2031 1820 2091; x_wconf 85' lang='lat' dir='ltr'><strong>ego</strong></span> <span class='ocrx_word' id='word_1_272' title='bbox 1835 2016 1930 2074; x_wconf 64' lang='lat' dir='ltr'><strong>nom:</strong></span> 
     </span>
     <span class='ocr_line' id='line_1_21' title="bbox 225 2103 1930 2182; baseline 0.002 -24"><span class='ocrx_word' id='word_1_273' title='bbox 225 2103 277 2163; x_wconf 91' lang='lat' dir='ltr'><strong>ris.</strong></span> <span class='ocrx_word' id='word_1_274' title='bbox 293 2105 324 2162; x_wconf 87' lang='lat' dir='ltr'><strong>Si</strong></span> <span class='ocrx_word' id='word_1_275' title='bbox 339 2105 401 2162; x_wconf 80' lang='lat' dir='ltr'><strong>hec</strong></span> <span class='ocrx_word' id='word_1_276' title='bbox 416 2106 517 2162; x_wconf 88' lang='lat' dir='ltr'><strong>omnia</strong></span> <span class='ocrx_word' id='word_1_277' title='bbox 530 2106 693 2179; x_wconf 89' lang='lat' dir='ltr'><strong>probantur</strong></span> <span class='ocrx_word' id='word_1_278' title='bbox 707 2107 796 2176; x_wconf 84' lang='lat' dir='ltr'><strong>mala,</strong></span> <span class='ocrx_word' id='word_1_279' title='bbox 812 2108 903 2182; x_wconf 90' lang='lat' dir='ltr'><strong>igitur</strong></span> <span class='ocrx_word' id='word_1_280' title='bbox 916 2109 1006 2166; x_wconf 85' lang='lat' dir='ltr'><strong>unius</strong></span> <span class='ocrx_word' id='word_1_281' title='bbox 1020 2115 1049 2168; x_wconf 84' lang='lat' dir='ltr'><strong>et</strong></span> <span class='ocrx_word' id='word_1_282' title='bbox 1102 2103 1248 2162; x_wconf 88' lang='lat' dir='ltr'><strong>contrarie</strong></span> <span class='ocrx_word' id='word_1_283' title='bbox 1263 2104 1407 2178; x_wconf 90' lang='lat' dir='ltr'><strong>sibiloqui</strong></span> <span class='ocrx_word' id='word_1_284' title='bbox 1418 2121 1477 2162; x_wconf 88' lang='lat' dir='ltr'><strong>non</strong></span> <span class='ocrx_word' id='word_1_285' title='bbox 1488 2105 1797 2180; x_wconf 83' lang='lat' dir='ltr'><strong>potestlgiturexbac</strong></span> <span class='ocrx_word' id='word_1_286' title='bbox 1812 2119 1930 2179; x_wconf 84' lang='lat' dir='ltr'><strong>sappu-</strong></span> 
     </span>
     <span class='ocr_line' id='line_1_22' title="bbox 161 2192 1928 2272; baseline 0.002 -23"><span class='ocrx_word' id='word_1_287' title='bbox 161 2231 166 2238; x_wconf 82' lang='grc'><strong>-</strong></span> <span class='ocrx_word' id='word_1_288' title='bbox 224 2196 326 2250; x_wconf 85' lang='lat' dir='ltr'><strong>auctor</strong></span> <span class='ocrx_word' id='word_1_289' title='bbox 341 2197 369 2250; x_wconf 91' lang='lat' dir='ltr'><strong>et</strong></span> <span class='ocrx_word' id='word_1_290' title='bbox 383 2194 528 2268; x_wconf 89' lang='lat' dir='ltr'><strong>interpres</strong></span> <span class='ocrx_word' id='word_1_291' title='bbox 542 2195 584 2252; x_wconf 87' lang='lat' dir='ltr'><strong>rei</strong></span> <span class='ocrx_word' id='word_1_292' title='bbox 600 2195 733 2252; x_wconf 88' lang='lat' dir='ltr'><strong>criminis</strong></span> <span class='ocrx_word' id='word_1_293' title='bbox 756 2202 853 2268; x_wconf 89' lang='lat' dir='ltr'><strong>erunt,</strong></span> <span class='ocrx_word' id='word_1_294' title='bbox 868 2201 897 2255; x_wconf 88' lang='lat' dir='ltr'><strong>et</strong></span> <span class='ocrx_word' id='word_1_295' title='bbox 912 2196 1047 2272; x_wconf 90' lang='lat' dir='ltr'><strong>implehi·</strong></span> <span class='ocrx_word' id='word_1_296' title='bbox 1102 2192 1275 2250; x_wconf 88' lang='lat' dir='ltr'><strong>tationeilla</strong></span> <span class='ocrx_word' id='word_1_297' title='bbox 1299 2209 1418 2252; x_wconf 89' lang='lat' dir='ltr'><strong>summa</strong></span> <span class='ocrx_word' id='word_1_298' title='bbox 1446 2195 1500 2266; x_wconf 75' lang='lat' dir='ltr'><strong>[lt.</strong></span> <span class='ocrx_word' id='word_1_299' title='bbox 1529 2192 1684 2267; x_wconf 78' lang='lat' dir='ltr'><strong>sententia]</strong></span> <span class='ocrx_word' id='word_1_300' title='bbox 1707 2195 1850 2267; x_wconf 82' lang='lat' dir='ltr'><strong>nmcitur,</strong></span> <span class='ocrx_word' id='word_1_301' title='bbox 1866 2208 1928 2252; x_wconf 84' lang='lat' dir='ltr'><strong>noa</strong></span> 
     </span>
     <span class='ocr_line' id='line_1_23' title="bbox 222 2280 1927 2358; baseline 0.009 -22"><span class='ocrx_word' id='word_1_302' title='bbox 222 2284 273 2336; x_wconf 89' lang='lat' dir='ltr'><strong>tur</strong></span> <span class='ocrx_word' id='word_1_303' title='bbox 304 2281 355 2338; x_wconf 89' lang='lat' dir='ltr'><strong>illa</strong></span> <span class='ocrx_word' id='word_1_304' title='bbox 387 2283 549 2340; x_wconf 83' lang='lat' dir='ltr'><strong>sententia:</strong></span> <span class='ocrx_word' id='word_1_305' title='bbox 586 2283 699 2342; x_wconf 80' lang='lat' dir='ltr'><strong>Videbar</strong></span> <span class='ocrx_word' id='word_1_306' title='bbox 731 2288 833 2357; x_wconf 66' lang='lat' dir='ltr'><strong>swern,</strong></span> <span class='ocrx_word' id='word_1_307' title='bbox 863 2297 889 2343; x_wconf 84' lang='lat' dir='ltr'><strong>et</strong></span> <span class='ocrx_word' id='word_1_308' title='bbox 919 2287 1048 2344; x_wconf 76' lang='lat' dir='ltr'><strong>currebas</strong></span> <span class='ocrx_word' id='word_1_309' title='bbox 1101 2280 1303 2340; x_wconf 67' lang='lat' dir='ltr'><strong>hffltelissolum</strong></span> <span class='ocrx_word' id='word_1_310' title='bbox 1326 2297 1477 2356; x_wconf 51' lang='grc' dir='ltr'><strong>ΜΛΝ</strong></span> <span class='ocrx_word' id='word_1_311' title='bbox 1506 2284 1676 2357; x_wconf 59' lang='lat' dir='ltr'><strong>millimihi</strong></span> <span class='ocrx_word' id='word_1_312' title='bbox 1701 2285 1751 2341; x_wconf 65' lang='grc' dir='ltr'><em>Μ</em></span> <span class='ocrx_word' id='word_1_313' title='bbox 1777 2281 1927 2358; x_wconf 64' lang='lat' dir='ltr'><strong>Oilgfflfii</strong></span> 
     </span>
     <span class='ocr_line' id='line_1_24' title="bbox 221 2371 1927 2449; baseline 0.009 -23"><span class='ocrx_word' id='word_1_314' title='bbox 221 2380 464 2428; x_wconf 73' lang='lat' dir='ltr'><strong>comedentium</strong></span> <span class='ocrx_word' id='word_1_315' title='bbox 491 2373 630 2429; x_wconf 64' lang='lat' dir='ltr'><strong>multaris</strong></span> <span class='ocrx_word' id='word_1_316' title='bbox 652 2376 805 2446; x_wconf 84' lang='lat' dir='ltr'><strong>portionem</strong></span> <span class='ocrx_word' id='word_1_317' title='bbox 831 2382 909 2432; x_wconf 79' lang='lat' dir='ltr'><strong>taam</strong></span> <span class='ocrx_word' id='word_1_318' title='bbox 929 2376 1047 2449; x_wconf 82' lang='lat' dir='ltr'><strong>ponebas</strong></span> <span class='ocrx_word' id='word_1_319' title='bbox 1101 2371 1187 2443; x_wconf 75' lang='lat' dir='ltr'><strong>cujus</strong></span> <span class='ocrx_word' id='word_1_320' title='bbox 1210 2371 1275 2429; x_wconf 89' lang='lat' dir='ltr'><strong>idco</strong></span> <span class='ocrx_word' id='word_1_321' title='bbox 1304 2371 1383 2429; x_wconf 87' lang='lat' dir='ltr'><strong>mala</strong></span> <span class='ocrx_word' id='word_1_322' title='bbox 1406 2372 1616 2446; x_wconf 80' lang='lat' dir='ltr'><strong>interpretatus</strong></span> <span class='ocrx_word' id='word_1_323' title='bbox 1644 2387 1687 2440; x_wconf 66' lang='grc' dir='ltr'><strong>οῦ,</strong></span> <span class='ocrx_word' id='word_1_324' title='bbox 1714 2373 1785 2446; x_wconf 74' lang='lat' dir='ltr'><strong>quia</strong></span> <span class='ocrx_word' id='word_1_325' title='bbox 1813 2373 1927 2446; x_wconf 59' lang='grc' dir='ltr'><strong>ΡΜ</strong></span> 
     </span>
     <span class='ocr_line' id='line_1_25' title="bbox 222 2458 1926 2539; baseline 0.001 -23"><span class='ocrx_word' id='word_1_326' title='bbox 222 2458 309 2531; x_wconf 79' lang='lat' dir='ltr'><strong>(Psoi.</strong></span> <span class='ocrx_word' id='word_1_327' title='bbox 326 2477 403 2528; x_wconf 79' lang='lat' dir='ltr'><strong>aura,</strong></span> <span class='ocrx_word' id='word_1_328' title='bbox 436 2461 489 2533; x_wconf 81' lang='lat' dir='ltr'><strong>re).</strong></span> <span class='ocrx_word' id='word_1_329' title='bbox 523 2461 586 2518; x_wconf 82' lang='lat' dir='ltr'><strong>lion</strong></span> <span class='ocrx_word' id='word_1_330' title='bbox 621 2467 666 2520; x_wconf 90' lang='lat' dir='ltr'><strong>est</strong></span> <span class='ocrx_word' id='word_1_331' title='bbox 684 2477 803 2522; x_wconf 88' lang='lat' dir='ltr'><strong>necesse</strong></span> <span class='ocrx_word' id='word_1_332' title='bbox 836 2481 897 2521; x_wconf 86' lang='lat' dir='ltr'><strong>rem</strong></span> <span class='ocrx_word' id='word_1_333' title='bbox 917 2463 1046 2539; x_wconf 89' lang='lat' dir='ltr'><strong>planam,</strong></span> <span class='ocrx_word' id='word_1_334' title='bbox 1100 2460 1305 2529; x_wconf 87' lang='lat' dir='ltr'><strong>buaa;ettibi</strong></span> <span class='ocrx_word' id='word_1_335' title='bbox 1330 2465 1392 2518; x_wconf 89' lang='lat' dir='ltr'><strong>tam</strong></span> <span class='ocrx_word' id='word_1_336' title='bbox 1406 2461 1492 2530; x_wconf 86' lang='lat' dir='ltr'><strong>bona,</strong></span> <span class='ocrx_word' id='word_1_337' title='bbox 1515 2478 1603 2535; x_wconf 90' lang='lat' dir='ltr'><strong>quam</strong></span> <span class='ocrx_word' id='word_1_338' title='bbox 1628 2460 1707 2519; x_wconf 89' lang='lat' dir='ltr'><strong>mala</strong></span> <span class='ocrx_word' id='word_1_339' title='bbox 1729 2461 1810 2518; x_wconf 89' lang='lat' dir='ltr'><strong>illins</strong></span> <span class='ocrx_word' id='word_1_340' title='bbox 1826 2462 1926 2535; x_wconf 91' lang='lat' dir='ltr'><strong>impu·</strong></span> 
     </span>
     <span class='ocr_line' id='line_1_26' title="bbox 222 2549 1864 2626; baseline 0.002 -22"><span class='ocrx_word' id='word_1_341' title='bbox 222 2549 478 2621; x_wconf 86' lang='lat' dir='ltr'><strong>argumentatione</strong></span> <span class='ocrx_word' id='word_1_342' title='bbox 506 2549 627 2608; x_wconf 88' lang='lat' dir='ltr'><strong>dubiam</strong></span> <span class='ocrx_word' id='word_1_343' title='bbox 656 2551 759 2610; x_wconf 87' lang='lat' dir='ltr'><strong>lacere.</strong></span> <span class='ocrx_word' id='word_1_344' title='bbox 787 2552 868 2616; x_wconf 87' lang='lat' dir='ltr'><strong>Ouod</strong></span> <span class='ocrx_word' id='word_1_345' title='bbox 902 2553 1045 2626; x_wconf 90' lang='lat' dir='ltr'><strong>sequitur,</strong></span> <span class='ocrx_word' id='word_1_346' title='bbox 1100 2549 1199 2616; x_wconf 87' lang='lat' dir='ltr'><strong>tanda,</strong></span> <span class='ocrx_word' id='word_1_347' title='bbox 1215 2549 1420 2623; x_wconf 78' lang='lat' dir='ltr'><strong>cujusscripta</strong></span> <span class='ocrx_word' id='word_1_348' title='bbox 1435 2551 1465 2607; x_wconf 90' lang='lat' dir='ltr'><strong>in</strong></span> <span class='ocrx_word' id='word_1_349' title='bbox 1481 2549 1602 2624; x_wconf 76' lang='lat' dir='ltr'><strong>Prelcgo</strong></span> <span class='ocrx_word' id='word_1_350' title='bbox 1617 2551 1825 2624; x_wconf 82' lang='lat' dir='ltr'><strong>comprobasti.</strong></span> <span class='ocrx_word' id='word_1_351' title='bbox 1853 2591 1864 2608; x_wconf 89' lang='lat'><strong>.</strong></span> 
     </span>
     <span class='ocr_line' id='line_1_27' title="bbox 223 2637 1928 2713; baseline 0.003 -22"><span class='ocrx_word' id='word_1_352' title='bbox 223 2637 490 2709; x_wconf 87' lang='lat' dir='ltr'><strong>respondeat,unde</strong></span> <span class='ocrx_word' id='word_1_353' title='bbox 505 2637 548 2696; x_wconf 90' lang='lat' dir='ltr'><strong>illi</strong></span> <span class='ocrx_word' id='word_1_354' title='bbox 564 2639 677 2696; x_wconf 86' lang='lat' dir='ltr'><strong>siturta</strong></span> <span class='ocrx_word' id='word_1_355' title='bbox 692 2639 941 2713; x_wconf 62' lang='lat' dir='ltr'><strong>suspiciebant</strong></span> <span class='ocrx_word' id='word_1_356' title='bbox 959 2640 1047 2698; x_wconf 76' lang='lat' dir='ltr'><strong>bera</strong></span> <span class='ocrx_word' id='word_1_357' title='bbox 1135 2639 1179 2694; x_wconf 84' lang='lat' dir='ltr'><strong>ll.</strong></span> <span class='ocrx_word' id='word_1_358' title='bbox 1209 2639 1332 2694; x_wconf 76' lang='lat' dir='ltr'><strong>Hilarius</strong></span> <span class='ocrx_word' id='word_1_359' title='bbox 1358 2647 1384 2695; x_wconf 85' lang='lat' dir='ltr'><strong>et</strong></span> <span class='ocrx_word' id='word_1_360' title='bbox 1409 2639 1569 2696; x_wconf 78' lang='lat' dir='ltr'><strong>Ambrosius</strong></span> <span class='ocrx_word' id='word_1_361' title='bbox 1596 2637 1723 2712; x_wconf 75' lang='lat' dir='ltr'><strong>oripmie</strong></span> <span class='ocrx_word' id='word_1_362' title='bbox 1755 2641 1928 2712; x_wconf 55' lang='lat' dir='ltr'><strong>intepretes.</strong></span> 
     </span>
     <span class='ocr_line' id='line_1_28' title="bbox 222 2724 1930 2801; baseline 0.003 -22"><span class='ocrx_word' id='word_1_363' title='bbox 222 2724 816 2800; x_wconf 72' lang='lat' dir='ltr'><strong>ticisaddital«Quia,inquit,deeisdem</strong></span> <span class='ocrx_word' id='word_1_364' title='bbox 834 2730 922 2787; x_wconf 89' lang='lat' dir='ltr'><strong>rebus</strong></span> <span class='ocrx_word' id='word_1_365' title='bbox 936 2731 966 2786; x_wconf 90' lang='lat' dir='ltr'><strong>in</strong></span> <span class='ocrx_word' id='word_1_366' title='bbox 980 2730 1046 2788; x_wconf 88' lang='lat' dir='ltr'><strong>aliis</strong></span> <span class='ocrx_word' id='word_1_367' title='bbox 1099 2727 1241 2783; x_wconf 82' lang='lat' dir='ltr'><strong>Ancstceii</strong></span> <span class='ocrx_word' id='word_1_368' title='bbox 1254 2728 1370 2799; x_wconf 84' lang='lat' dir='ltr'><strong>epistola</strong></span> <span class='ocrx_word' id='word_1_369' title='bbox 1386 2727 1422 2784; x_wconf 85' lang='lat' dir='ltr'><strong>ad</strong></span> <span class='ocrx_word' id='word_1_370' title='bbox 1434 2729 1568 2786; x_wconf 78' lang='lat' dir='ltr'><strong>Ioannem</strong></span> <span class='ocrx_word' id='word_1_371' title='bbox 1581 2729 1876 2801; x_wconf 77' lang='lat' dir='ltr'><strong>Hierosolymitonam.</strong></span> <span class='ocrx_word' id='word_1_372' title='bbox 1892 2759 1930 2772; x_wconf 91' lang='lat'>—</span> 
     </span>
     <span class='ocr_line' id='line_1_29' title="bbox 221 2811 1926 2892; baseline 0.003 -23"><span class='ocrx_word' id='word_1_373' title='bbox 221 2811 293 2870; x_wconf 91' lang='lat' dir='ltr'><strong>locis</strong></span> <span class='ocrx_word' id='word_1_374' title='bbox 303 2813 437 2884; x_wconf 86' lang='lat' dir='ltr'><strong>ejusdem</strong></span> <span class='ocrx_word' id='word_1_375' title='bbox 452 2815 581 2872; x_wconf 88' lang='lat' dir='ltr'><strong>auctoris</strong></span> <span class='ocrx_word' id='word_1_376' title='bbox 600 2815 741 2874; x_wconf 87' lang='lat' dir='ltr'><strong>catholice</strong></span> <span class='ocrx_word' id='word_1_377' title='bbox 752 2817 864 2874; x_wconf 88' lang='lat' dir='ltr'><strong>dictum</strong></span> <span class='ocrx_word' id='word_1_378' title='bbox 875 2817 1013 2892; x_wconf 88' lang='lat' dir='ltr'><strong>legeram.</strong></span> <span class='ocrx_word' id='word_1_379' title='bbox 1031 2839 1045 2870; x_wconf 79' lang='lat' dir='ltr'><strong>u</strong></span> <span class='ocrx_word' id='word_1_380' title='bbox 1097 2815 1240 2888; x_wconf 78' lang='lat' dir='ltr'><strong>Sequitur</strong></span> <span class='ocrx_word' id='word_1_381' title='bbox 1255 2815 1285 2871; x_wconf 91' lang='lat' dir='ltr'><strong>in</strong></span> <span class='ocrx_word' id='word_1_382' title='bbox 1301 2817 1402 2873; x_wconf 84' lang='lat' dir='ltr'><strong>eadem</strong></span> <span class='ocrx_word' id='word_1_383' title='bbox 1414 2818 1556 2892; x_wconf 84' lang='lat' dir='ltr'><strong>Apologia</strong></span> <span class='ocrx_word' id='word_1_384' title='bbox 1567 2835 1596 2874; x_wconf 81' lang='lat' dir='ltr'><strong>:u</strong></span> <span class='ocrx_word' id='word_1_385' title='bbox 1608 2817 1744 2891; x_wconf 86' lang='lat' dir='ltr'><strong>origenis</strong></span> <span class='ocrx_word' id='word_1_386' title='bbox 1758 2825 1813 2890; x_wconf 85' lang='lat' dir='ltr'><strong>ego</strong></span> <span class='ocrx_word' id='word_1_387' title='bbox 1827 2833 1926 2890; x_wconf 80' lang='lat' dir='ltr'><strong>nequa</strong></span> 
     </span>
     <span class='ocr_line' id='line_1_30' title="bbox 259 2902 1927 2983; baseline 0.004 -25"><span class='ocrx_word' id='word_1_388' title='bbox 259 2903 302 2960; x_wconf 85' lang='lat'><strong>12.</strong></span> <span class='ocrx_word' id='word_1_389' title='bbox 317 2902 444 2974; x_wconf 74' lang='lat' dir='ltr'><strong>origenis</strong></span> <span class='ocrx_word' id='word_1_390' title='bbox 467 2904 606 2963; x_wconf 71' lang='lat' dir='ltr'><strong>heretica.</strong></span> <span class='ocrx_word' id='word_1_391' title='bbox 623 2937 657 2947; x_wconf 96' lang='lat'><strong>—</strong></span> <span class='ocrx_word' id='word_1_392' title='bbox 682 2905 852 2975; x_wconf 87' lang='lat' dir='ltr'><strong>Videamus,</strong></span> <span class='ocrx_word' id='word_1_393' title='bbox 877 2909 954 2980; x_wconf 88' lang='lat' dir='ltr'><strong>quod</strong></span> <span class='ocrx_word' id='word_1_394' title='bbox 983 2908 1045 2983; x_wconf 70' lang='lat' dir='ltr'><strong>pri.</strong></span> <span class='ocrx_word' id='word_1_395' title='bbox 1097 2903 1235 2961; x_wconf 74' lang='lat' dir='ltr'><strong>,defensor</strong></span> <span class='ocrx_word' id='word_1_396' title='bbox 1249 2919 1328 2974; x_wconf 90' lang='lat' dir='ltr'><strong>sum,</strong></span> <span class='ocrx_word' id='word_1_397' title='bbox 1344 2921 1397 2962; x_wconf 88' lang='lat' dir='ltr'><strong>nec</strong></span> <span class='ocrx_word' id='word_1_398' title='bbox 1413 2910 1554 2975; x_wconf 87' lang='lat' dir='ltr'><strong>assertor,</strong></span> <span class='ocrx_word' id='word_1_399' title='bbox 1568 2921 1622 2964; x_wconf 88' lang='lat' dir='ltr'><strong>asc</strong></span> <span class='ocrx_word' id='word_1_400' title='bbox 1638 2907 1753 2981; x_wconf 87' lang='lat' dir='ltr'><strong>primus</strong></span> <span class='ocrx_word' id='word_1_401' title='bbox 1767 2906 1927 2980; x_wconf 84' lang='lat' dir='ltr'><strong>interpres.</strong></span> 
     </span>
     <span class='ocr_line' id='line_1_31' title="bbox 221 2991 1931 3068; baseline 0.001 -17"><span class='ocrx_word' id='word_1_402' title='bbox 221 3007 304 3051; x_wconf 87' lang='lat' dir='ltr'><strong>mum</strong></span> <span class='ocrx_word' id='word_1_403' title='bbox 320 2996 376 3064; x_wconf 90' lang='lat' dir='ltr'><strong>est,</strong></span> <span class='ocrx_word' id='word_1_404' title='bbox 391 2997 424 3050; x_wconf 94' lang='lat' dir='ltr'><strong>ut</strong></span> <span class='ocrx_word' id='word_1_405' title='bbox 438 2991 541 3051; x_wconf 91' lang='lat' dir='ltr'><strong>ordine</strong></span> <span class='ocrx_word' id='word_1_406' title='bbox 562 2994 674 3051; x_wconf 86' lang='lat' dir='ltr'><strong>venerit</strong></span> <span class='ocrx_word' id='word_1_407' title='bbox 699 2995 735 3052; x_wconf 91' lang='lat' dir='ltr'><strong>ad</strong></span> <span class='ocrx_word' id='word_1_408' title='bbox 760 2995 936 3052; x_wconf 91' lang='lat' dir='ltr'><strong>secundum.</strong></span> <span class='ocrx_word' id='word_1_409' title='bbox 951 2996 1044 3054; x_wconf 88' lang='lat' dir='ltr'><strong>Probo</strong></span> <span class='ocrx_word' id='word_1_410' title='bbox 1097 2991 1154 3048; x_wconf 84' lang='lat' dir='ltr'><strong>Alii</strong></span> <span class='ocrx_word' id='word_1_411' title='bbox 1169 2997 1237 3049; x_wconf 88' lang='lat' dir='ltr'><strong>ante</strong></span> <span class='ocrx_word' id='word_1_412' title='bbox 1261 3009 1308 3050; x_wconf 92' lang='lat' dir='ltr'><strong>me</strong></span> <span class='ocrx_word' id='word_1_413' title='bbox 1334 2993 1390 3050; x_wconf 93' lang='lat' dir='ltr'><strong>boc</strong></span> <span class='ocrx_word' id='word_1_414' title='bbox 1418 2993 1498 3052; x_wconf 90' lang='lat' dir='ltr'><strong>idem</strong></span> <span class='ocrx_word' id='word_1_415' title='bbox 1521 3011 1596 3068; x_wconf 90' lang='lat' dir='ltr'><strong>opus</strong></span> <span class='ocrx_word' id='word_1_416' title='bbox 1625 2997 1756 3052; x_wconf 85' lang='lat' dir='ltr'><strong>iecerunt</strong></span> <span class='ocrx_word' id='word_1_417' title='bbox 1778 2996 1832 3068; x_wconf 79' lang='lat' dir='ltr'><strong>[At.</strong></span> <span class='ocrx_word' id='word_1_418' title='bbox 1846 2997 1931 3053; x_wconf 84' lang='lat' dir='ltr'><strong>tece-</strong></span> 
     </span>
     <span class='ocr_line' id='line_1_32' title="bbox 220 3080 1928 3160; baseline 0.003 -23"><span class='ocrx_word' id='word_1_419' title='bbox 220 3080 361 3154; x_wconf 88' lang='lat' dir='ltr'><strong>egointer</strong></span> <span class='ocrx_word' id='word_1_420' title='bbox 383 3083 476 3140; x_wconf 88' lang='lat' dir='ltr'><strong>multa</strong></span> <span class='ocrx_word' id='word_1_421' title='bbox 501 3083 636 3156; x_wconf 80' lang='lat' dir='ltr'><strong>origenis</strong></span> <span class='ocrx_word' id='word_1_422' title='bbox 659 3083 747 3153; x_wconf 85' lang='lat' dir='ltr'><strong>mala,</strong></span> <span class='ocrx_word' id='word_1_423' title='bbox 764 3083 825 3141; x_wconf 78' lang='lat' dir='ltr'><strong>hec</strong></span> <span class='ocrx_word' id='word_1_424' title='bbox 844 3083 970 3142; x_wconf 85' lang='lat' dir='ltr'><strong>maxime</strong></span> <span class='ocrx_word' id='word_1_425' title='bbox 984 3085 1043 3142; x_wconf 81' lang='lat' dir='ltr'><strong>ba·</strong></span> <span class='ocrx_word' id='word_1_426' title='bbox 1100 3081 1194 3153; x_wconf 88' lang='lat' dir='ltr'><strong>rant]:</strong></span> <span class='ocrx_word' id='word_1_427' title='bbox 1211 3081 1266 3139; x_wconf 89' lang='lat' dir='ltr'><strong>ieci</strong></span> <span class='ocrx_word' id='word_1_428' title='bbox 1281 3085 1310 3139; x_wconf 92' lang='lat' dir='ltr'><strong>et</strong></span> <span class='ocrx_word' id='word_1_429' title='bbox 1324 3099 1376 3156; x_wconf 89' lang='lat' dir='ltr'><strong>ego</strong></span> <span class='ocrx_word' id='word_1_430' title='bbox 1400 3086 1567 3156; x_wconf 87' lang='lat' dir='ltr'><strong>postremus</strong></span> <span class='ocrx_word' id='word_1_431' title='bbox 1588 3089 1709 3160; x_wconf 85' lang='lat' dir='ltr'><strong>rogatus</strong></span> <span class='ocrx_word' id='word_1_432' title='bbox 1732 3101 1750 3140; x_wconf 88' lang='lat' dir='ltr'><strong>a</strong></span> <span class='ocrx_word' id='word_1_433' title='bbox 1772 3084 1928 3142; x_wconf 80' lang='lat' dir='ltr'><strong>irataibas.</strong></span> 
     </span>
     <span class='ocr_line' id='line_1_33' title="bbox 221 3146 1926 3248; baseline 0.004 -24"><span class='ocrx_word' id='word_1_434' title='bbox 221 3169 312 3226; x_wconf 87' lang='lat' dir='ltr'><strong>retica</strong></span> <span class='ocrx_word' id='word_1_435' title='bbox 325 3170 354 3226; x_wconf 83' lang='lat'><strong>¹:</strong></span> <span class='ocrx_word' id='word_1_436' title='bbox 371 3169 423 3228; x_wconf 90' lang='lat' dir='ltr'><strong>Dei</strong></span> <span class='ocrx_word' id='word_1_437' title='bbox 439 3169 545 3228; x_wconf 80' lang='lat' dir='ltr'><strong>Filium</strong></span> <span class='ocrx_word' id='word_1_438' title='bbox 555 3175 719 3228; x_wconf 87' lang='lat' dir='ltr'><strong>creaturam</strong></span> <span class='ocrx_word' id='word_1_439' title='bbox 732 3173 890 3245; x_wconf 84' lang='lat' dir='ltr'><strong>;Spiritum</strong></span> <span class='ocrx_word' id='word_1_440' title='bbox 906 3180 1042 3232; x_wconf 86' lang='lat' dir='ltr'><strong>sanctum</strong></span> <span class='ocrx_word' id='word_1_441' title='bbox 1058 3146 1080 3214; x_wconf 72' lang='lat' dir='ltr'>c</span> <span class='ocrx_word' id='word_1_442' title='bbox 1099 3170 1129 3227; x_wconf 86' lang='lat' dir='ltr'><strong>Si</strong></span> <span class='ocrx_word' id='word_1_443' title='bbox 1140 3171 1273 3242; x_wconf 79' lang='lat' dir='ltr'><strong>jubetur,</strong></span> <span class='ocrx_word' id='word_1_444' title='bbox 1289 3187 1326 3230; x_wconf 86' lang='lat' dir='ltr'><strong>ne</strong></span> <span class='ocrx_word' id='word_1_445' title='bbox 1341 3172 1404 3239; x_wconf 86' lang='lat' dir='ltr'><strong>fiat,</strong></span> <span class='ocrx_word' id='word_1_446' title='bbox 1422 3174 1519 3245; x_wconf 72' lang='lat' dir='ltr'><strong>iussio</strong></span> <span class='ocrx_word' id='word_1_447' title='bbox 1540 3174 1690 3232; x_wconf 80' lang='lat' dir='ltr'><strong>obseruari</strong></span> <span class='ocrx_word' id='word_1_448' title='bbox 1713 3173 1789 3232; x_wconf 86' lang='lat' dir='ltr'><strong>solet</strong></span> <span class='ocrx_word' id='word_1_449' title='bbox 1801 3176 1814 3210; x_wconf 74' lang='lat'>⁴</span> <span class='ocrx_word' id='word_1_450' title='bbox 1826 3174 1858 3230; x_wconf 90' lang='lat' dir='ltr'><strong>ia</strong></span> <span class='ocrx_word' id='word_1_451' title='bbox 1874 3189 1926 3248; x_wconf 90' lang='lat' dir='ltr'><strong>po-</strong></span> 
     </span>
     <span class='ocr_line' id='line_1_34' title="bbox 220 3255 1926 3335; baseline 0.005 -24"><span class='ocrx_word' id='word_1_452' title='bbox 220 3255 408 3326; x_wconf 79' lang='lat' dir='ltr'><strong>ministrum3</strong></span> <span class='ocrx_word' id='word_1_453' title='bbox 427 3259 554 3316; x_wconf 87' lang='lat' dir='ltr'><strong>mundos</strong></span> <span class='ocrx_word' id='word_1_454' title='bbox 583 3259 824 3326; x_wconf 88' lang='lat' dir='ltr'><strong>innumerabiles,</strong></span> <span class='ocrx_word' id='word_1_455' title='bbox 847 3262 962 3319; x_wconf 80' lang='lat' dir='ltr'><strong>eternis</strong></span> <span class='ocrx_word' id='word_1_456' title='bbox 987 3263 1044 3320; x_wconf 90' lang='lat' dir='ltr'><strong>sibl</strong></span> <span class='ocrx_word' id='word_1_457' title='bbox 1097 3259 1250 3316; x_wconf 65' lang='lat' dir='ltr'><strong>sternmffi</strong></span> <span class='ocrx_word' id='word_1_458' title='bbox 1265 3259 1432 3332; x_wconf 91' lang='lat' dir='ltr'><strong>culpantur,</strong></span> <span class='ocrx_word' id='word_1_459' title='bbox 1448 3261 1499 3335; x_wconf 87' lang='lat' dir='ltr'><strong>qui</strong></span> <span class='ocrx_word' id='word_1_460' title='bbox 1510 3266 1577 3318; x_wconf 90' lang='lat' dir='ltr'><strong>ante</strong></span> <span class='ocrx_word' id='word_1_461' title='bbox 1587 3261 1753 3335; x_wconf 86' lang='lat' dir='ltr'><strong>jussionem</strong></span> <span class='ocrx_word' id='word_1_462' title='bbox 1779 3261 1926 3334; x_wconf 75' lang='lat' dir='ltr'><strong>iecerunt,</strong></span> 
     </span>
     <span class='ocr_line' id='line_1_35' title="bbox 219 3343 1926 3425; baseline 0.005 -25"><span class='ocrx_word' id='word_1_463' title='bbox 219 3343 335 3400; x_wconf 80' lang='lat' dir='ltr'><strong>seculis</strong></span> <span class='ocrx_word' id='word_1_464' title='bbox 368 3345 577 3416; x_wconf 87' lang='lat' dir='ltr'><strong>succedentes;</strong></span> <span class='ocrx_word' id='word_1_465' title='bbox 593 3347 713 3420; x_wconf 86' lang='lat' dir='ltr'><strong>angelos</strong></span> <span class='ocrx_word' id='word_1_466' title='bbox 735 3365 835 3406; x_wconf 90' lang='lat' dir='ltr'><strong>versos</strong></span> <span class='ocrx_word' id='word_1_467' title='bbox 863 3351 893 3406; x_wconf 92' lang='lat' dir='ltr'><strong>in</strong></span> <span class='ocrx_word' id='word_1_468' title='bbox 927 3352 1043 3410; x_wconf 85' lang='lat' dir='ltr'><strong>animas</strong></span> <span class='ocrx_word' id='word_1_469' title='bbox 1097 3347 1476 3423; x_wconf 89' lang='lat' dir='ltr'><strong>culpaaprimisineipint.</strong></span> <span class='ocrx_word' id='word_1_470' title='bbox 1493 3374 1507 3401; x_wconf 80' lang='lat' dir='ltr'><strong>n</strong></span> <span class='ocrx_word' id='word_1_471' title='bbox 1532 3349 1664 3408; x_wconf 83' lang='lat' dir='ltr'><strong>Tandem</strong></span> <span class='ocrx_word' id='word_1_472' title='bbox 1688 3351 1826 3421; x_wconf 78' lang='lat' dir='ltr'><strong>evomuit,</strong></span> <span class='ocrx_word' id='word_1_473' title='bbox 1843 3353 1926 3425; x_wconf 81' lang='lat' dir='ltr'><strong>quod</strong></span> 
     </span>
     <span class='ocr_line' id='line_1_36' title="bbox 220 3431 1927 3514; baseline 0.006 -26"><span class='ocrx_word' id='word_1_474' title='bbox 220 3431 391 3504; x_wconf 90' lang='lat' dir='ltr'><strong>bominum;</strong></span> <span class='ocrx_word' id='word_1_475' title='bbox 416 3433 547 3492; x_wconf 88' lang='lat' dir='ltr'><strong>animam</strong></span> <span class='ocrx_word' id='word_1_476' title='bbox 571 3435 730 3494; x_wconf 87' lang='lat' dir='ltr'><strong>Salvatoris</strong></span> <span class='ocrx_word' id='word_1_477' title='bbox 760 3437 852 3495; x_wconf 85' lang='lat' dir='ltr'><strong>tuisse</strong></span> <span class='ocrx_word' id='word_1_478' title='bbox 882 3445 1041 3514; x_wconf 83' lang='lat' dir='ltr'><strong>antequam</strong></span> <span class='ocrx_word' id='word_1_479' title='bbox 1096 3435 1252 3506; x_wconf 75' lang='lat' dir='ltr'><strong>volebatet</strong></span> <span class='ocrx_word' id='word_1_480' title='bbox 1265 3438 1363 3494; x_wconf 87' lang='lat' dir='ltr'><strong>omnis</strong></span> <span class='ocrx_word' id='word_1_481' title='bbox 1377 3439 1468 3496; x_wconf 86' lang='lat' dir='ltr'><strong>animi</strong></span> <span class='ocrx_word' id='word_1_482' title='bbox 1484 3446 1582 3498; x_wconf 89' lang='lat' dir='ltr'><strong>tumor</strong></span> <span class='ocrx_word' id='word_1_483' title='bbox 1596 3441 1626 3497; x_wconf 89' lang='lat' dir='ltr'><strong>in</strong></span> <span class='ocrx_word' id='word_1_484' title='bbox 1637 3446 1742 3498; x_wconf 81' lang='lat' dir='ltr'><strong>nostre</strong></span> <span class='ocrx_word' id='word_1_485' title='bbox 1758 3443 1927 3498; x_wconf 85' lang='lat' dir='ltr'><strong>accusatio·</strong></span> 
     </span>
     <span class='ocr_line' id='line_1_37' title="bbox 218 3523 1929 3606; baseline 0.003 -28"><span class='ocrx_word' id='word_1_486' title='bbox 218 3527 388 3581; x_wconf 86' lang='lat' dir='ltr'><strong>nasceretur</strong></span> <span class='ocrx_word' id='word_1_487' title='bbox 401 3541 435 3580; x_wconf 84' lang='lat' dir='ltr'><strong>ex</strong></span> <span class='ocrx_word' id='word_1_488' title='bbox 459 3523 568 3582; x_wconf 87' lang='lat' dir='ltr'><strong>Maria:</strong></span> <span class='ocrx_word' id='word_1_489' title='bbox 584 3529 613 3582; x_wconf 86' lang='lat' dir='ltr'><strong>et</strong></span> <span class='ocrx_word' id='word_1_490' title='bbox 635 3525 711 3582; x_wconf 89' lang='lat' dir='ltr'><strong>banc</strong></span> <span class='ocrx_word' id='word_1_491' title='bbox 734 3543 809 3596; x_wconf 87' lang='lat' dir='ltr'><strong>esse,</strong></span> <span class='ocrx_word' id='word_1_492' title='bbox 836 3543 900 3600; x_wconf 81' lang='lat' dir='ltr'><strong>quan</strong></span> <span class='ocrx_word' id='word_1_493' title='bbox 920 3542 988 3586; x_wconf 88' lang='lat' dir='ltr'><strong>cum</strong></span> <span class='ocrx_word' id='word_1_494' title='bbox 1012 3531 1042 3588; x_wconf 81' lang='lat' dir='ltr'><strong>in</strong></span> <span class='ocrx_word' id='word_1_495' title='bbox 1097 3525 1144 3581; x_wconf 86' lang='lat' dir='ltr'><strong>nis</strong></span> <span class='ocrx_word' id='word_1_496' title='bbox 1158 3525 1255 3599; x_wconf 87' lang='lat' dir='ltr'><strong>erupit</strong></span> <span class='ocrx_word' id='word_1_497' title='bbox 1270 3527 1420 3584; x_wconf 87' lang='lat' dir='ltr'><strong>invidiam.</strong></span> <span class='ocrx_word' id='word_1_498' title='bbox 1446 3527 1501 3586; x_wconf 91' lang='lat' dir='ltr'><strong>Ubi</strong></span> <span class='ocrx_word' id='word_1_499' title='bbox 1526 3530 1735 3602; x_wconf 84' lang='lat' dir='ltr'><strong>interpretatur</strong></span> <span class='ocrx_word' id='word_1_500' title='bbox 1754 3529 1846 3587; x_wconf 82' lang='lat' dir='ltr'><strong>libros</strong></span> <span class='ocrx_word' id='word_1_501' title='bbox 1860 3530 1929 3606; x_wconf 73' lang='lat' dir='ltr'><strong>rapi</strong></span> 
     </span>
     <span class='ocr_line' id='line_1_38' title="bbox 218 3611 1928 3692; baseline 0.006 -24"><span class='ocrx_word' id='word_1_502' title='bbox 218 3611 313 3668; x_wconf 80' lang='lat' dir='ltr'><strong>torma</strong></span> <span class='ocrx_word' id='word_1_503' title='bbox 327 3611 378 3670; x_wconf 91' lang='lat' dir='ltr'><strong>Dei</strong></span> <span class='ocrx_word' id='word_1_504' title='bbox 392 3618 479 3682; x_wconf 85' lang='lat' dir='ltr'><strong>esset,</strong></span> <span class='ocrx_word' id='word_1_505' title='bbox 497 3631 555 3670; x_wconf 92' lang='lat' dir='ltr'><strong>non</strong></span> <span class='ocrx_word' id='word_1_506' title='bbox 572 3619 614 3671; x_wconf 87' lang='lat' dir='ltr'><strong>est</strong></span> <span class='ocrx_word' id='word_1_507' title='bbox 630 3614 764 3688; x_wconf 91' lang='lat' dir='ltr'><strong>rapinam</strong></span> <span class='ocrx_word' id='word_1_508' title='bbox 788 3615 930 3674; x_wconf 85' lang='lat' dir='ltr'><strong>arbitrata</strong></span> <span class='ocrx_word' id='word_1_509' title='bbox 948 3634 1043 3692; x_wconf 81' lang='lat' dir='ltr'><strong>aqua·</strong></span> <span class='ocrx_word' id='word_1_510' title='bbox 1096 3619 1216 3690; x_wconf 68' lang='grc' dir='ltr'>Ἄρχων,</span> <span class='ocrx_word' id='word_1_511' title='bbox 1232 3631 1280 3672; x_wconf 87' lang='lat' dir='ltr'><strong>me</strong></span> <span class='ocrx_word' id='word_1_512' title='bbox 1302 3617 1385 3689; x_wconf 83' lang='lat' dir='ltr'><strong>sequi</strong></span> <span class='ocrx_word' id='word_1_513' title='bbox 1410 3632 1442 3674; x_wconf 88' lang='lat' dir='ltr'><strong>se</strong></span> <span class='ocrx_word' id='word_1_514' title='bbox 1455 3619 1540 3676; x_wconf 89' lang='lat' dir='ltr'><strong>dicit:</strong></span> <span class='ocrx_word' id='word_1_515' title='bbox 1557 3617 1607 3675; x_wconf 90' lang='lat' dir='ltr'><strong>ubi</strong></span> <span class='ocrx_word' id='word_1_516' title='bbox 1622 3624 1780 3678; x_wconf 73' lang='lat' dir='ltr'><strong>eacumina</strong></span> <span class='ocrx_word' id='word_1_517' title='bbox 1802 3632 1856 3676; x_wconf 87' lang='lat' dir='ltr'><strong>cur</strong></span> <span class='ocrx_word' id='word_1_518' title='bbox 1869 3620 1928 3677; x_wconf 84' lang='lat' dir='ltr'><strong>boc</strong></span> 
     </span>
     <span class='ocr_line' id='line_1_39' title="bbox 218 3700 1929 3782; baseline 0.006 -25"><span class='ocrx_word' id='word_1_519' title='bbox 218 3700 276 3758; x_wconf 90' lang='lat' dir='ltr'><strong>lem</strong></span> <span class='ocrx_word' id='word_1_520' title='bbox 292 3717 323 3758; x_wconf 87' lang='lat' dir='ltr'><strong>se</strong></span> <span class='ocrx_word' id='word_1_521' title='bbox 338 3717 403 3760; x_wconf 88' lang='lat' dir='ltr'><strong>case</strong></span> <span class='ocrx_word' id='word_1_522' title='bbox 417 3702 494 3759; x_wconf 91' lang='lat' dir='ltr'><strong>Deo:</strong></span> <span class='ocrx_word' id='word_1_523' title='bbox 513 3703 564 3760; x_wconf 90' lang='lat' dir='ltr'><strong>sed</strong></span> <span class='ocrx_word' id='word_1_524' title='bbox 589 3719 621 3760; x_wconf 93' lang='lat' dir='ltr'><strong>se</strong></span> <span class='ocrx_word' id='word_1_525' title='bbox 641 3702 811 3774; x_wconf 83' lang='lat' dir='ltr'><strong>exinanivit,</strong></span> <span class='ocrx_word' id='word_1_526' title='bbox 828 3706 952 3764; x_wconf 84' lang='lat' dir='ltr'><strong>termam</strong></span> <span class='ocrx_word' id='word_1_527' title='bbox 967 3709 1042 3765; x_wconf 88' lang='lat' dir='ltr'><strong>servi</strong></span> <span class='ocrx_word' id='word_1_528' title='bbox 1097 3705 1311 3774; x_wconf 88' lang='lat' dir='ltr'><strong>lecerit,meum</strong></span> <span class='ocrx_word' id='word_1_529' title='bbox 1322 3706 1406 3778; x_wconf 90' lang='lat' dir='ltr'><strong>ponit</strong></span> <span class='ocrx_word' id='word_1_530' title='bbox 1419 3706 1584 3781; x_wconf 89' lang='lat' dir='ltr'><strong>exemplum</strong></span> <span class='ocrx_word' id='word_1_531' title='bbox 1597 3726 1605 3776; x_wconf 89' lang='lat'>;</span> <span class='ocrx_word' id='word_1_532' title='bbox 1621 3713 1650 3765; x_wconf 90' lang='lat' dir='ltr'><strong>et</strong></span> <span class='ocrx_word' id='word_1_533' title='bbox 1663 3713 1835 3776; x_wconf 66' lang='lat' dir='ltr'><strong>securus-et</strong></span> <span class='ocrx_word' id='word_1_534' title='bbox 1849 3711 1929 3782; x_wconf 88' lang='lat' dir='ltr'><strong>pert·</strong></span> 
     </span>
     <span class='ocr_line' id='line_1_40' title="bbox 214 3788 1929 3872; baseline 0.006 -26"><span class='ocrx_word' id='word_1_535' title='bbox 214 3788 364 3872; x_wconf 77' lang='lat' dir='ltr'><strong>accipiens</strong></span> <span class='ocrx_word' id='word_1_536' title='bbox 397 3791 532 3865; x_wconf 79' lang='lat' dir='ltr'><strong>(Philipp.</strong></span> <span class='ocrx_word' id='word_1_537' title='bbox 563 3793 618 3864; x_wconf 88' lang='lat' dir='ltr'><strong>u);</strong></span> <span class='ocrx_word' id='word_1_538' title='bbox 648 3794 892 3852; x_wconf 80' lang='lat' dir='ltr'><strong>resurrectionem</strong></span> <span class='ocrx_word' id='word_1_539' title='bbox 926 3802 1042 3854; x_wconf 91' lang='lat' dir='ltr'><strong>nostro·</strong></span> <span class='ocrx_word' id='word_1_540' title='bbox 1097 3794 1343 3852; x_wconf 85' lang='lat' dir='ltr'><strong>elitanssineme</strong></span> <span class='ocrx_word' id='word_1_541' title='bbox 1360 3795 1456 3853; x_wconf 86' lang='lat' dir='ltr'><strong>vivere</strong></span> <span class='ocrx_word' id='word_1_542' title='bbox 1476 3813 1534 3854; x_wconf 92' lang='lat' dir='ltr'><strong>non</strong></span> <span class='ocrx_word' id='word_1_543' title='bbox 1560 3802 1664 3870; x_wconf 89' lang='lat' dir='ltr'><strong>potest.</strong></span> <span class='ocrx_word' id='word_1_544' title='bbox 1693 3797 1801 3856; x_wconf 80' lang='lat' dir='ltr'><strong>Audiat</strong></span> <span class='ocrx_word' id='word_1_545' title='bbox 1830 3797 1929 3872; x_wconf 82' lang='lat' dir='ltr'><strong>igltu‘r</strong></span> 
     </span>
     <span class='ocr_line' id='line_1_41' title="bbox 215 3880 1932 3958; baseline 0.005 -24"><span class='ocrx_word' id='word_1_546' title='bbox 215 3894 284 3935; x_wconf 91' lang='lat' dir='ltr'><strong>rum</strong></span> <span class='ocrx_word' id='word_1_547' title='bbox 315 3895 470 3952; x_wconf 89' lang='lat' dir='ltr'><strong>corporum</strong></span> <span class='ocrx_word' id='word_1_548' title='bbox 499 3880 541 3938; x_wconf 89' lang='lat' dir='ltr'><strong>sic</strong></span> <span class='ocrx_word' id='word_1_549' title='bbox 574 3881 715 3950; x_wconf 87' lang='lat' dir='ltr'><strong>futuram,</strong></span> <span class='ocrx_word' id='word_1_550' title='bbox 736 3884 890 3941; x_wconf 84' lang='lat' dir='ltr'><strong>utendam</strong></span> <span class='ocrx_word' id='word_1_551' title='bbox 910 3887 1043 3942; x_wconf 89' lang='lat' dir='ltr'><strong>membra</strong></span> <span class='ocrx_word' id='word_1_552' title='bbox 1096 3883 1174 3954; x_wconf 90' lang='lat' dir='ltr'><strong>quod</strong></span> <span class='ocrx_word' id='word_1_553' title='bbox 1191 3883 1496 3942; x_wconf 88' lang='lat' dir='ltr'><strong>nesciresesimulat.</strong></span> <span class='ocrx_word' id='word_1_554' title='bbox 1512 3885 1603 3942; x_wconf 88' lang='lat' dir='ltr'><strong>Nemo</strong></span> <span class='ocrx_word' id='word_1_555' title='bbox 1627 3885 1678 3942; x_wconf 85' lang='lat' dir='ltr'><strong>tibi</strong></span> <span class='ocrx_word' id='word_1_556' title='bbox 1703 3885 1932 3958; x_wconf 71' lang='lat' dir='ltr'><strong>objicitquasa</strong></span> 
     </span>
     <span class='ocr_line' id='line_1_42' title="bbox 218 3966 1932 4047; baseline 0.006 -24"><span class='ocrx_word' id='word_1_557' title='bbox 218 3983 276 4024; x_wconf 91' lang='lat' dir='ltr'><strong>non</strong></span> <span class='ocrx_word' id='word_1_558' title='bbox 291 3966 429 4036; x_wconf 86' lang='lat' dir='ltr'><strong>habeant,</strong></span> <span class='ocrx_word' id='word_1_559' title='bbox 443 3969 514 4042; x_wconf 89' lang='lat' dir='ltr'><strong>quia</strong></span> <span class='ocrx_word' id='word_1_560' title='bbox 537 3969 723 4028; x_wconf 80' lang='lat' dir='ltr'><strong>cessantibus</strong></span> <span class='ocrx_word' id='word_1_561' title='bbox 752 3972 951 4030; x_wconf 90' lang='lat' dir='ltr'><strong>membrorum</strong></span> <span class='ocrx_word' id='word_1_562' title='bbox 980 3973 1042 4032; x_wconf 87' lang='lat' dir='ltr'><strong>oill-</strong></span> <span class='ocrx_word' id='word_1_563' title='bbox 1095 3970 1250 4044; x_wconf 87' lang='lat' dir='ltr'><strong>Origenem</strong></span> <span class='ocrx_word' id='word_1_564' title='bbox 1265 3971 1474 4045; x_wconf 87' lang='lat' dir='ltr'><strong>interpretetus</strong></span> <span class='ocrx_word' id='word_1_565' title='bbox 1488 3989 1530 4042; x_wconf 91' lang='lat' dir='ltr'><strong>es,</strong></span> <span class='ocrx_word' id='word_1_566' title='bbox 1543 3973 1652 4047; x_wconf 88' lang='lat' dir='ltr'><strong>alloqui</strong></span> <span class='ocrx_word' id='word_1_567' title='bbox 1664 3973 1792 4031; x_wconf 81' lang='lat' dir='ltr'><strong>Hilarius</strong></span> <span class='ocrx_word' id='word_1_568' title='bbox 1806 3977 1836 4029; x_wconf 87' lang='lat' dir='ltr'><strong>et</strong></span> <span class='ocrx_word' id='word_1_569' title='bbox 1853 3977 1932 4033; x_wconf 74' lang='lat' dir='ltr'><strong>sm-</strong></span> 
     </span>
     <span class='ocr_line' id='line_1_43' title="bbox 218 4055 1929 4137; baseline 0.004 -23"><span class='ocrx_word' id='word_1_570' title='bbox 218 4055 281 4125; x_wconf 86' lang='lat' dir='ltr'><strong>eiis,</strong></span> <span class='ocrx_word' id='word_1_571' title='bbox 297 4057 445 4132; x_wconf 84' lang='lat' dir='ltr'><strong>superflua</strong></span> <span class='ocrx_word' id='word_1_572' title='bbox 471 4059 604 4116; x_wconf 87' lang='lat' dir='ltr'><strong>membra</strong></span> <span class='ocrx_word' id='word_1_573' title='bbox 629 4060 809 4130; x_wconf 87' lang='lat' dir='ltr'><strong>reddantur;</strong></span> <span class='ocrx_word' id='word_1_574' title='bbox 836 4061 958 4135; x_wconf 87' lang='lat' dir='ltr'><strong>ipsaque</strong></span> <span class='ocrx_word' id='word_1_575' title='bbox 982 4076 1042 4120; x_wconf 85' lang='lat' dir='ltr'><strong>cor·</strong></span> <span class='ocrx_word' id='word_1_576' title='bbox 1096 4059 1215 4117; x_wconf 89' lang='lat' dir='ltr'><strong>brosius</strong></span> <span class='ocrx_word' id='word_1_577' title='bbox 1230 4059 1422 4118; x_wconf 86' lang='lat' dir='ltr'><strong>boucrimino</strong></span> <span class='ocrx_word' id='word_1_578' title='bbox 1451 4063 1646 4133; x_wconf 80' lang='lat' dir='ltr'><strong>tenebuntur3</strong></span> <span class='ocrx_word' id='word_1_579' title='bbox 1663 4061 1714 4120; x_wconf 86' lang='lat' dir='ltr'><strong>sed</strong></span> <span class='ocrx_word' id='word_1_580' title='bbox 1733 4061 1803 4137; x_wconf 81' lang='lat' dir='ltr'><strong>qaia</strong></span> <span class='ocrx_word' id='word_1_581' title='bbox 1831 4062 1929 4121; x_wconf 85' lang='lat' dir='ltr'><strong>inter·</strong></span> 
     </span>
     <span class='ocr_line' id='line_1_44' title="bbox 217 4145 1926 4222; baseline 0.004 -20"><span class='ocrx_word' id='word_1_582' title='bbox 217 4160 289 4219; x_wconf 86' lang='lat' dir='ltr'><strong>pora</strong></span> <span class='ocrx_word' id='word_1_583' title='bbox 302 4145 403 4204; x_wconf 87' lang='lat' dir='ltr'><strong>tenuia</strong></span> <span class='ocrx_word' id='word_1_584' title='bbox 423 4149 452 4204; x_wconf 90' lang='lat' dir='ltr'><strong>et</strong></span> <span class='ocrx_word' id='word_1_585' title='bbox 480 4146 625 4222; x_wconf 87' lang='lat' dir='ltr'><strong>spiritalia</strong></span> <span class='ocrx_word' id='word_1_586' title='bbox 653 4148 796 4222; x_wconf 89' lang='lat' dir='ltr'><strong>paulatim</strong></span> <span class='ocrx_word' id='word_1_587' title='bbox 811 4165 994 4218; x_wconf 85' lang='lat' dir='ltr'><strong>evanescere,</strong></span> <span class='ocrx_word' id='word_1_588' title='bbox 1013 4157 1042 4210; x_wconf 91' lang='lat' dir='ltr'><strong>at</strong></span> <span class='ocrx_word' id='word_1_589' title='bbox 1095 4152 1227 4220; x_wconf 86' lang='lat' dir='ltr'><strong>pretatus</strong></span> <span class='ocrx_word' id='word_1_590' title='bbox 1242 4147 1388 4218; x_wconf 79' lang='lat' dir='ltr'><strong>heretica,</strong></span> <span class='ocrx_word' id='word_1_591' title='bbox 1406 4150 1586 4209; x_wconf 80' lang='lat' dir='ltr'><strong>Prsiationis</strong></span> <span class='ocrx_word' id='word_1_592' title='bbox 1601 4156 1659 4209; x_wconf 82' lang='lat' dir='ltr'><strong>turs</strong></span> <span class='ocrx_word' id='word_1_593' title='bbox 1681 4152 1768 4209; x_wconf 86' lang='lat' dir='ltr'><strong>laude</strong></span> <span class='ocrx_word' id='word_1_594' title='bbox 1782 4151 1926 4210; x_wconf 81' lang='lat' dir='ltr'><strong>firmasti.</strong></span> 
     </span>
     <span class='ocr_line' id='line_1_45' title="bbox 216 4233 1927 4314; baseline 0.005 -25"><span class='ocrx_word' id='word_1_595' title='bbox 216 4233 366 4293; x_wconf 85' lang='lat' dir='ltr'><strong>inaurem</strong></span> <span class='ocrx_word' id='word_1_596' title='bbox 381 4235 658 4310; x_wconf 84' lang='lat' dir='ltr'><strong>tenuem,etquein</strong></span> <span class='ocrx_word' id='word_1_597' title='bbox 682 4237 809 4294; x_wconf 89' lang='lat' dir='ltr'><strong>nibilum</strong></span> <span class='ocrx_word' id='word_1_598' title='bbox 835 4237 1039 4311; x_wconf 85' lang='lat' dir='ltr'><strong>dissiperi;in</strong></span> <span class='ocrx_word' id='word_1_599' title='bbox 1095 4237 1242 4309; x_wconf 86' lang='lat' dir='ltr'><strong>ilgoipse,</strong></span> <span class='ocrx_word' id='word_1_600' title='bbox 1273 4251 1362 4308; x_wconf 90' lang='lat' dir='ltr'><strong>quem</strong></span> <span class='ocrx_word' id='word_1_601' title='bbox 1385 4239 1415 4294; x_wconf 91' lang='lat' dir='ltr'><strong>ia</strong></span> <span class='ocrx_word' id='word_1_602' title='bbox 1449 4239 1560 4298; x_wconf 88' lang='lat' dir='ltr'><strong>crimen</strong></span> <span class='ocrx_word' id='word_1_603' title='bbox 1583 4257 1679 4310; x_wconf 82' lang='lat' dir='ltr'><strong>rocas,</strong></span> <span class='ocrx_word' id='word_1_604' title='bbox 1710 4240 1822 4314; x_wconf 75' lang='lat' dir='ltr'><strong>sieiltt.</strong></span> <span class='ocrx_word' id='word_1_605' title='bbox 1843 4241 1927 4314; x_wconf 89' lang='lat' dir='ltr'><strong>ideo]</strong></span> 
     </span>
     <span class='ocr_line' id='line_1_46' title="bbox 217 4323 1928 4400; baseline 0.004 -20"><span class='ocrx_word' id='word_1_606' title='bbox 217 4323 405 4383; x_wconf 85' lang='lat' dir='ltr'><strong>restitutione</strong></span> <span class='ocrx_word' id='word_1_607' title='bbox 421 4325 567 4395; x_wconf 90' lang='lat' dir='ltr'><strong>omnium,</strong></span> <span class='ocrx_word' id='word_1_608' title='bbox 585 4327 704 4398; x_wconf 88' lang='lat' dir='ltr'><strong>quando</strong></span> <span class='ocrx_word' id='word_1_609' title='bbox 724 4325 908 4398; x_wconf 86' lang='lat' dir='ltr'><strong>indulgentia</strong></span> <span class='ocrx_word' id='word_1_610' title='bbox 932 4327 1039 4399; x_wconf 90' lang='lat' dir='ltr'><strong>princi·</strong></span> <span class='ocrx_word' id='word_1_611' title='bbox 1094 4323 1282 4397; x_wconf 86' lang='lat' dir='ltr'><strong>septuaginta</strong></span> <span class='ocrx_word' id='word_1_612' title='bbox 1295 4323 1437 4384; x_wconf 77' lang='lat' dir='ltr'><strong>domities</strong></span> <span class='ocrx_word' id='word_1_613' title='bbox 1466 4329 1531 4400; x_wconf 83' lang='lat' dir='ltr'><strong>ejus</strong></span> <span class='ocrx_word' id='word_1_614' title='bbox 1553 4327 1702 4397; x_wconf 89' lang='lat' dir='ltr'><strong>transtuli,</strong></span> <span class='ocrx_word' id='word_1_615' title='bbox 1718 4334 1748 4386; x_wconf 90' lang='lat' dir='ltr'><strong>et</strong></span> <span class='ocrx_word' id='word_1_616' title='bbox 1775 4329 1928 4388; x_wconf 86' lang='lat' dir='ltr'><strong>nonnulla</strong></span> 
     </span>
     <span class='ocr_line' id='line_1_47' title="bbox 216 4412 1928 4493; baseline 0.003 -22"><span class='ocrx_word' id='word_1_617' title='bbox 216 4413 290 4488; x_wconf 85' lang='lat' dir='ltr'><strong>pelis</strong></span> <span class='ocrx_word' id='word_1_618' title='bbox 318 4414 439 4484; x_wconf 86' lang='lat' dir='ltr'><strong>venerit,</strong></span> <span class='ocrx_word' id='word_1_619' title='bbox 468 4414 627 4471; x_wconf 84' lang='lat' dir='ltr'><strong>Cherubim</strong></span> <span class='ocrx_word' id='word_1_620' title='bbox 649 4419 677 4470; x_wconf 88' lang='lat' dir='ltr'><strong>et</strong></span> <span class='ocrx_word' id='word_1_621' title='bbox 703 4412 871 4485; x_wconf 89' lang='lat' dir='ltr'><strong>Seraphim,</strong></span> <span class='ocrx_word' id='word_1_622' title='bbox 894 4415 1038 4486; x_wconf 83' lang='lat' dir='ltr'><strong>Thronos,</strong></span> <span class='ocrx_word' id='word_1_623' title='bbox 1095 4413 1130 4469; x_wconf 86' lang='lat' dir='ltr'><strong>de</strong></span> <span class='ocrx_word' id='word_1_624' title='bbox 1144 4412 1254 4482; x_wconf 76' lang='lat' dir='ltr'><strong>l&#39;omia,</strong></span> <span class='ocrx_word' id='word_1_625' title='bbox 1271 4415 1437 4472; x_wconf 86' lang='lat' dir='ltr'><strong>utstmaln</strong></span> <span class='ocrx_word' id='word_1_626' title='bbox 1451 4417 1481 4473; x_wconf 90' lang='lat' dir='ltr'><strong>in</strong></span> <span class='ocrx_word' id='word_1_627' title='bbox 1509 4419 1654 4476; x_wconf 90' lang='lat' dir='ltr'><strong>bonoram</strong></span> <span class='ocrx_word' id='word_1_628' title='bbox 1677 4419 1928 4493; x_wconf 84' lang='lat' dir='ltr'><strong>interpretatione</strong></span> 
     </span>
     <span class='ocr_line' id='line_1_48' title="bbox 215 4501 1926 4585; baseline 0.002 -27"><span class='ocrx_word' id='word_1_629' title='bbox 215 4501 411 4575; x_wconf 86' lang='lat' dir='ltr'><strong>Principatus,</strong></span> <span class='ocrx_word' id='word_1_630' title='bbox 440 4502 670 4569; x_wconf 88' lang='lat' dir='ltr'><strong>Dominatiunes,</strong></span> <span class='ocrx_word' id='word_1_631' title='bbox 699 4502 840 4571; x_wconf 87' lang='lat' dir='ltr'><strong>Virtutes,</strong></span> <span class='ocrx_word' id='word_1_632' title='bbox 865 4502 1078 4580; x_wconf 80' lang='lat' dir='ltr'><strong>Potestatus,1)</strong></span> <span class='ocrx_word' id='word_1_633' title='bbox 1096 4501 1171 4585; x_wconf 58' lang='lat' dir='ltr'><strong>ooo</strong></span> <span class='ocrx_word' id='word_1_634' title='bbox 1188 4502 1404 4573; x_wconf 82' lang='lat' dir='ltr'><strong>subtraherem,</strong></span> <span class='ocrx_word' id='word_1_635' title='bbox 1423 4509 1453 4562; x_wconf 92' lang='lat' dir='ltr'><strong>et</strong></span> <span class='ocrx_word' id='word_1_636' title='bbox 1485 4511 1584 4579; x_wconf 88' lang='lat' dir='ltr'><strong>aperte</strong></span> <span class='ocrx_word' id='word_1_637' title='bbox 1609 4507 1638 4562; x_wconf 92' lang='lat' dir='ltr'><strong>in</strong></span> <span class='ocrx_word' id='word_1_638' title='bbox 1669 4507 1753 4564; x_wconf 89' lang='lat' dir='ltr'><strong>libris</strong></span> <span class='ocrx_word' id='word_1_639' title='bbox 1773 4507 1837 4584; x_wconf 78' lang='lat' dir='ltr'><strong>napi</strong></span> <span class='ocrx_word' id='word_1_640' title='bbox 1856 4513 1926 4583; x_wconf 79' lang='grc' dir='ltr'>’Δρ-</span> 
     </span>
     <span class='ocr_line' id='line_1_49' title="bbox 214 4587 1927 4670; baseline 0.008 -26"><span class='ocrx_word' id='word_1_641' title='bbox 214 4587 422 4664; x_wconf 84' lang='lat' dir='ltr'><strong>Archaugetes‚</strong></span> <span class='ocrx_word' id='word_1_642' title='bbox 437 4590 576 4662; x_wconf 81' lang='lat' dir='ltr'><strong>Angelos,</strong></span> <span class='ocrx_word' id='word_1_643' title='bbox 603 4589 765 4658; x_wconf 86' lang='lat' dir='ltr'><strong>diabolum,</strong></span> <span class='ocrx_word' id='word_1_644' title='bbox 795 4589 953 4662; x_wconf 84' lang='lat' dir='ltr'><strong>demones,</strong></span> <span class='ocrx_word' id='word_1_645' title='bbox 977 4596 1039 4652; x_wconf 89' lang='lat' dir='ltr'><strong>ani-</strong></span> <span class='ocrx_word' id='word_1_646' title='bbox 1095 4593 1153 4665; x_wconf 78' lang='grc' dir='ltr'><strong>χῶν</strong></span> <span class='ocrx_word' id='word_1_647' title='bbox 1170 4591 1206 4647; x_wconf 83' lang='lat' dir='ltr'><strong>ad</strong></span> <span class='ocrx_word' id='word_1_648' title='bbox 1235 4595 1451 4666; x_wconf 81' lang='lat' dir='ltr'><strong>coarguendam</strong></span> <span class='ocrx_word' id='word_1_649' title='bbox 1480 4595 1704 4654; x_wconf 82' lang='lat' dir='ltr'><strong>translationem</strong></span> <span class='ocrx_word' id='word_1_650' title='bbox 1731 4601 1827 4666; x_wconf 84' lang='lat' dir='ltr'><strong>tuam,</strong></span> <span class='ocrx_word' id='word_1_651' title='bbox 1850 4597 1927 4670; x_wconf 89' lang='lat' dir='ltr'><strong>quid</strong></span> 
     </span>
     <span class='ocr_line' id='line_1_50' title="bbox 215 4675 1929 4759; baseline 0.011 -25"><span class='ocrx_word' id='word_1_652' title='bbox 215 4691 279 4734; x_wconf 87' lang='lat' dir='ltr'><strong>mas</strong></span> <span class='ocrx_word' id='word_1_653' title='bbox 294 4675 427 4734; x_wconf 88' lang='lat' dir='ltr'><strong>omnium</strong></span> <span class='ocrx_word' id='word_1_654' title='bbox 440 4677 605 4747; x_wconf 89' lang='lat' dir='ltr'><strong>hominum,</strong></span> <span class='ocrx_word' id='word_1_655' title='bbox 622 4684 680 4736; x_wconf 88' lang='lat' dir='ltr'><strong>tam</strong></span> <span class='ocrx_word' id='word_1_656' title='bbox 697 4678 938 4753; x_wconf 84' lang='lat' dir='ltr'><strong>christianorum,</strong></span> <span class='ocrx_word' id='word_1_657' title='bbox 950 4700 1040 4757; x_wconf 85' lang='lat' dir='ltr'><strong>quam</strong></span> <span class='ocrx_word' id='word_1_658' title='bbox 1095 4679 1185 4736; x_wconf 66' lang='lat' dir='ltr'><strong>letior</strong></span> <span class='ocrx_word' id='word_1_659' title='bbox 1199 4679 1314 4749; x_wconf 65' lang='lat' dir='ltr'><strong>vitaret·</strong></span> <span class='ocrx_word' id='word_1_660' title='bbox 1330 4682 1524 4740; x_wconf 65' lang='lat' dir='ltr'><strong>Osiendtrtffl·</strong></span> <span class='ocrx_word' id='word_1_661' title='bbox 1540 4684 1593 4741; x_wconf 73' lang='lat' dir='ltr'><strong>Vis</strong></span> <span class='ocrx_word' id='word_1_662' title='bbox 1615 4685 1769 4759; x_wconf 67' lang='lat' dir='ltr'><strong>origenem</strong></span> <span class='ocrx_word' id='word_1_663' title='bbox 1794 4685 1826 4742; x_wconf 75' lang='lat' dir='ltr'><strong>in</strong></span> <span class='ocrx_word' id='word_1_664' title='bbox 1846 4687 1929 4743; x_wconf 64' lang='lat' dir='ltr'><strong>Lali·</strong></span> 
     </span>
     <span class='ocr_line' id='line_1_51' title="bbox 216 4765 1928 4847; baseline 0.006 -22"><span class='ocrx_word' id='word_1_665' title='bbox 216 4766 384 4825; x_wconf 80' lang='lat' dir='ltr'><strong>iudeorum</strong></span> <span class='ocrx_word' id='word_1_666' title='bbox 417 4769 446 4822; x_wconf 91' lang='lat' dir='ltr'><strong>et</strong></span> <span class='ocrx_word' id='word_1_667' title='bbox 473 4765 647 4834; x_wconf 84' lang='lat' dir='ltr'><strong>Gentilium,</strong></span> <span class='ocrx_word' id='word_1_668' title='bbox 685 4767 774 4824; x_wconf 89' lang='lat' dir='ltr'><strong>unius</strong></span> <span class='ocrx_word' id='word_1_669' title='bbox 811 4770 987 4830; x_wconf 89' lang='lat' dir='ltr'><strong>conditionis</strong></span> <span class='ocrx_word' id='word_1_670' title='bbox 1012 4779 1040 4832; x_wconf 90' lang='lat' dir='ltr'><strong>et</strong></span> <span class='ocrx_word' id='word_1_671' title='bbox 1096 4769 1418 4828; x_wconf 69' lang='lat' dir='ltr'><strong>numvtrlerelilnbes</strong></span> <span class='ocrx_word' id='word_1_672' title='bbox 1445 4771 1554 4829; x_wconf 76' lang='lat' dir='ltr'><strong>mullus</strong></span> <span class='ocrx_word' id='word_1_673' title='bbox 1582 4771 1720 4830; x_wconf 75' lang='lat' dir='ltr'><strong>homiliae</strong></span> <span class='ocrx_word' id='word_1_674' title='bbox 1743 4774 1809 4847; x_wconf 78' lang='lat' dir='ltr'><strong>ejus</strong></span> <span class='ocrx_word' id='word_1_675' title='bbox 1831 4778 1928 4832; x_wconf 81' lang='lat' dir='ltr'><strong>etto-</strong></span> 
     </span>
    </p>
   </div>
   <div class='ocr_carea' id='block_1_3' title="bbox 213 4943 1932 5381">
    <p class='ocr_par' dir='ltr' id='par_1_3' title="bbox 213 4943 1932 5381">
     <span class='ocr_line' id='line_1_52' title="bbox 250 4943 1930 5039; baseline 0.006 -39"><span class='ocrx_word' id='word_1_676' title='bbox 250 4945 344 5001; x_wconf 80' lang='lat' dir='ltr'><strong>¹tdibi</strong></span> <span class='ocrx_word' id='word_1_677' title='bbox 359 4943 684 5032; x_wconf 74' lang='lat' dir='ltr'><strong>legendumuideturin</strong></span> <span class='ocrx_word' id='word_1_678' title='bbox 701 4946 858 5004; x_wconf 84' lang='lat' dir='ltr'><strong>accusandi</strong></span> <span class='ocrx_word' id='word_1_679' title='bbox 874 4964 1038 5019; x_wconf 68' lang='lat' dir='ltr'><strong>casmenas.</strong></span> <span class='ocrx_word' id='word_1_680' title='bbox 1094 4965 1190 5034; x_wconf 77' lang='lat' dir='ltr'><strong>veruna</strong></span> <span class='ocrx_word' id='word_1_681' title='bbox 1217 4953 1266 5021; x_wconf 85' lang='lat' dir='ltr'><strong>ert,</strong></span> <span class='ocrx_word' id='word_1_682' title='bbox 1295 4949 1366 5022; x_wconf 83' lang='lat' dir='ltr'><strong>quad</strong></span> <span class='ocrx_word' id='word_1_683' title='bbox 1398 4949 1431 5006; x_wconf 83' lang='lat' dir='ltr'><strong>de</strong></span> <span class='ocrx_word' id='word_1_684' title='bbox 1453 4960 1495 5036; x_wconf 35' lang='lat' dir='ltr'><strong>‚te</strong></span> <span class='ocrx_word' id='word_1_685' title='bbox 1529 4952 1930 5039; x_wconf 54' lang='lat' dir='ltr'><strong>praenominatorum</strong></span> 
     </span>
     <span class='ocr_line' id='line_1_53' title="bbox 213 5015 1932 5164; baseline 0.008 -23"><span class='ocrx_word' id='word_1_686' title='bbox 213 5015 1040 5162; x_wconf 51' lang='lat' dir='ltr'><strong>‘otioloiiiiii.“itttbtt¹,ttt·....n..</strong></span> <span class='ocrx_word' id='word_1_687' title='bbox 1094 5022 1932 5164; x_wconf 59' lang='lat' dir='ltr'><strong>titt.‘tttttztdtlrtttilirtillidi:</strong></span> 
     </span>
     <span class='ocr_line' id='line_1_54' title="bbox 214 5105 1929 5250; baseline 0.006 -36"><span class='ocrx_word' id='word_1_688' title='bbox 214 5157 343 5242; x_wconf 67' lang='lat' dir='ltr'><strong>dirimas</strong></span> <span class='ocrx_word' id='word_1_689' title='bbox 356 5159 392 5214; x_wconf 92' lang='lat' dir='ltr'><strong>ad</strong></span> <span class='ocrx_word' id='word_1_690' title='bbox 408 5105 562 5234; x_wconf 46' lang='lat' dir='ltr'><strong>&#39;l&#39;bsopbifi</strong></span> <span class='ocrx_word' id='word_1_691' title='bbox 577 5160 762 5234; x_wconf 82' lang='lat' dir='ltr'><strong>Synodicam,</strong></span> <span class='ocrx_word' id='word_1_692' title='bbox 779 5166 809 5218; x_wconf 86' lang='lat' dir='ltr'><strong>et</strong></span> <span class='ocrx_word' id='word_1_693' title='bbox 827 5161 985 5234; x_wconf 82' lang='lat' dir='ltr'><strong>llpistolam</strong></span> <span class='ocrx_word' id='word_1_694' title='bbox 1002 5166 1039 5222; x_wconf 90' lang='lat' dir='ltr'><strong>ad</strong></span> <span class='ocrx_word' id='word_1_695' title='bbox 1095 5134 1412 5246; x_wconf 66' lang='lat' dir='ltr'><strong>numere&#39;plflrmavit</strong></span> <span class='ocrx_word' id='word_1_696' title='bbox 1440 5164 1630 5247; x_wconf 77' lang='lat' dir='ltr'><strong>Epiphanius,</strong></span> <span class='ocrx_word' id='word_1_697' title='bbox 1647 5171 1700 5226; x_wconf 84' lang='lat' dir='ltr'><strong>aut</strong></span> <span class='ocrx_word' id='word_1_698' title='bbox 1712 5167 1836 5250; x_wconf 76' lang='lat' dir='ltr'><strong>totidem</strong></span> <span class='ocrx_word' id='word_1_699' title='bbox 1853 5184 1871 5225; x_wconf 85' lang='lat' dir='ltr'><strong>a</strong></span> <span class='ocrx_word' id='word_1_700' title='bbox 1888 5183 1929 5225; x_wconf 83' lang='lat' dir='ltr'><strong>se</strong></span> 
     </span>
     <span class='ocr_line' id='line_1_55' title="bbox 213 5231 1930 5310; baseline 0.008 -26"><span class='ocrx_word' id='word_1_701' title='bbox 213 5231 342 5298; x_wconf 82' lang='lat' dir='ltr'><strong>Avitum,</strong></span> <span class='ocrx_word' id='word_1_702' title='bbox 356 5233 412 5286; x_wconf 91' lang='lat' dir='ltr'><strong>etc.</strong></span> <span class='ocrx_word' id='word_1_703' title='bbox 1094 5234 1183 5292; x_wconf 88' lang='lat' dir='ltr'><strong>lectos</strong></span> <span class='ocrx_word' id='word_1_704' title='bbox 1205 5235 1287 5290; x_wconf 87' lang='lat' dir='ltr'><strong>drxri.</strong></span> <span class='ocrx_word' id='word_1_705' title='bbox 1315 5237 1425 5290; x_wconf 88' lang='lat' dir='ltr'><strong>lterum</strong></span> <span class='ocrx_word' id='word_1_706' title='bbox 1454 5237 1542 5303; x_wconf 87' lang='lat' dir='ltr'><strong>mira,</strong></span> <span class='ocrx_word' id='word_1_707' title='bbox 1566 5242 1654 5310; x_wconf 85' lang='lat' dir='ltr'><strong>atque</strong></span> <span class='ocrx_word' id='word_1_708' title='bbox 1683 5237 1754 5294; x_wconf 79' lang='lat' dir='ltr'><strong>altor</strong></span> <span class='ocrx_word' id='word_1_709' title='bbox 1783 5240 1930 5297; x_wconf 82' lang='lat' dir='ltr'><strong>eamdem</strong></span> 
     </span>
     <span class='ocr_line' id='line_1_56' title="bbox 249 5297 1931 5381; baseline 0.007 -25"><span class='ocrx_word' id='word_1_710' title='bbox 249 5297 260 5335; x_wconf 81' lang='lat'>⁸</span> <span class='ocrx_word' id='word_1_711' title='bbox 276 5301 421 5374; x_wconf 85' lang='lat' dir='ltr'><strong>Imposuit</strong></span> <span class='ocrx_word' id='word_1_712' title='bbox 436 5301 558 5358; x_wconf 81' lang='lat' dir='ltr'><strong>tortasse</strong></span> <span class='ocrx_word' id='word_1_713' title='bbox 573 5302 678 5360; x_wconf 84' lang='lat' dir='ltr'><strong>Rufino</strong></span> <span class='ocrx_word' id='word_1_714' title='bbox 702 5318 790 5376; x_wconf 84' lang='lat' dir='ltr'><strong>prave</strong></span> <span class='ocrx_word' id='word_1_715' title='bbox 815 5299 981 5360; x_wconf 88' lang='lat' dir='ltr'><strong>intellectus</strong></span> <span class='ocrx_word' id='word_1_716' title='bbox 996 5303 1039 5364; x_wconf 90' lang='lat' dir='ltr'><strong>lo·</strong></span> <span class='ocrx_word' id='word_1_717' title='bbox 1094 5305 1352 5363; x_wconf 82' lang='lat' dir='ltr'><strong>hallucinationem</strong></span> <span class='ocrx_word' id='word_1_718' title='bbox 1368 5305 1405 5361; x_wconf 88' lang='lat' dir='ltr'><strong>ab</strong></span> <span class='ocrx_word' id='word_1_719' title='bbox 1429 5307 1593 5380; x_wconf 78' lang='lat' dir='ltr'><strong>Epiphanio</strong></span> <span class='ocrx_word' id='word_1_720' title='bbox 1617 5314 1699 5366; x_wconf 87' lang='lat' dir='ltr'><strong>cavet</strong></span> <span class='ocrx_word' id='word_1_721' title='bbox 1713 5310 1804 5381; x_wconf 77' lang='lat' dir='ltr'><strong>illan,</strong></span> <span class='ocrx_word' id='word_1_722' title='bbox 1821 5315 1852 5367; x_wconf 88' lang='lat' dir='ltr'><strong>et</strong></span> <span class='ocrx_word' id='word_1_723' title='bbox 1865 5315 1931 5367; x_wconf 83' lang='lat' dir='ltr'><strong>liu·</strong></span> 
     </span>
    </p>
   </div>
   <div class='ocr_carea' id='block_1_4' title="bbox 209 5371 1930 5674">
    <p class='ocr_par' dir='ltr' id='par_1_4' title="bbox 214 5371 1331 5451">
     <span class='ocr_line' id='line_1_57' title="bbox 214 5371 1331 5451; baseline 0.003 -23"><span class='ocrx_word' id='word_1_724' title='bbox 214 5385 268 5429; x_wconf 88' lang='lat' dir='ltr'><strong>cus</strong></span> <span class='ocrx_word' id='word_1_725' title='bbox 281 5371 338 5428; x_wconf 87' lang='lat' dir='ltr'><strong>iste</strong></span> <span class='ocrx_word' id='word_1_726' title='bbox 354 5372 405 5445; x_wconf 81' lang='lat' dir='ltr'><strong>llpi</strong></span> <span class='ocrx_word' id='word_1_727' title='bbox 426 5372 506 5428; x_wconf 86' lang='lat' dir='ltr'><strong>berrii</strong></span> <span class='ocrx_word' id='word_1_728' title='bbox 521 5373 623 5430; x_wconf 75' lang='lat' dir='ltr'><strong>haeres.</strong></span> <span class='ocrx_word' id='word_1_729' title='bbox 648 5375 694 5444; x_wconf 81' lang='lat' dir='ltr'><strong>ol,</strong></span> <span class='ocrx_word' id='word_1_730' title='bbox 711 5390 775 5446; x_wconf 80' lang='lat' dir='ltr'><strong>quar</strong></span> <span class='ocrx_word' id='word_1_731' title='bbox 795 5373 1039 5448; x_wconf 85' lang='lat' dir='ltr'><strong>origenianorum</strong></span> <span class='ocrx_word' id='word_1_732' title='bbox 1093 5377 1152 5434; x_wconf 90' lang='lat' dir='ltr'><strong>ilno</strong></span> <span class='ocrx_word' id='word_1_733' title='bbox 1168 5375 1331 5451; x_wconf 86' lang='lat' dir='ltr'><strong>exprobret.</strong></span> 
     </span>
    </p>

    <p class='ocr_par' dir='ltr' id='par_1_5' title="bbox 214 5389 1930 5607">
     <span class='ocr_line' id='line_1_58' title="bbox 214 5389 1930 5521; baseline 0.005 -20"><span class='ocrx_word' id='word_1_734' title='bbox 214 5448 269 5515; x_wconf 88' lang='lat' dir='ltr'><strong>est,</strong></span> <span class='ocrx_word' id='word_1_735' title='bbox 285 5455 368 5500; x_wconf 90' lang='lat' dir='ltr'><strong>num.</strong></span> <span class='ocrx_word' id='word_1_736' title='bbox 384 5389 430 5514; x_wconf 53' lang='grc' dir='ltr'><strong>οξ,</strong></span> <span class='ocrx_word' id='word_1_737' title='bbox 447 5443 498 5499; x_wconf 89' lang='lat' dir='ltr'><strong>ubi</strong></span> <span class='ocrx_word' id='word_1_738' title='bbox 511 5444 666 5517; x_wconf 88' lang='lat' dir='ltr'><strong>origenem</strong></span> <span class='ocrx_word' id='word_1_739' title='bbox 688 5446 787 5518; x_wconf 88' lang='lat' dir='ltr'><strong>ipsum</strong></span> <span class='ocrx_word' id='word_1_740' title='bbox 812 5443 986 5519; x_wconf 86' lang='lat' dir='ltr'><strong>alloquens:</strong></span> <span class='ocrx_word' id='word_1_741' title='bbox 1008 5449 1038 5504; x_wconf 80' lang='lat' dir='ltr'><strong>Et</strong></span> <span class='ocrx_word' id='word_1_742' title='bbox 1128 5447 1232 5504; x_wconf 79' lang='lat' dir='ltr'><strong>‘Alias</strong></span> <span class='ocrx_word' id='word_1_743' title='bbox 1247 5446 1318 5503; x_wconf 87' lang='lat' dir='ltr'><strong>editi</strong></span> <span class='ocrx_word' id='word_1_744' title='bbox 1334 5463 1401 5504; x_wconf 89' lang='lat' dir='ltr'><strong>eum</strong></span> <span class='ocrx_word' id='word_1_745' title='bbox 1423 5447 1602 5510; x_wconf 83' lang='lat' dir='ltr'><strong>coisliniaao</strong></span> <span class='ocrx_word' id='word_1_746' title='bbox 1627 5468 1695 5521; x_wconf 81' lang='lat' dir='ltr'><strong>ms,</strong></span> <span class='ocrx_word' id='word_1_747' title='bbox 1711 5451 1856 5514; x_wconf 81' lang='lat' dir='ltr'><strong>obseruari</strong></span> <span class='ocrx_word' id='word_1_748' title='bbox 1871 5451 1930 5510; x_wconf 79' lang='lat' dir='ltr'><strong>do·</strong></span> 
     </span>
     <span class='ocr_line' id='line_1_59' title="bbox 216 5511 1794 5607; baseline 0.006 -36"><span class='ocrx_word' id='word_1_749' title='bbox 216 5515 268 5592; x_wconf 68' lang='lat' dir='ltr'><strong>ptp</strong></span> <span class='ocrx_word' id='word_1_750' title='bbox 293 5515 363 5570; x_wconf 67' lang='lat' dir='ltr'><strong>terra</strong></span> <span class='ocrx_word' id='word_1_751' title='bbox 397 5511 528 5584; x_wconf 71' lang='grc' dir='ltr'><strong>ἀληθὲςὸ</strong></span> <span class='ocrx_word' id='word_1_752' title='bbox 557 5515 684 5592; x_wconf 68' lang='lat' dir='ltr'><strong>repient</strong></span> <span class='ocrx_word' id='word_1_753' title='bbox 714 5511 874 5586; x_wconf 51' lang='lat' dir='ltr'><strong>hircania</strong></span> <span class='ocrx_word' id='word_1_754' title='bbox 902 5515 1038 5607; x_wconf 73' lang='grc' dir='ltr'>ἑξακισχι·</span> <span class='ocrx_word' id='word_1_755' title='bbox 1093 5519 1144 5576; x_wconf 88' lang='lat' dir='ltr'><strong>bet.</strong></span> <span class='ocrx_word' id='word_1_756' title='bbox 1167 5520 1197 5575; x_wconf 92' lang='lat' dir='ltr'><strong>ln</strong></span> <span class='ocrx_word' id='word_1_757' title='bbox 1214 5517 1423 5595; x_wconf 76' lang='lat' dir='ltr'><strong>hieronymum</strong></span> <span class='ocrx_word' id='word_1_758' title='bbox 1438 5523 1499 5577; x_wconf 89' lang='lat' dir='ltr'><strong>tota</strong></span> <span class='ocrx_word' id='word_1_759' title='bbox 1510 5521 1613 5582; x_wconf 82' lang='lat' dir='ltr'><strong>isthec</strong></span> <span class='ocrx_word' id='word_1_760' title='bbox 1631 5525 1725 5582; x_wconf 89' lang='lat' dir='ltr'><strong>oratio</strong></span> <span class='ocrx_word' id='word_1_761' title='bbox 1739 5528 1794 5584; x_wconf 84' lang='lat' dir='ltr'><strong>eat.</strong></span> 
     </span>
    </p>

    <p class='ocr_par' dir='ltr' id='par_1_6' title="bbox 209 5579 1039 5674">
     <span class='ocr_line' id='line_1_60' title="bbox 209 5579 1039 5674; baseline -0.002 -28"><span class='ocrx_word' id='word_1_762' title='bbox 209 5585 293 5658; x_wconf 60' lang='lat' dir='ltr'><strong>ilaus</strong></span> <span class='ocrx_word' id='word_1_763' title='bbox 310 5579 424 5674; x_wconf 72' lang='grc' dir='ltr'><strong>βίὸλους</strong></span> <span class='ocrx_word' id='word_1_764' title='bbox 452 5585 622 5666; x_wconf 56' lang='lat' dir='ltr'><strong>surripitur,</strong></span> <span class='ocrx_word' id='word_1_765' title='bbox 651 5583 674 5646; x_wconf 79' lang='grc' dir='ltr'>ὦ</span> <span class='ocrx_word' id='word_1_766' title='bbox 704 5586 878 5666; x_wconf 70' lang='lat' dir='ltr'><strong>pararentve.</strong></span> <span class='ocrx_word' id='word_1_767' title='bbox 907 5589 940 5650; x_wconf 84' lang='lat' dir='ltr'><strong>Si</strong></span> <span class='ocrx_word' id='word_1_768' title='bbox 964 5608 1039 5654; x_wconf 77' lang='lat' dir='ltr'><strong>emm</strong></span> 
     </span>
    </p>
   </div>
   <div class='ocr_carea' id='block_1_5' title="bbox 0 0 2038 6162">
    <p class='ocr_par' dir='ltr' id='par_1_7' title="bbox 0 0 2038 6162">
     <span class='ocr_line' id='line_1_61' title="bbox 0 0 2038 6162; baseline 0 2"><span class='ocrx_word' id='word_1_769' title='bbox 0 0 2038 6162; x_wconf 95' lang='lat' dir='ltr'><strong> </strong></span> 
     </span>
    </p>
   </div>
  </div>
 </body>
</html>
