4056 6156
130 191 169 262 ra
612 149 614 154 ¹
756 195 790 267 s.
812 196 969 266 sessori
989 195 1211 267 arneomai
1789 183 1832 254 re

130 331 241 391 emissa
254 331 327 404 erat,
343 339 433 408 quam
460 331 553 393 lrctua
580 332 708 410 ingenio.
734 335 883 401 Quomodo
899 352 951 393 au·
965 338 993 406 ,t
1006 338 1150 400 excutere,
1165 329 1298 390 blandis¹
1312 332 1458 389 sertorum
1473 323 1597 387 nexibus
1620 319 1769 386 irretitam
1783 339 1828 382 re·

130 425 190 479 tem
205 422 235 480 in
251 424 347 481 media
360 429 444 482 astate
457 424 570 495 vixerit,
592 427 620 482 et
635 441 708 497 quae
724 425 837 482 Satanae
850 429 952 496 pertu-
1006 422 1110 497 linqui.
1127 423 1188 489 Ouo
1211 435 1290 489 cum,
1318 419 1523 480 recedentibus
1552 417 1675 486 eunctis,
1691 414 1830 472 meretrix
1893 445 1895 450 ·

129 509 195 568 lerit
209 512 419 586 insidias,nelli
434 513 588 572 hominum
617 518 798 588 compertum
817 513 950 572 habetur.
1006 510 1288 585 speciosarenisset,
1313 509 1401 583 coepit
1424 507 1556 566 delicatis
1585 506 1730 578 stringere
1756 500 1831 560 colla

1007 601 1060 673 [Al.
1077 600 1195 673 cellum]
1211 599 1425 673 complexibus:
1455 601 1494 664 et,
1513 595 1591 669 quod
1616 593 1697 650 dictu
1714 606 1830 664 queque

419 665 551 722 INCIPIT
569 665 664 722 ἯΤΑ·
1009 689 1103 745 scelus
1118 692 1173 757 cst,
1189 686 1327 744 manibus
1354 690 1508 744 attrectare
1523 684 1577 758 [lt.
1593 679 1766 754 obtrectare]
1790 679 1831 734 vi·

166 782 193 834 2.
209 780 305 837 Decies
329 784 357 836 et
393 781 553 838 Valerianus
582 780 801 836 Christianorum
826 796 952 853 persecu·
1009 776 1091 834 rilia:
1107 781 1140 833 ut
1154 793 1273 849 corpere
1288 777 1317 832 in
1333 775 1487 832 libidinem
1511 771 1666 839 concitate,
1681 785 1715 826 ee
1728 767 1831 824 victrix

131 873 213 925 tores.
228 899 262 910 -
278 869 337 924 Sub
353 869 438 926 Decio
453 873 482 925 et
508 868 680 925 Valeriano¹
705 869 951 941 persecutoribus,
1006 865 1157 938 impudica
1170 864 1452 938 superjaceretouid
1468 866 1567 935 ageret
1581 861 1676 917 milies
1690 855 1797 913 Christi
1808 856 1829 923 ¹,

132 973 190 1030 quo
205 962 336 1030 ternpore
348 957 497 1014 Cornelius
525 959 633 1028 ltemae,
658 957 819 1030 Cyprianus
833 958 952 1014 Cartha·
1007 961 1036 1012 et
1051 971 1108 1028 quo
1121 971 1152 1011 se
1166 958 1299 1022 verteret,
1315 952 1473 1010 nesciebat.
1504 953 1595 1017 Quem
1610 951 1756 1006 tormenta
1772 961 1830 1002 non

88 1113 89 1118 η
131 1044 209 1118 gine,
226 1045 303 1101 teliei
318 1061 420 1100 cruere
447 1045 620 1116 martyrium
636 1044 829 1116 pertulerunt,
845 1043 953 1103 multas
1007 1043 1145 1109 vicerant,
1170 1042 1327 1116 superabat
1354 1041 1496 1114 voluptas.
1512 1039 1642 1097 Tandem
1657 1034 1772 1092 coelitus
1784 1034 1831 1089 in·

132 1134 208 1205 apud
225 1138 381 1206 AEgyptum
401 1138 431 1189 et
445 1132 624 1190 Thebaidem
638 1131 781 1190 Ecclesiae
796 1138 954 1207 tempestas
1008 1131 1147 1204 spiratus,
1160 1132 1310 1205 praecisam
1327 1129 1494 1187 merdicue¹
1507 1128 1640 1202 linguam
1655 1125 1685 1180 in
1696 1123 1832 1181 esculan-

130 1238 205 1278 saeva
222 1222 361 1296 populata
388 1225 441 1277 est.
471 1221 537 1276 Voti
552 1220 802 1278 tuncChristianis
817 1226 888 1290 erat,
901 1240 953 1295 pro
1008 1222 1046 1277 tis
1062 1239 1092 1278 se
1108 1222 1210 1278 taciem
1221 1221 1353 1294 exspuit;
1369 1239 1402 1278 ac
1417 1221 1459 1278 sie
1473 1219 1606 1277 libidinis
1626 1231 1748 1274 sensum
1763 1229 1830 1270 sue·

131 1311 237 1381 [Veron.
254 1311 298 1380 ee]
326 1308 432 1364 christi
456 1309 573 1365 nomine
589 1309 686 1380 gladie
716 1310 825 1382 percuti
845 1312 950 1383 [Veron.
1009 1309 1115 1366 cedens
1129 1309 1238 1366 doloris
1255 1308 1425 1381 magnitudo
1440 1307 1589 1382 superavit
1609 1305 1662 1378 [m.
1680 1300 1832 1375 occupavit

130 1398 263 1471 perpetil.
280 1401 387 1454 Verum
415 1397 507 1454 hostis
535 1397 658 1454 callidus
679 1399 764 1454 tarda
777 1399 814 1454 ad
830 1403 953 1455 mortem
1009 1402 1035 1454 et
1049 1398 1209 1471 preripuit.
1225 1403 1276 1456 lla.
1297 1400 1390 1454 Veron.
1408 1395 1550 1471 calcavitl.

132 1485 276 1558 supplicia
298 1486 474 1559 conquirens
504 1487 618 1542 animas
644 1486 780 1558 cupiebat
804 1486 953 1560 jugulare,
1045 1487 1070 1543 l.
1083 1487 1167 1542 Pauli
1180 1487 1252 1543 detes
1266 1491 1291 1543 et
1305 1487 1436 1544 cerdilio.
1450 1518 1484 1526 -
1500 1485 1555 1542 Per
1577 1483 1655 1540 idem
1675 1497 1743 1556 ergo
1757 1484 1830 1536 tem·

131 1590 190 1628 non
206 1589 336 1646 corpora.
352 1573 433 1629 etat
461 1573 534 1646 ipse,
562 1573 611 1646 qui
641 1574 677 1630 ab
699 1574 763 1646 ipso
778 1592 884 1647 passus
899 1579 953 1644 est,
1009 1592 1065 1649 pus
1080 1591 1137 1648 que
1151 1573 1223 1632 talia
1236 1575 1412 1649 gerebantur
1426 1575 1504 1646 apud
1519 1573 1685 1630 interiorem
1706 1568 1832 1626 Thebai·

131 1662 292 1734 cyprianus
305 1663 363 1718 ait:
380 1661 554 1718 Veientibus
570 1663 643 1718 mori
655 1664 677 1732 ¹,
693 1681 751 1719 non
766 1663 954 1737 permitteba-
969 1707 992 1771 B
1009 1665 1089 1732 dam,
1103 1679 1170 1721 cum
1186 1680 1284 1720 serere
1308 1665 1372 1737 iam
1399 1663 1461 1720 vire
1477 1662 1595 1728 tradita,
1625 1661 1832 1734 postmortem

131 1753 180 1805 tur
194 1749 297 1805 occidi.
313 1749 403 1820 Cujus
417 1755 451 1805 ut
464 1748 621 1806 crudelitas
636 1751 731 1807 notior
746 1751 807 1821 ilat,
822 1753 949 1808 duome·
1008 1753 1061 1825 [lt.
1078 1752 1356 1824 mortelambrorum
1368 1755 1526 1825 pareutum
1536 1751 1566 1806 in
1577 1748 1745 1806 hereditate
1755 1745 1834 1802 locu·

132 1839 232 1896 moria
243 1855 332 1895 eausa
346 1838 479 1912 exempla
492 1839 699 1911 subjicimus³.·
1007 1840 1086 1914 ploti,
1103 1841 1211 1898 Paulus
1236 1841 1354 1898 relictus
1369 1844 1414 1898 est
1440 1852 1586 1897 annorum
1600 1837 1716 1896 circiter
1727 1834 1831 1892 sexde-

167 1930 194 1984 3.
210 1927 266 1984 lieo
291 1931 425 2000 martyres
453 1929 584 2000 insipere.
628 1959 649 1971 -
670 1929 905 1986 perseverantem
922 1929 952 1984 in
1008 1928 1096 1997 eim¹,
1112 1929 1217 1986 litteris
1245 1933 1306 1986 tam
1331 1929 1438 1986 Grecis
1464 1945 1554 2001 quam
1579 1924 1757 2001 AEgyptiaeis
1783 1939 1834 1995 ap·

132 2017 190 2078 llde
205 2021 375 2090 martyrem,
388 2021 417 2073 et
432 2017 507 2074 inter
529 2016 644 2075 eculeos
658 2017 843 2089 laminasque
863 2018 955 2074 viete-
1008 2018 1102 2092 prime
1112 2019 1174 2090 [mo.
1194 2020 1252 2075 Ver.
1266 2017 1401 2090 adplene]
1411 2017 1555 2086 eruditus,
1567 2013 1712 2072 mausueti
1728 2010 1832 2077 animi,

132 2121 206 2173 rem,
224 2105 316 2177 jussit
343 2105 429 2161 melle
452 2105 587 2179 perungi,
613 2109 642 2162 et
663 2106 718 2162 sub
748 2106 954 2163 ardentissime
1008 2105 1192 2163 Deumvalde
1207 2111 1321 2163 amans}
1339 2110 1373 2162 nt
1395 2121 1464 2162 cum
1479 2103 1691 2179 persecutionis
1706 2098 1835 2175 procella

134 2194 205 2265 sele,
221 2192 351 2266 religatis
361 2193 572 2266 manibuepost
580 2199 708 2267 tergum,
726 2194 827 2268 reponi
837 2197 858 2263 ¹,
875 2193 954 2252 scili·
1008 2195 1170 2263 detonaret,
1185 2193 1216 2250 in
1228 2193 1329 2250 villam
1341 2195 1362 2231 ¹⁰
1383 2194 1570 2251 remotiorem
1600 2197 1629 2248 et
1648 2189 1832 2249 secretiorem

133 2286 224 2338 cetat
239 2298 408 2338 muscarum
423 2283 532 2339 aculeis
547 2284 671 2350 cederet,
687 2283 738 2356 qui
762 2284 870 2358 ignitas
894 2301 955 2342 ear·
1009 2283 1138 2340 secessit.
1167 2283 1274 2340 Verum
1300 2283 1371 2356 quid
1400 2286 1518 2355 pectora
1539 2281 1670 2337 humana
1685 2295 1742 2335 non
1757 2275 1835 2351 cogit

133 2372 247 2444 tagines
262 2376 329 2427 ante
343 2376 520 2443 superasset.
537 2371 633 2428 Alium
657 2371 780 2444 juvenili
797 2377 879 2428 atate
907 2373 957 2428 lle-
1011 2372 1073 2443 [ma.
1092 2373 1149 2428 Ver.
1166 2371 1255 2444 cogis]
1287 2372 1356 2428 Auri
1378 2387 1457 2427 rcere
1481 2372 1569 2442 semer
1591 2367 1707 2442 (virgil.
1728 2365 1837 2424 AEraeid.

133 2463 257 2526 rentem,
275 2460 304 2516 in
320 2460 534 2517 amarissimos
558 2460 690 2517 hortulos
702 2462 837 2534 precepit
851 2461 957 2517 abduci
1010 2459 1066 2532 ult
1080 2459 1190 2516 sororis
1201 2459 1324 2518 maritus
1340 2459 1426 2533 coepit
1452 2460 1575 2532 predere
1588 2457 1672 2525 velle,
1690 2471 1778 2529 quem
1793 2470 1837 2512 ce-

134 2548 187 2622 [lt.
204 2546 333 2618 adducit.
349 2552 374 2604 4
391 2549 489 2620 ibique
503 2547 580 2605 inter
606 2548 668 2605 lilia
691 2550 847 2606 candentia
865 2554 894 2605 et
908 2567 957 2605 ru·
1011 2547 1071 2604 lara
1087 2548 1235 2606 debuerat.
1253 2549 1315 2605 Non
1331 2547 1415 2604 illum
1432 2548 1530 2605 uxoris
1544 2547 1690 2620 lacryma,
1708 2549 1740 2601 ut
1755 2560 1837 2602 aase-

134 2637 429 2702 beutesresas,eum
458 2635 515 2692 leni
539 2637 624 2708 juxta
649 2653 958 2710 murmureaquarum
1011 2635 1092 2703 let¹¹,
1122 2653 1180 2693 nen
1210 2637 1379 2696 communie
1407 2636 1573 2710 sauguinis,
1603 2651 1661 2692 nen
1701 2636 1838 2706 spectans

134 2724 363 2796 serperctrivus,
381 2723 499 2781 etmolli
521 2724 958 2783 sibiloarborumtoliaventus
1011 2731 1117 2782 cuncta
1144 2743 1178 2781 ex
1202 2725 1261 2781 alte
1290 2729 1376 2791 Deus,
1402 2725 1439 2782 ab
1462 2723 1572 2782 scelere
1600 2721 1744 2780 revocavit
1771 2721 1835 2792 [ers.

135 2810 351 2884 praestringeret
375 2810 428 2885 [lt.
454 2812 632 2886 stringeret],
654 2829 741 2885 super
756 2815 958 2870 exstructum¹
1013 2815 1072 2870 Ver.
1090 2815 1317 2886 revocaveruntl.
1348 2813 1454 2870 Aderat
1472 2815 1504 2880 ¹¹,
1536 2813 1677 2880 instabat,
1712 2808 1837 2867 crudeli-

135 2900 245 2978 plumis
271 2901 380 2958 lectum
408 2901 583 2974 resupinari,
614 2907 643 2958 et
666 2919 702 2959 ne
724 2919 755 2960 se
778 2902 846 2960 inde
861 2908 959 2976 posset
1010 2907 1070 2960 tate
1085 2903 1169 2976 quasi
1185 2901 1292 2975 pietate
1313 2902 1460 2958 utebatur.

170 3045 177 3077 ¹
195 3041 313 3098 Titulus
327 3043 431 3098 Veron.
449 3059 504 3098 ms.
521 3047 620 3099 nostre
642 3045 733 3101 abest.
750 3045 824 3100 Tum
841 3044 955 3115 vitiose,
1012 3045 1157 3116 superabat
1172 3044 1344 3100 'abominata
1357 3044 1491 3115 octuplos.
1517 3040 1562 3097 sl.
1589 3048 1729 3113 superaret
1742 3040 1837 3112 celep-

135 3115 169 3170 nt
189 3112 490 3180 nullusdubite,due
512 3115 956 3187 peuesMartian.codiees,selr
1011 3115 1207 3188 pteasethoc
1228 3115 1344 3170 rectius.
1375 3113 1547 3171 Rectissime
1571 3118 1668 3168 autem
1697 3110 1836 3168 mexdue

137 3185 305 3242 Diocletiane
319 3189 345 3241 et
358 3186 515 3247 inerrare,-
532 3202 583 3241 nec
595 3187 681 3242 reteri
704 3187 782 3259 qued
798 3188 958 3244 subnexam
1013 3187 1101 3243 verba
1114 3187 1222 3243 coetites
1233 3188 1384 3256 inspiretur
1400 3202 1454 3242 ms.
1472 3184 1632 3241 Veronens.
1647 3187 1734 3240 tacet.

136 3255 333 3312 adolescentis
361 3273 379 3311 a
406 3257 555 3312 meretrice
584 3258 686 3314 tentati
721 3257 874 3314 historiam
903 3257 977 3316 sub*
1049 3257 1213 3330 ¹lmpressi
1237 3272 1340 3326 merra,
1358 3261 1409 3312 aut
1429 3255 1573 3312 morsibus.
1590 3255 1646 3312 Sed
1661 3270 1751 3380 quam
1766 3269 1838 3325 pra·

136 3324 314 3383 Diocletiane
338 3327 626 3384 minimeaceuratus
656 3333 757 3384 auctor
780 3328 960 3401 Nicephorus
1013 3327 1137 3384 tulimus
1153 3327 1337 3396 Veronensis,
1367 3327 1550 3399 aliorumque
1577 3342 1648 3381 mss.
1681 3325 1836 3389 actionem,

136 3403 235 3454 narret
248 3397 299 3453 lib.
320 3415 374 3479 ¹vir.
391 3398 455 3454 Mox
467 3399 524 3455 due
539 3401 626 3455 verba
639 3401 716 3471 felici
729 3415 825 3456 cruere
840 3400 869 3455 iu
886 3402 958 3456 duo·
1013 3399 1119 3526 grobat
1146 3398 1252 3454 similis
1281 3398 1451 3471 Hieronymi
1480 3397 1562 3454 locus
1591 3397 1676 3477 epist.
1705 3397 1751 3464 88,
1777 3395 1838 3450 sive

136 3470 220 3525 buse
236 3473 343 3526 nostris
361 3485 431 3524 mes.
448 3469 661 3526 desiderantur.
674 3471 777 3526 Veron.
789 3470 869 3543 aliiq.
882 3472 960 3543 felici

136 3557 232 3596 oreore
247 3540 455 3596 demeritismrt.
566 3568 571 3577 ·
1014 3557 1224 3597 moriennam
1250 3541 1350 3596 utavit.
1367 3563 1381 3590 a

172 3611 276 3667 —Sed
300 3613 390 3666 Decio.
419 3612 488 3668 Mes.
505 3611 619 3667 cedices
634 3617 723 3667 Aren.
743 3617 771 3668 et
785 3611 893 3678 Telos,
908 3614 959 3668 seh
1049 3612 1196 3682 ¹ltapest
1225 3557 1426 3668 Klartianaeum
1458 3627 1529 3667 mss.
1559 3625 1671 3676 omncs,
1699 3606 1838 3690 equibus

136 3684 302 3739 Diocletiano
317 3687 342 3737 et
373 3683 524 3738 Valeriano.
551 3683 632 3747 Quod
663 3688 815 3756 propterea
836 3690 957 3740 anneta·
1013 3683 1154 3740 vetustior
1175 3700 1263 3749 unus,
1286 3683 1343 3808 qui
1373 3698 1462 3754 penes
1487 3698 1532 3737 me
1556 3685 1610 3748 est,
1631 3675 1837 3750 superrerrsui

136 3771 215 3816 mus,
231 3755 299 3824 quia
327 3751 482 3810 historiam
506 3753 623 3825 juvenis
640 3770 706 3809 mex
725 3755 886 3826 subjectare
903 3757 957 3812 sub
1013 3761 1095 3825 parte
1109 3759 1272 3810 truncatus.
1312 3754 1433 3810 icterias
1447 3769 1525 3818 vero,
1541 3755 1607 3824 pest
1632 3751 1744 3808 Ereem.
1758 3751 1838 3821 quim·

136 3824 316 3880 Diocletieno
332 3829 443 3894 gestam
455 3825 543 3880 refert
554 3825 745 3896 Nicephorus,
761 3824 812 3881 lib.
828 3843 868 3882 vu
883 3827 957 3883 Hist.
1012 3825 1099 3881 decim
1119 3829 1234 3881 tantum
1249 3829 1413 3882 enumerat.
1429 3824 1486 3879 Nec
1512 3827 1610 3879 tamen
1635 3821 1688 3877 abs
1706 3837 1740 3877 re
1755 3821 1839 3901 uetat

136 3896 180 3951 ts.
327 3897 468 3952 ltlaarrsa.
1013 3895 1171 3952 Bellandus
1187 3913 1244 3952 nen
1260 3895 1317 3952 dici
1333 3896 1385 3951 abs
1401 3895 1585 3967 Hieronymo.
1607 3891 1731 3949 Paulum
1747 3889 1837 3948 simul

170 3965 399 4038 ²S.Gyprianus‚
428 3966 504 4038 epist
531 3967 576 4032 53,
593 3967 714 4021 moriem
733 3982 796 4022 cum
823 3970 958 4039 cupienti-
1013 3967 1229 4038 separantibus
1256 3967 1436 4023 orbatusest
1464 3965 1639 4092 ριόῑυὲῇερθ,
1668 3964 1838 4044 sedpestea

137 4038 185 4092 baie
198 4038 279 4104 mori,
294 4053 350 4093 eon
364 4039 593 4108 permitterentur
606 4037 744 4108 (legeum
760 4037 837 4093 Hier.
854 4039 958 4111 singu·
1013 4055 1080 4094 cum
1097 4043 1175 4093 mota
1189 4043 1234 4094 est
1248 4036 1411 4110 persecutio
1437 4041 1504 4110 pest
1528 4036 1548 4092 P
1571 4035 1729 4107 ilrpperum
1745 4049 1837 4106 impe·

135 4107 190 4163 lari
206 4124 328 4164 numero
337 4109 552 4180 pemnitteretar)
568 4108 664 4164 occidi.
678 4109 796 4176 Seneca,
817 4109 955 4166 Thebaid:
1014 4113 1143 4164 ratorum
1158 4110 1276 4165 cedem.

139 4203 148 4231 o
167 4179 303 4235 Occidere
318 4185 372 4244 est,
389 4185 486 4235 vetare
502 4181 668 4250 cupientem
683 4180 768 4236 mori.
788 4201 801 4229 »
1017 4239 1018 4242 Ἴ
1049 4180 1071 4214 ¹⁰
1086 4180 1210 4246 Quidam
1226 4197 1310 4246 mss,
1334 4181 1366 4236 lra
1393 4179 1460 4234 ville
1483 4179 1627 4234 remotiore
1638 4176 1769 4232 secretim
1783 4174 1836 4230 tre·

170 4251 289 4306 ¹Antea
315 4256 376 4307 erat
400 4251 573 4323 arrhjecimua,
613 4251 845 4332 repugnantibus
883 4267 956 4306 mss.
1013 4251 1128 4318 titahot,
1144 4252 1274 4307 secretior
1289 4249 1426 4318 emoebet,
1453 4249 1502 4305 alii
1517 4247 1837 4372 remetiersecretierqm

135 4322 433 4392 duorumopeetiam
463 4324 490 4377 in
518 4329 653 4392 sequenti
680 4337 776 4387 versu,
793 4337 859 4376 cum
881 4325 959 4377 esset
1010 4324 1074 4404 [uit.
1100 4322 1210 4378 Meliori
1240 4339 1329 4378 sensu
1352 4325 1469 4377 cautam
1498 4319 1692 4375 recessionem
1721 4317 1788 4374 exhi
1809 4320 1837 4372 et

135 4395 353 4448 Perseverontcm
370 4394 454 4462 ipitur
469 4395 497 4448 ie
513 4392 575 4462 fide,
589 4395 656 4458 ete,
672 4406 770 4446 vocem
786 4393 882 4461 ipitur,
898 4409 957 4463 qua
1012 4408 1157 4465 impressa
1170 4393 1265 4461 lectio,
1282 4409 1341 4465 qua
1357 4409 1388 4448 se
1403 4391 1511 4448 Paulus
1525 4389 1717 4455 subtraxisse,
1733 4404 1767 4444 ac
1784 4389 1837 4444 De·

137 4464 400 4530 sensusturbatur,
424 4462 628 4533 expunximus.
658 4460 769 4517 Horum
795 4450 1090 4535 martyrumtlmine
1119 4481 1282 4520 reservasse
1310 4463 1334 4518 si
1358 4463 1503 4530 uideatur,
1533 4467 1565 4517 ut
1589 4475 1657 4518 cum
1693 4458 1838 4532 Cypriane

137 4533 166 4588 in
182 4530 387 4605 Martyrelegio
399 4533 434 4587 ad
448 4533 483 4586 28
496 4533 575 4588 Junii
592 4532 765 4588 estmentie.
1012 4533 1127 4606 loquar.
1147 4535 1219 4590 Vide
1243 4479 1413 4592 tertulliani
1435 4533 1543 4590 librum
1558 4531 1591 4588 de
1613 4533 1686 4602 Fuge
1703 4532 1732 4586 iri
1746 4545 1839 4603 perse·

171 4602 353 4659 ¹ltdaluimus
369 4603 489 4658 rectiora
504 4618 594 4658 sensu
612 4607 816 4669 caveroneus,
833 4601 958 4676 aliisque
1011 4608 1131 4662 cutione.
1317 4645 1321 4654 .

137 4674 252 4746 optima
268 4679 341 4729 notae
358 4673 440 4729 libris
469 4675 588 4746 refigere
616 4672 819 4741 herclecum,
835 4676 957 4746 retipotia
1047 4678 1122 4732 -lo
1137 4677 1242 4732 vitlem
1261 4676 1292 4732 ln
1311 4675 1376 4732 aliis
1391 4674 1475 4732 libris
1490 4689 1562 4730 mss.
1578 4675 1609 4730 le
1624 4672 1692 4728 eilia
1706 4671 1839 4728 seoretius

134 4751 316 4830 pericarpum
330 4747 458 4800 monitus
487 4747 582 4826 repersi
608 4761 659 4817 pro
688 4746 780 4815 lipetis
808 4750 837 4800 et
852 4749 956 4820 resept-
1012 4747 1165 4815 lectitabat,
1181 4745 1235 4814 vol,
1261 4749 1292 4803 le
1306 4749 1374 4804 vitto
1404 4747 1532 4803 remetior
1562 4745 1742 4815 secretiorem
1767 4741 1835 4816 [eit.

136 4815 706 4961 napalitt&Offiggrnichutbnmaylr'llrorhhaiffic.,
722 4886 773 4942 sed
789 4886 893 4943 deiude
909 4903 955 4943 ve·
1046 4889 1066 4923 ¹¹
1082 4887 1143 4943 Due
1159 4888 1256 4953 verba,
1272 4897 1301 4944 et
1326 4889 1436 4954 casote,
1453 4904 1469 4943 a
1495 4885 1609 4942 cunctis
1622 4815 1835 4966 hhhlehhig'mae.

135 4961 213 5013 teres
228 4959 353 5016 editores
369 4961 493 5026 limem„
515 4958 669 5030 Roswcyd.
686 4961 714 5012 et
728 4957 875 5015 Victorius
901 4958 957 5014 im·
1010 4958 1134 5031 aliisque
1149 4958 1232 5014 libris
1248 4958 1398 5024 absentet
1413 4975 1507 5031 expun
1532 4958 1538 4969 '
1555 4955 1665 5012 malim.
1690 4955 1757 5010 Mox
1770 4969 1837 5026 qur·

136 5033 253 5083 mulnet
267 5047 301 5083 cx
329 5033 495 5102 conjectura
523 5031 608 5086 serico
635 5045 686 5101 pro
708 5032 854 5086 sertorem.
880 5030 955 5086 Tum
1011 5031 1091 5098 darn,
1114 5030 1150 5086 ed
1165 5029 1224 5088 laec
1239 5031 1380 5086 instabat:
1402 5046 1491 5103 quarn
1518 5028 1660 5084 sotionem
1676 5026 1776 5106 etiam.
1791 5041 1837 5082 ve·

136 5100 508 5172 aelectulemetaupioori.
1010 5106 1086 5157 teres
1121 5101 1189 5156 editi
1235 5101 1380 5174 recipiunt
1424 5101 1642 5171 imerutentque
1686 5096 1835 5169 amplius:

169 5170 308 5225 ὅΒὶαηάἰε
323 5173 464 5236 sertorem.
497 5171 569 5226 ltditi
599 5169 709 5244 legunt,
735 5171 844 5226 dloedr's
871 5173 956 5228 serico
1010 5170 1175 5239 (trudelites,
1197 5189 1256 5243 pere
1282 5174 1416 5243 pietatem
1444 5171 1587 5228 videbatur
1622 5169 1739 5224 imiimi.
1780 5165 1837 5248 Sed

134 5242 269 5303 nereidem
297 5257 399 5297 ornnes
426 5246 522 5296 autem
553 5259 624 5296 mss.
656 5248 687 5297 et
713 5259 767 5298 nos
796 5241 956 5310 edidimus,
1011 5243 1360 5316 praeferendaimpressa,
1390 5259 1479 5315 quam
1500 5245 1616 5297 constat
1636 5238 1836 5295 eleerchb.

135 5311 394 5368 ttondisoeriorom
419 5314 543 5366 recitata.
571 5315 637 5377 Ouae
666 5312 749 5369 lectio
777 5331 834 5368 nen
855 5313 956 5369 debuit
1012 5331 1133 5386 111,cap.
1163 5315 1190 5375 5,
1220 5313 1255 5368 de
1284 5313 1451 5370 Mithridate
1481 5313 1690 5384 Hieronymum
1719 5309 1838 5393 elegen·
1887 5352 1892 5364 .

133 5381 284 5439 immutari
309 5399 343 5439 ex
367 5383 429 5440 ecla
444 5380 556 5438 Erasini
581 5383 755 5452 conjectura.
812 5385 954 5440 Mourisa.
1010 5385 1124 5441 tissime
1155 5387 1377 5440 mutuatum:«
1408 5385 1524 5451 Aderat,
1553 5382 1837 5452 instabat3saev1t1a‚

168 5455 263 5509 ¹Tres
279 5455 394 5526 Regiae
424 5469 496 5508 mss.
527 5452 593 5524 quid
615 5460 706 5522 operet
732 5455 811 5510 mites
831 5455 956 5512 Christi?
1009 5456 1094 5529 quasi
1110 5454 1227 5521 virtute,
1245 5456 1391 5512 utebatur.
1411 5478 1425 5506 »

134 5540 185 5596 qao
199 5529 394 5598 reconferre?
421 5540 510 5596 quem,
541 5528 594 5579 etc.
625 5523 753 5580 Rectius.
783 5525 848 5582 Mox
876 5544 937 5584 unu
1046 5528 1068 5561 ¹¹
1082 5527 1191 5592 Adorei,
1208 5527 1338 5584 instator.
1369 5525 1469 5583 Plures
1495 5519 1836 5597 oodioosloguntsaae

1037 3471 1090 3525 heo
1113 3469 1164 3526 hili
1179 3469 1333 3544 synodica,
1358 3486 1413 3526 n.1
1433 3487 1439 3526 :
1469 3491 1483 3520 ι(
1499 3469 1580 3525 Unus
1600 3467 1707 3540 lingua
1722 3471 1837 3540 partem
1920 3519 1923 3526 .
