4066 6162
131 303 195 375 m
728 297 883 370 acures
899 285 1090 370 'nurmali
1105 301 1187 368 'iic
1209 305 1264 368 iii.
1776 291 1838 374 rec

142 438 401 500 dut.›liiois'anim
416 436 565 496 in‘ecdcm
581 439 702 512 Prclcgo
727 442 756 495 ta
780 433 815 495 ea‘
837 451 901 510 que
923 432 1002 504 abt,
1053 437 1095 494 tc.
1112 439 1178 495 line
1192 428 1579 510 apsistereabsistere
1590 439 1701 498 reddita
1721 424 1836 500 ct'llts·

145 525 283 588 hereticis
292 527 394 584 addita
406 527 533 596 inerant,
549 524 729 603 amputasse,
745 533 775 584 et
788 523 840 599 pro
855 527 902 584 his
918 541 960 583 re·
1015 541 1139 598 ronpmo.
1160 557 1194 570 -·
1213 527 1323 584 Scribis
1348 543 1465 599 quoque
1490 543 1537 584 me
1559 527 1663 586 litteris
1689 529 1837 608 indicasse

144 615 267 694 possiam
294 617 382 674 bona.
406 613 663 674 Si'bereticcrnm
692 615 771 672 mala
799 611 959 684 abstulisti,
1015 612 1093 688 quod
1109 631 1185 688 papa
1209 611 1391 689 Theophilus
1418 615 1628 688 expositionem
1658 618 1724 674 fidei
1744 635 1838 693 nuper

141 711 285 782 iugoque
312 705 454 763 dimisisti
485 704 529 762 iel
559 704 710 773 addidisti,
744 709 793 762 aut
825 703 960 778 Origenia
1015 704 1148 773 ediderit,
1165 719 1230 776 qum
1246 696 1651 778 advcsnecdumperveuit:
1667 709 1695 762 et
1712 707 1836 784 pollice·

143 795 234 862 sroat.
247 797 373 861 auttua,
398 809 464 868 quic
486 794 697 867 utiquequasi
721 789 800 849 bona
824 786 959 866 posuisti.
1015 793 1056 849 ris
1071 795 1148 865 quod
1165 793 1308 866 quidquid
1325 793 1373 850 ille
1387 793 1548 866 scripserit,
1563 797 1595 850 ιιι
1616 795 1759 871 sequaris.
1778 795 1836 870 llgc

144 881 401 942 dedmnltainbia
425 882 505 940 mals
525 899 632 956 negare
655 898 714 939 ricn
738 882 858 954 poteris.
874 882 960 953 Quid,
1015 881 1295 955 mehcoscripsisse
1323 882 1472 950 nonncvi,
1501 899 1555 939 nec
1566 882 1756 963 instiusmodi
1784 901 1839 941 un·

143 971 262 1046 inquies,
277 973 314 1028 sd
331 971 403 1028 met
417 971 536 1045 (trigeni
547 973 677 1044 imputa:
689 985 743 1044 ego
758 969 836 1028 euim
851 983 885 1027 ea
895 975 960 1026 ten·
1015 985 1104 1043 quam
1120 969 1232 1027 litteras
1255 961 1405 1027 direxisse.
1421 971 1475 1026 scd
1492 975 1523 1026 tu
1539 971 1647 1028 idcirco
1670 971 1706 1048 ad
1726 973 1838 1046 incerte

149 1065 201 1118 tom
213 1077 278 1134 qiis
305 1061 345 1117 ab*
358 1059 614 1118 baremaddita
628 1059 959 1128 inerant-commutavi.
1014 1059 1173 1123 consentis,
1189 1063 1218 1115 et
1232 1059 1279 1115 his
1294 1075 1357 1131 que
1373 1058 1470 1132 qualia
1497 1061 1597 1115 sutura
1610 1060 1670 1118 sint
1684 1061 1790 1133 nescis,
1807 1066 1839 1118 ut

142 1151 249 1223 &pone
261 1164 384 1217 musas,
396 1164 486 1222 quare
500 1148 704 1206 hereticorum
718 1148 798 1205 mala
811 1147 924 1217 tuleris,
933 1151 962 1204 et
1014 1153 1094 1204 certa
1108 1147 1322 1216 declines,etad
1339 1164 1439 1204 eorum
1454 1165 1513 1204 non
1526 1149 1652 1204 tenearis
1670 1165 1836 1208 assensum.

141 1237 265 1311 origenis
284 1237 401 1310 integra
416 1235 631 1310 dereliqueris?
654 1236 756 1294 Nonne
771 1237 960 1311 perspicuum
1014 1240 1103 1308 Duas,
1129 1237 1298 1310 synodicam
1325 1239 1354 1293 et
1376 1236 1544 1309 paschalem
1561 1239 1581 1305 ¹,
1610 1238 1674 1309 ejus
1698 1237 1837 1310 epistolas

124 1327 280 1400 ‘ast,quod
297 1325 377 1384 mala
391 1325 526 1400 origenis
540 1331 574 1384 eii
589 1331 672 1400 parte
687 1326 742 1382 sub
757 1327 960 1383 hereticorum
1015 1329 1115 1382 contra
1130 1325 1284 1399 origenem
1298 1323 1437 1398 illiusque
1453 1325 1623 1404 discipulos,
1648 1331 1677 1382 et
1696 1326 1769 1383 alias
1784 1327 1835 1383 ad-

135 1415 356 1490 benepatiens
371 1415 567 1485 damnaveris,
583 1411 665 1472 at'eii
678 1419 761 1488 parte
785 1415 960 1488 susceperis,
1014 1427 1131 1471 versum
1147 1413 1362 1487 Apollinarium
1382 1419 1411 1470 et
1432 1417 1568 1471 eumdem
1593 1415 1758 1488 origenem,
1783 1429 1836 1490 per

139 1506 201 1578 quis
211 1521 279 1562 noas
295 1504 385 1572 mala,
400 1505 451 1561 sed
466 1503 598 1573 honest
610 1508 669 1560 tute
683 1519 748 1560 esse
767 1501 834 1560 tidei
845 1503 961 1575 judica·
1013 1503 1069 1560 hoc
1085 1504 1175 1560 terme
1189 1503 1343 1560 biennium
1358 1504 1563 1576 interpretatus
1575 1517 1660 1573 sum3
1686 1505 1756 1561 etin
1771 1502 1837 1561 adi-

134 1593 295 1650 uertisse
324 1595 396 1650 sunt
419 1592 455 1650 de
476 1590 586 1666 quibus
606 1589 735 1666 quesivi,
759 1597 861 1649 utrum
884 1593 962 1650 boue
1015 1591 1180 1649 linationem
1196 1591 1490 1665 Ecclesie,legeudas
1506 1591 1729 1666 nostraelingue
1744 1591 1836 1650 homi-

134 1687 235 1752 esssut,
253 1698 297 1738 sii
311 1681 401 1746 mala,
416 1697 480 1754 que
495 1681 526 1737 iu
546 1681 718 1738 Prelaticne
739 1680 879 1749 laudasti,
895 1693 960 1754 que
1014 1680 1103 1738 nibus
1116 1681 1192 1738 dedi.
1209 1681 1297 1737 Aliud
1313 1697 1434 1754 operum
1450 1682 1515 1752 ejus
1530 1682 1627 1738 nescio
1644 1697 1691 1738 me
1705 1687 1836 1740 transtu·

133 1771 291 1845 amputatis
306 1770 456 1843 pessimis,
471 1769 556 1842 qussi
570 1771 685 1843 optima
698 1767 876 1827 remansisse
891 1785 999 1870 con-B
1014 1769 1094 1826 lissa.
1112 1771 1147 1825 tlt
1161 1775 1260 1826 temen
1273 1775 1305 1826 tu
1329 1769 1379 1842 qui
1396 1757 1487 1843 papa*
1503 1757 1658 1843 Theophili
1672 1771 1747 1828 dicis
1759 1775 1790 1850 te
1805 1767 1836 1830 iii

133 1859 223 1918 baius
237 1876 285 1927 ss,
313 1864 344 1916 οι
363 1863 395 1915 ts
416 1858 447 1915 iii
461 1857 536 1914 iier'e
553 1855 816 1931 argumentationis
832 1858 959 1931 appendi
1013 1860 1152 1916 omnibus
1167 1859 1343 1916 sententiam
1359 1858 1454 1931 sequi,
1470 1875 1584 1917 caveus
1599 1860 1653 1916 hcc
1669 1860 1838 1934 magistriet

129 1949 264 2021 equulco,
282 1951 316 2004 ιιι
329 1948 445 2005 athone
458 1947 576 2016 dixeris,
592 1947 745 2006 hereticus
760 1947 959 2020 comproberis
1013 1947 1209 2020 condiscipuli
1224 1947 1266 2004 tui
1282 1947 1836 2022 audisnt‚etctiandaaquamplurimos,

134 2039 185 2104 tit.
198 2036 491 2110 componendarum
507 2035 531 2092 si
548 2036 636 2104 mala,
652 2037 754 2094 atatim
769 2037 874 2094 audias
886 2051 892 2094 :
902 2038 960 2094 Cur
1014 2036 1064 2109 qui
1080 2053 1127 2093 me
1141 2036 1297 2106 latronem,
1313 2041 1342 2092 te
1356 2041 1516 2109 martyrem
1530 2041 1683 2104 accentus
1694 2038 1839 2096 irascatur

133 2132 203 2199 crgo
221 2142 289 2199 qnia
311 2125 390 2182 mala
418 2125 499 2194 sunt,
524 2125 555 2182 in
570 2125 741 2183 Praeiaticue
755 2124 907 2182 laudasti?
924 2121 960 2182 ut
1012 2125 1039 2181 is
1053 2124 1107 2181 tibi
1122 2125 1172 2197 qui
1188 2129 1290 2181 contre
1302 2140 1407 2198 papam
1433 2125 1655 2197 llpipbanium¹
1683 2128 1720 2183 ad
1735 2132 1764 2183 te
1779 2127 1837 2200 epi·

134 2231 190 2271 nou
204 2214 281 2272 illud
303 2213 435 2286 adjunxi,
460 2213 538 2288 quod
564 2217 596 2270 tu
614 2214 720 2275 callide
744 2213 884 2271 simulas:
902 2216 960 2272 Gur
1013 2214 1104 2271 stolas
1119 2214 1259 2287 dirigens,
1275 2211 1448 2270 hortabatur
1472 2219 1504 2269 ut
1522 2229 1708 2286 permaneres
1723 2215 1752 2270 in
1768 2216 1837 2271 fidei

129 2309 191 2376 que
204 2302 396 2370 malcerent,
419 2303 457 2360 ad
481 2302 653 2359 Latinorum
678 2301 812 2360 notitiam
827 2307 958 2360 transtu·
1012 2303 1145 2371 vanitate,
1161 2307 1190 2359 et
1213 2318 1272 2358 non
1297 2305 1427 2358 mutares
1449 2301 1629 2358 ulloterrcre
1648 2303 1835 2360 sententiam.

128 2391 208 2448 listi?
220 2391 306 2449 lilala
320 2391 400 2448 enim
415 2389 570 2448 ostendere
585 2390 732 2448 interdum
753 2407 811 2447 non
827 2390 959 2448 docentis
1013 2393 1081 2458 One
1096 2391 1219 2465 epistola
1233 2390 1430 2464 holograpbe³
1444 2395 1560 2447 tenetur
1583 2393 1619 2447 ab
1634 2391 1691 2461 his,
1706 2391 1742 2448 ad
1761 2408 1835 2466 quos

127 2483 180 2548 est,
196 2481 252 2538 sed
281 2479 410 2536 vetantis
426 2479 480 2552 [Αι.
502 2479 656 2552 vitantis]:
681 2485 716 2536 ut
735 2484 836 2537 caveat
858 2479 958 2553 lector,
1013 2478 1124 2551 perlata
1138 2482 1191 2535 est.
1206 2479 1241 2533 ut
1255 2482 1321 2550 post
1344 2478 1405 2534 baec
1424 2484 1578 2535 mors‘tuo
1603 2478 1741 2552 loqueris.
1767 2501 1783 2530 n
1799 2478 1836 2536 Ut

127 2575 182 2626 iica
198 2573 232 2626 ist
246 2572 399 2642 sequatur
409 2583 540 2638 errores3
559 2573 591 2624 ut
603 2573 673 2625 nota
693 2572 870 2637 contemnat,
894 2584 957 2642 que
1013 2569 1049 2623 de
1060 2583 1118 2639 quo
1134 2583 1224 2640 supra
1238 2567 1364 2636 dixeras,
1378 2582 1431 2639 ego
1445 2566 1500 2623 tibi
1514 2567 1602 2624 etiam
1628 2568 1735 2624 furenti
1748 2567 1836 2626 satis—

129 2673 349 2731 uonusisqissm
364 2657 467 2731 ignota
479 2656 623 2714 miraculo
637 2653 716 2714 sui'it.
737 2658 773 2713 ut
786 2659 878 2714 andes
892 2661 960 2732 post
1012 2656 1137 2714 taciem:
1154 2673 1233 2712 nuuc
1256 2654 1341 2724 dicia,
1365 2655 1439 2719 Ouid
1467 2656 1521 2712 tibi
1544 2656 1681 2714 videtur?
1706 2657 1836 2715 habesue

126 2747 186 2806 baro
208 2747 326 2814 diosas,
349 2747 426 2818 quod
451 2761 504 2818 ego
528 2750 630 2804 auctor
653 2745 756 2802 talium
781 2745 958 2820 scriptorum
1013 2745 1092 2802 ultra
1107 2744 1229 2816 aliquid,
1247 2761 1305 2816 quo
1330 2761 1434 2802 nervos
1455 2751 1513 2801 tuae
1536 2745 1722 2818 loquacitatis
1738 2748 1835 2824 inten-

126 2835 181 2893 siiu
196 2853 204 2892 ι
219 2841 255 2893 ιιι
273 2839 380 2892 eutem
392 2837 426 2890 ιιι
437 2834 593 2908 interpres,
619 2835 650 2890 in
670 2835 779 2908 quibua
804 2836 959 2894 emendare
1013 2834 1091 2892 das‘l
1106 2855 1120 2884 ιι
1137 2834 1171 2890 llt
1194 2833 1358 2906 indignaris
1386 2834 1410 2889 si
1434 2834 1534 2906 putide
1554 2834 1677 2906 telequi
1693 2835 1769 2892 Md
1788 2853 1835 2892 ar·

124 2925 237 2998 aliquid
263 2921 411 2996 potueris,
434 2921 502 2995 plus
524 2923 619 2996 egeris
641 2939 731 2996 quam
753 2922 907 2997 interpres,
926 2925 959 2980 in
1013 2939 1112 2998 guam,
1129 2939 1196 2978 cuni
1212 2922 1421 2978 comediarum
1435 2923 1600 2995 turpidines
1625 2928 1654 2979 et
1667 2929 1833 2982 scortorum

127 3013 238 3085 quihus
253 3029 318 3070 uon
334 3011 477 3085 potueris,
490 3011 586 3069 solum
601 3011 745 3085 interpres
760 3013 859 3069 lucris.
873 3013 959 3070 liceto
1014 3017 1237 3084 amatorumque
1251 3010 1365 3067 ludicra
1378 3011 1595 3068 ecclesiasticus
1610 3012 1735 3085 scriptor
1749 3029 1832 3072 essu·

125 3103 182 3160 ista
195 3104 328 3170 dicares,
345 3102 372 3158 si
395 3099 462 3158 libri
476 3100 519 3157 tui
534 3101 597 3176 περὶ
621 3103 728 3176 ‘Appias
752 3101 959 3158 Preictiuncu·
1013 3101 1102 3158 masi
1828 3124 1832 3132 ·

127 3189 190 3250 lam
203 3209 268 3250 non
284 3189 523 3256 baberenttlucd
538 3193 567 3246 et
592 3189 720 3247 Hilarius
736 3189 765 3246 in
780 3190 956 3247 transteren-
973 3168 994 3236 (ἶ
1050 3191 1093 3246 17.
1110 3191 1146 3246 ue
1159 3190 1245 3246 racto
1264 3190 1395 3262 episcopo.
1413 3221 1446 3231 —
1461 3193 1550 3246 Porro
1566 3191 1643 3263 quod
1660 3191 1834 3266 interrogas,

123 3278 172 3336 dis
186 3281 258 3352 ejus
271 3278 410 3336 Bomiliis
425 3279 503 3346 lecit,
519 3283 553 3336 ut
566 3283 595 3336 et
608 3279 685 3336 bona
698 3283 727 3336 et
744 3278 823 3336 mals
837 3295 895 3335 non
912 3279 957 3336 in·
1011 3279 1129 3352 quando
1143 3293 1223 3351 papus
1239 3276 1392 3350 Theophili
1407 3278 1584 3334 sententiam
1598 3280 1681 3351 sequi
1698 3280 1835 3352 coeperim

124 3370 261 3442 tenuisti,
277 3369 328 3426 sed
343 3384 397 3426 suo
411 3367 629 3440 imputarentur
650 3368 773 3425 auctori.
793 3367 823 3425 Si
839 3384 896 3425 non
913 3369 958 3425 ci·
1011 3369 1097 3440 eique
1112 3365 1394 3424 fideicommunione
1409 3366 1538 3424 sociatus
1561 3367 1630 3436 sim,
1655 3374 1684 3424 et
1704 3368 1768 3442 ipse
1782 3368 1835 3426 tibi

123 3455 237 3523 siesse,
253 3459 423 3528 amputasse
437 3461 468 3512 te
481 3455 620 3530 pessima,
634 3461 664 3513 at
678 3457 789 3530 optima
804 3456 959 3529 reliquisse
1012 3457 1182 3531 respondes,
1199 3478 1214 3506 c
1229 3460 1310 3513 Tunc
1329 3457 1426 3524 oredo,
1451 3457 1568 3528 quando
1589 3456 1733 3512 Paulum⁸
1746 3467 1837 3530 quatu

125 3543 410 3614 utcunqusdolulo
427 3545 575 3602 crederes.
591 3543 651 3602 ilco
665 3549 710 3601 est
734 3545 811 3617 quod
834 3546 960 3602 destruit
1012 3546 1062 3602 ille
1077 3545 1276 3613 damnaverat,
1301 3560 1418 3601 summo
1440 3545 1498 3602 nisi
1522 3550 1551 3600 at
1568 3545 1706 3601 omnibus
1728 3545 1835 3604 studiis

131 3629 281 3704 strophas
295 3629 423 3704 ingenioli
436 3633 491 3700 tui,
507 3636 537 3689 et
557 3637 586 3690 te
608 3633 676 3690 bino
693 3633 768 3691 Mb
789 3634 858 3690 inde
874 3649 957 3692 cons·
1013 3633 1190 3690 defendebas
1207 3651 1214 3688 :
1231 3633 1347 3705 quaudo
1362 3649 1429 3688 curn
1445 3649 1496 3705 per
1519 3632 1671 3704 imperiale
1691 3633 1835 3706 scriptum

130 3719 261 3778 ιτιιιιιιιιι
277 3719 463 3778 eisdemnon
478 3720 559 3780 sinit.
575 3720 633 3779 Nec
656 3721 688 3778 in
701 3725 818 3779 tantum
838 3723 960 3780 abutare
1014 3721 1141 3794 recipere
1156 3717 1444 3792 sacerdotium,qncd
1458 3721 1617 3794 episcopali
1629 3721 1743 3792 judicio
1758 3722 1834 3794 ami-

127 3807 328 3882 simpdititsta
341 3807 457 3868 lectoris
469 3827 478 3867 τ
492 3815 522 3867 et
535 3809 578 3867 alc
601 3826 704 3867 omnes
720 3810 771 3883 qui
794 3814 876 3867 tuam
892 3811 962 3868 scri·
1015 3816 1104 3879 serat,
1119 3809 1291 3882 instigabas.
1307 3830 1321 3857 ιι
1338 3809 1400 3864 Nou
1414 3807 1496 3880 prius
1511 3825 1564 3882 pro
1580 3825 1626 3866 me
1641 3811 1835 3884 respondebo,

122 3903 252 3974 pturam
268 3895 375 3955 lecturi
389 3903 469 3966 sunt,
485 3899 587 3956 brutos
602 3903 698 3973 putee,
714 3903 747 3955 ut
757 3915 824 3956 cum
840 3899 962 3957 vulnero
1015 3915 1103 3972 quam
1118 3899 1154 3954 de
1168 3896 1293 3954 alioruin
1308 3897 1425 3968 injuriis
1439 3896 1551 3970 loquar.
1568 3899 1659 3972 Cujus
1673 3904 1717 3958 cst
1732 3900 1837 3957 huma·

124 3991 308 4060 pati-escere
319 3988 489 4056 stammana
503 3988 616 4062 corpori
631 3993 660 4045 tc
671 3988 821 4062 imponere
836 3988 963 4062 emplas-
1016 3988 1252 4058 nitatis,cujusvc
1262 3984 1433 4054 clementiae,
1449 3987 1593 4044 insultare
1607 3988 1732 4046 aliorum
1745 3991 1837 4048 mise-

123 4083 173 4134 ιη
188 4094 251 4134 uon
267 4075 395 4133 rideant.
1016 4079 1079 4148 riis,
1093 4082 1122 4134 et
1134 4075 1256 4132 vulnera
1271 4075 1385 4130 cunctis
1410 4075 1506 4132 aliene
1520 4080 1708 4134 monstraret
1723 4080 1837 4138 Siccine

133 4177 136 4184 ’
163 4167 209 4224 ιδ.
227 4169 270 4225 lis
286 4168 499 4224 ammiane.
515 4167 605 4222 -lJe
629 4166 726 4224 carnis
754 4166 965 4224 resurrections
1016 4173 1045 4223 te
1061 4163 1222 4223 docuitille
1238 4163 1407 4232 Samarites,
1423 4163 1599 4221 seminecem
1628 4166 1665 4222 ad
1688 4165 1840 4224 stabulum

117 4253 399 4329 qcicmumqam
413 4254 444 4310 iii
453 4255 596 4328 Apologia
609 4259 659 4312 tua
674 4255 844 4323 didicimus,
854 4277 869 4307 c
878 4255 963 4312 Nullo
1018 4253 1189 4328 reportare?
1217 4251 1313 4309 oleum
1342 4250 1438 4325 plagis
1467 4252 1647 4310 infundere?
1676 4257 1840 4314 mercedem

117 4345 267 4404 munbi-o
285 4347 452 4416 amputato,
468 4360 522 4400 neo
537 4343 637 4416 aliqua
656 4349 740 4416 parte
762 4344 892 4418 corporis
914 4344 964 4401 de·
1018 4345 1179 4402 stabulario
1195 4339 1349 4416 pellicerii
1365 4341 1411 4397 Sic
1425 4347 1570 4398 revectam
1585 4359 1679 4412 uveni,
1695 4349 1840 4416 repertam

115 4439 216 4494 weda.
236 4457 255 4488 ιι
270 4431 341 4491 Haec
356 4436 401 4488 est
414 4435 471 4489 tue
495 4431 694 4506 simplicitatis
718 4447 793 4505 pura
815 4439 844 4490 et
866 4435 966 4506 aperta
1018 4431 1358 4504 drachmamprcdigum
1373 4430 1467 4487 silium
1482 4429 1556 4506 legis
1573 4448 1637 4490 esse
1655 4431 1843 4506 susceptum?

115 4521 293 4594 molossia,
307 4537 399 4594 quam
414 4521 453 4579 sb
467 4521 605 4578 omnibus
621 4521 711 4578 ltalia
725 4521 871 4596 episcopis
881 4537 961 4579 asse·
977 4541 1000 4607 1]
1014 4526 1095 4592 Esto,
1111 4539 1165 4596 ego
1180 4527 1209 4578 te
1222 4520 1365 4588 laeseram,
1381 4529 1409 4576 et
1432 4520 1621 4592 quibusdem,
1641 4526 1674 4578 ut
1688 4523 1772 4593 diois,
1789 4523 1843 4580 sti*

113 4610 618 4685 mamsumpumcmcersm
634 4609 752 4680 dicenti,
776 4610 833 4668 nisi
848 4627 894 4668 me
909 4611 963 4668 du·
1019 4615 1108 4674 mulis
1136 4613 1173 4668 sd
1202 4609 1426 4667 maledictorum
1455 4609 1601 4667 insaniam
1631 4627 1841 4684 provocaram:

112 4703 221 4760 bisam
237 4698 565 4767 dstaisteliber,ncu
595 4697 773 4773 Phampbili,
799 4700 914 4757 iaceret.
930 4701 965 4756 ht
1018 4693 1089 4779 quid
1105 4699 1214 4758 meruit
1236 4698 1323 4755 bomo
1347 4697 1453 4770 latens,
1476 4705 1509 4755 ut
1537 4701 1662 4757 nudares
1678 4701 1842 4757 cicatricem

114 4797 230 4850 tamen
249 4788 349 4847 micui·
362 4789 510 4862 quemodo
524 4788 690 4862 probaverit
705 4787 800 4857 ltalia,
820 4789 897 4862 quod
913 4789 966 4846 Rc·
1018 4795 1093 4866 ejus,
1111 4795 1140 4847 ct
1155 4789 1313 4846 obductam
1327 4791 1424 4846 cutem
1439 4787 1588 4860 insperato
1615 4789 1714 4846 dolore
1733 4789 1844 4846 rescin-

112 4897 168 4938 ma
186 4876 404 4951 contempsit3
427 4877 556 4951 episcopi
579 4877 772 4950 susceperint,
788 4877 866 4949 quod
882 4878 967 4935 sedes
1020 4879 1128 4941 denes?
1139 4878 1241 4934 Nonne
1256 4875 1344 4932 etiarn
1360 4875 1385 4932 sl
1396 4875 1445 4932 ille
1467 4876 1575 4949 diguus
1598 4882 1677 4933 asset
1691 4881 1846 4936 contume-

108 4965 300 5046 apostolics
314 4965 531 5024 condemnavit.
1019 4971 1078 5040 liis,
1102 4973 1135 5026 tu
1162 4967 1257 5024 iacere
1280 4981 1338 5022 nco
1367 4964 1512 5022 deberes?
1531 4966 1590 5022 Aut
1611 4981 1666 5039 ego
1681 4964 1779 5035 iallcr,
1794 4972 1846 5026 aut

148 5129 280 5214 {Hanc
294 5143 311 5184 s
326 5125 459 5185 tenebris
473 5129 589 5184 erutam
613 5127 743 5212 primum
766 5125 915 5183 edidimus
936 5126 967 5184 ln
1021 5127 1170 5198 sidonius,
1186 5125 1238 5209 lin,
1255 5141 1293 5208 ix,
1310 5123 1396 5196 epist.
1413 5124 1457 5190 il,
1473 5123 1528 5180 hcc
1549 5139 1637 5182 sensu
1663 5117 1849 5202 bctoqroplios

105 5204 593 5353 wigibaldi-'antidii
608 5198 831 5342 tilitates.
846 5270 969 5352 quiqu
1021 5195 1851 5353 cultile?'ittetrettulitretiulittilii

105 5343 270 5402 macla·
285 5345 390 5397 contra
403 5341 433 5398 S.
451 5341 648 5415 Epiphaniam
666 5341 825 5414 scripserat
838 5340 969 5398 Isidorus
1023 5346 1081 5419 plis
1096 5344 1307 5399 abstineamus.

102 5417 301 5492 prabytcc,
318 5418 475 5494 autequam
501 5411 691 5486 a'lbecpbilc
717 5413 827 5468 missus
848 5413 968 5482 veniret,
1060 5418 1067 5452 ¹
1086 5416 1137 5470 llic
1152 5411 1261 5468 Paulus
1276 5408 1325 5466 illc
1339 5409 1494 5482 episcopus
1516 5416 1571 5479 cst,
1595 5429 1681 5486 quein
1698 5421 1848 5488 tantopere

104 5495 143 5546 ut
161 5500 280 5560 supra
295 5483 324 5539 iu
340 5499 374 5540 eo
390 5484 443 5540 lib.
464 5489 566 5541 contra
578 5485 663 5541 icen.
680 5487 814 5540 notatum
828 5489 885 5541 est.
1024 5483 1204 5558 'theophilus
1233 5487 1278 5540 est
1305 5489 1488 5556 persecutus.
1520 5485 1713 5559 lliemnymus
1734 5501 1801 5542 vero
1816 5487 1847 5542 in

148 5563 162 5595 ³
179 5557 267 5616 Non
279 5554 477 5626 incessissent
489 5553 637 5612 Victorius
653 5553 788 5628 explicat,
800 5555 852 5612 sed
863 5553 970 5612 intelli·
1024 5574 1112 5616 scum
1128 5553 1340 5614 monesterium
1356 5551 1463 5612 dicitur
1475 5559 1637 5631 coaptasse.

101 5648 146 5714 3⁸
161 5625 553 5703 amplectentesque
566 5625 970 5690 auctorismoncsxsratcm.

302 5751 441 5842 iamai.
461 5751 576 5842 xxiii,
1648 5753 1689 5840 tt
