4072 6164
115 321 177 388 'ter

114 463 193 511 88688
206 463 236 510 86
259 455 406 509 8686688688
421 472 437 507 8
455 457 568 519 Christo,
591 460 637 509 863
660 465 687 510 86
712 463 766 511 886.
791 461 941 521 Quadratus

113 523 233 575 Adriano
248 521 365 585 principi
378 521 476 572 librum
494 521 612 580 tradidit,
628 525 682 571 861.

145 586 212 649 0868
227 596 388 649 pronomen,
403 585 539 650 quomodo
556 584 691 636 sumitur?
704 587 759 637 666.

516 831 546 897 66

152 1042 224 1092 66888
236 1041 423 1102 interpretatur
435 1051 524 1098 888888,
540 1043 566 1091 86
581 1042 681 1106 absque
697 1043 815 1096 cerebro.
825 1044 882 1094 763.

121 1103 250 1218 Εο6688881
270 1101 319 1216 gliti}
344 1101 441 1153 sterilis
455 1107 481 1152 et
496 1103 613 1166 pulchra,
634 1103 766 1168 significat
786 1106 943 1170 mysterium

159 1179 256 1228 88888,
319 1200 326 1212 .

152 1230 244 1280 668888
259 1231 339 1292 typus
353 1225 486 1282 Ecclesiae,
501 1229 554 1277 676.

149 1291 226 1351 Quod
242 1290 341 1339 ilerum
354 1292 402 1346 est,
420 1288 525 1338 diiiicile
540 1292 588 1346 886,
603 1292 658 1340 663.

149 1354 274 1403 Rebecca
288 1352 323 1402 ob
337 1350 461 1400 eximiam
476 1352 633 1414 castitatem,
648 1360 728 1416 typus
747 1353 796 1402 luit
810 1354 944 1417 Ecclesiae,

116 1416 230 1466 statmo
245 1414 381 1472 scribitur,
395 1415 451 1462 688.

147 1475 384 1526 66888886118618868
396 1479 558 1538 preceptum
573 1475 680 1525 diiiicile
694 1479 743 1535 est,
759 1478 812 1527 753.

147 1539 285 1602 iisiigioni
300 1550 447 1609 paucorum
457 1537 597 1600 culpanou
609 1538 773 1602 prejudicat,
784 1543 839 1592 396.
849 1542 944 1592 Nostra

117 1601 220 1665 Religio
234 1600 324 1649 erudit
335 1601 472 1662 sapientia
487 1603 657 1660 sectatorem,
671 1602 725 1650 333.

148 1665 206 1714 66816
230 1664 336 1713 uiarum
351 1662 438 1710 caitus
454 1662 592 1720 stabilitur,
608 1665 662 1712 336.
677 1663 825 1714 6888818668
840 1669 943 1716 sancta·

117 1739 178 1776 ram
193 1677 368 1788 rssiiqutarum
384 1725 434 1774 suh
449 1724 605 1774 Constantio
620 1726 780 1786 imperatore
796 1727 873 1786 iacta,
888 1732 943 1779 331.

147 1787 263 1846 Quando
277 1787 452 1836 lienasclmur
466 1788 492 1836 iu
508 1787 641 1837 Christum
657 1787 794 1850 virginem,
810 1792 855 1840 266

149 1851 235 1907 Absit,
251 1853 281 1898 ut
296 1849 369 1913 quod
384 1849 413 1897 in
426 1849 485 1898 aliia
496 1862 522 1898 re
544 1848 724 1908 rehendimns,
740 1850 877 1910 iaciamus,
888 1855 942 1903 656.

117 1915 175 1962 Non
187 1915 229 1962 est
243 1911 271 1960 in
287 1911 350 1960 attio
364 1911 410 1973 qui
427 1911 454 1960 ia
477 1912 515 1960 868
535 1925 576 1960 cm
593 1912 745 1962 homiuibus
768 1919 793 1962 et
810 1914 943 1964 laudanda

116 1975 257 2039 praedicat.
274 1978 301 2022 et
315 1972 493 2036 vituperanda
507 1973 686 2038 reprehendit,
702 1978 756 2024 566.

150 2034 324 2099 3888888888
344 2036 532 2085 accusantibus
558 2036 721 2100 quandoque
749 2038 942 2101 compellimur,

117 2101 167 2148 538
182 2102 277 2160 etseq.
293 2097 322 2145 18
338 2098 528 2160 88888888888
543 2099 580 2146 868
598 2099 770 2148 moderemur
792 2101 891 2159 omnia,
915 2105 945 2151 ut

117 2167 148 2211 et
163 2160 269 2223 objecta
283 2159 425 2217 diluemus,
441 2163 468 2209 et
479 2162 513 2210 ab
528 2161 627 2223 injuria
640 2165 832 2223 temperemus,
849 2162 904 2210 idid

152 2224 329 2284 ilesurgemus
345 2222 372 2270 in
388 2222 496 2285 proprio
511 2236 585 2280 8888,
602 2225 656 2271 636.
669 2222 755 2282 Quare
770 2225 944 2274 resuscitatis

115 2286 243 2358 mortuis,
258 2284 520 2358 cibum'aceeperunt·
529 2287 541 2332 1
550 2287 604 2334 666.
616 2284 695 2334 61688
709 2289 749 2334 886
765 2287 874 2348 perdere
887 2287 941 2350 gio-

114 2345 775 2482 'latinisireriglciiafndils'egcgiquilnzquidpsigrlaiilgeqtqi
785 2411 839 2459 666.
852 2410 944 2460 Paucis

113 2472 207 2521 verbis
219 2477 375 2533 mysterium
387 2477 590 2521 resurrectionis
602 2471 808 2528 demonstratur,
819 2469 883 2520 88686.
898 2472 944 2522 618-

112 2535 182 2584 ritas
196 2533 401 2583 resurrectionis
415 2532 443 2582 in
454 2546 507 2596 quo
518 2533 568 2582 sit?
582 2536 636 2591 633,
648 2536 701 2584 663.
713 2534 943 2597 'testimoniaque

113 2596 234 2660 probant
248 2607 339 2643 veram
361 2595 606 2653 resurrectionem,¹
619 2597 672 2645 661.
697 2596 727 2644 18
749 2597 944 2646 8888888866888

113 2659 212 2708 eadem
227 2657 279 2706 erit
292 2670 435 2720 corporum
451 2657 598 2707 substantia
614 2661 641 2706 et
662 2659 765 2708 auctior
779 2659 874 2722 gioria,¹
887 2661 942 2709 635.

114 2719 252 2771 Comestio
270 2721 331 2782 post
353 2721 576 2769 resurrectionem
602 2718 720 2781 jnhstar,
747 2733 780 2770 ne
800 2721 943 2770 suscitatas

114 2787 281 2848 phantasma
295 2785 413 2844 putetur,
433 2785 487 2832 366.
503 2783 571 2832 61888
585 2783 787 2832 rerurrectionis
801 2784 943 2842 confessio,

116 2849 163 2896 136
179 2852 205 2895 86
219 2857 296 2907 seqq.
310 2844 466 2894 ludaeorum
476 2844 655 2908 quorumdam
664 2845 755 2907 opinio
767 2847 800 2895 de
811 2859 946 2896 resurrec-

114 2909 200 2966 tione,
216 2909 273 2957 573.
290 2905 411 2956 6188886686
439 2910 567 2970 negantes
595 2907 817 2957 resurrectionem
846 2909 943 2970 caruis,

147 3029 286 3082 ilbetorici
304 3042 416 3093 campas
430 3030 537 3093 eloquii,
553 3032 608 3082 666.

148 3093 338 3144 Rhinocorara
354 3091 416 3141 urbs
430 3093 544 3166 AEgypti,
561 3097 598 3142 63.

146 3155 319 3216 ilbodogune
335 3153 387 3203 iiiia
403 3156 472 3204 168868
487 3155 616 3204 nutricem
632 3153 735 3210 occidit.
751 3158 805 3205 366.

148 3217 277 3272 ilbodon,
293 3217 347 3265 876.

147 3279 296 3330 6688888868
312 3277 430 3328 Ecclesia
441 3278 553 3330 18861888
563 3278 623 3328 18186
633 3278 769 3344 Evangelii
784 3281 810 3329 in
822 3277 944 3330 haerasim

117 3345 274 3402 8188868886,
289 3341 344 3390 333.

147 3403 319 3467 Apostrophe
327 3402 361 3452 ad
369 3401 490 3462 Romam,
498 3404 554 3453 333.
562 3401 628 3461 0868
638 3402 769 3466 significat
777 3404 869 3462 Roma,
879 3403 943 3454 idid.

117 3467 234 3530 ltajores
244 3466 302 3528 ejas
314 3465 417 3514 lucilius
429 3469 605 3528 susceperunt
613 3466 803 3515 continentium
815 3466 944 3531 Pythago·

116 3543 166 3640 ἒξ,
180 3527 538 3639 ᾳὲῧωὲὲιρυὖὲῖιὲὓΕζξῧιιή,
549 3531 603 3578 386.
616 3528 667 3577 Lea
677 3533 753 3578 886888
763 3528 943 3579 Romanorum

156 3605 188 3640 88
239 3605 252 3639 8
318 3605 340 3638 ts
430 3627 436 3648 ,
501 3627 506 3638 .

82 3711 88 3722 ,
154 3651 263 3702 66888816
276 3651 338 3700 Casa
350 3656 376 3702 et
390 3651 515 3702 ludorum
529 3651 691 3714 Lupercalia,
709 3654 762 3702 166.

155 3711 262 3763 ilomuli
277 3717 345 3770 etas,
360 3717 400 3763 22.

155 3773 267 3825 66811888
281 3775 325 3826 886
341 3775 452 3826 edoctus
467 3780 494 3824 et
507 3776 539 3825 ha
560 3775 667 3834 thalos,
681 3778 736 3826 676.
761 3775 890 3834 Qualibus
904 3777 943 3825 in·

118 3838 232 3888 stitutus
246 3841 287 3888 est
300 3837 454 3900 disciplinis,
470 3841 523 3889 563.
539 3789 701 3901 8886881888
716 3837 879 3898 6681186563.
892 3837 944 3888 818-

116 3902 194 3964 gistri
205 3900 272 3962 ejas,
283 3901 488 3963 titt.Nauquam
505 3900 554 3949 tuit
569 3900 675 3950 auditur
685 3901 833 4011 Theophili,
850 3904 878 3951 at
907 3901 945 3951 lo·

117 3965 214 4022 riatur,
228 3964 283 4012 666.
295 3963 499 4024 Biiingaissrat,
516 3965 568 4020 616,
585 3966 639 4012 637.
651 3963 755 4012 16888888
775 3963 865 4012 6668888
897 3965 944 4014 881-

115 4027 270 4075 oitsiuem

115 4087 233 4138 blandas
245 4039 358 4160 6188888
368 4099 423 4136 888
434 4087 560 4160 sustinuit
569 4100 617 4150 pro
632 4087 683 4136 ilde
694 4086 785 4136 exsilia
800 4100 944 4137 neccarce·

115 4164 166 4210 res,
183 4153 239 4201 683.
254 4151 431 4200 Veritasaaro
446 4153 601 4212 impugnata
616 4163 632 4197 a
647 4149 750 4205 118688,
759 4153 813 4200 666.
832 4151 858 4198 in
869 4151 889 4198 E
901 4151 944 4198 ris-

114 4214 168 4262 toia
183 4214 218 4262 ad
234 4213 404 4262 Anactorium
414 4211 534 4260 lubricus
544 4213 654 4268 exstitit,
664 4215 719 4262 563.
729 4212 882 4261 Cauterium
901 4227 944 4264 888-

113 4275 313 4326 888888668688
324 4275 421 4323 6888866
435 4274 598 4332 Anastasius,
614 4273 677 4321 ibid.
696 4273 826 4336 Apologia
841 4275 899 4337 ejas
909 4275 943 4324 ad

115 4337 299 4396 6886886888,
314 4338 369 4387 631.
381 4337 576 4387 Conteumebat
591 4336 661 4385 dicta
675 4335 815 4394 6888688866,
831 4341 884 4388 656.
902 4338 944 4386 18·

113 4401 220 4450 rectius
233 4399 321 4448 liuilni
331 4400 360 4448 in
375 4397 560 4462 Epiphaniam,
577 4401 632 4452 611.
647 4399 702 4448 666.
718 4397 829 4448 Notatur
841 4399 944 4462 88386-

112 4461 226 4524 phanio,
238 4461 470 4512 idid.Ccmmenta
483 4459 604 4510 ailnflno
637 4460 799 4512 8868888688.
810 4460 872 4510 idid.
885 4463 943 4512 6688·

113 4525 216 4576 retiens
228 4524 343 4574 habetur
352 4522 386 4572 ab
396 4522 553 4586 Epiphanio,
565 4522 628 4571 idn.
642 4524 696 4572 Cur
711 4522 800 4572 laudat
815 4523 942 4588 liierony·

112 4599 198 4644 mum,
216 4589 272 4636 568.
289 4585 470 4636 comminutus
485 4585 571 4634 iuerat
581 4585 743 4648 Hieronymo
754 4591 876 4644 mortem,
887 4589 942 4638 633.

112 4652 170 4708 536,
185 4651 245 4700 586.
260 4648 389 4698 Libellum
399 4649 526 4712 supponit
537 4649 708 4712 Hieronymo,
717 4651 772 4698 336.
784 4648 944 4699 Prohibehat

111 4710 250 4774 Epistulas
264 4711 340 4760 reddi
352 4709 524 4783 lilerouymo,
534 4712 588 4761 666.
597 4710 736 4760 Somnium
744 4710 842 4760 nobilis
850 4711 899 4760 riri
910 4711 943 4762 de

110 4771 215 4822 llailn‘o
231 4773 341 4824 itomam
356 4773 533 4836 ingrediente,
549 4775 603 4823 656.
628 4771 753 4834 Discipuli
776 4771 873 4832 ilutini,
888 4774 944 4823 Cai-

110 4833 247 4897 purniani
261 4837 401 4892 vocantur,
416 4837 471 4885 657.

108 4895 262 5011 55{influus
272 4897 341 4950 alter
350 4897 465 4948 mittitur
474 4897 500 4946 in
511 4896 682 4948 Occidentem
692 4895 942 4960 procansaClaudii,

318 4029 382 4082 stro,
397 4027 451 4075 686.
467 4025 582 4074 Vocatur
596 4039 611 4074 a
625 4025 680 4074 suis
695 4029 763 4074 mart
775 4039 803 4084 Ι8,
818 4027 873 4084 616,
888 4029 943 4075 565.

518 5175 542 5240 S

136 5379 219 5430 eaba
236 5377 360 5430 monachi
374 5377 495 5442 largitas,
508 5379 547 5428 27.
563 5378 768 5439 ilemuneratar‚
784 5377 845 5428 idid.

136 5441 304 5492 Sabinarum
321 5443 423 5502 raptus,
438 5443 477 5492 22.
791 5447 794 5452 '

137 5503 319 5554 Sacerdotam
335 5517 383 5552 ora
397 5503 461 5566 qaid
477 5501 880 5567 qnotidieconceiebranttiti.
894 5503 939 5554 Sa·

103 5565 212 5614 cerdoti
230 5579 284 5616 sem
306 5565 536 5624 erorandumest,
547 5567 602 5613 636.
619 5563 735 5613 Ecclesia
750 5576 803 5614 nou
819 5569 868 5622 est,
879 5581 938 5630 qarur

102 5639 160 5676 non
179 5628 263 5678 babet
297 5627 444 5687 scerdotes,
457 5630 511 5678 666.
522 5627 672 5677 Sacerdotis
682 5626 833 5676 oiiiciomin
845 5641 937 5678 recon-

99 5689 244 5740 ciliatione
261 5694 441 5755 paccatorum.
461 5691 512 5740 676.
524 5689 653 5740 Pudicitia
666 5701 749 5750 qrrare
771 5689 895 5752 requisita
910 5692 936 5742 in

99 5751 308 5812 Sacerdotibus,
323 5754 379 5804 836.
392 5752 520 5803 Sacerdos
535 5751 638 5802 nemini
661 5751 741 5801 debet
761 5752 873 5811 adulari,
890 5757 937 5804 sed

97 5813 243 5864 audenter
252 5816 385 5878 corripere
398 5821 547 5878 peccantes,
563 5815 618 5864 763.
635 5813 808 5865 Sacerdotam
832 5815 936 5880 AEgypn

96 5875 281 5942 8686688888,
294 5877 443 5944 8886886688,
459 5882 487 5931 86
501 5876 677 5939 continentia,
693 5878 748 5940 366,
764 5879 819 5931 363.

624 321 745 390 mum
768 323 907 394 88888
928 322 979 391 88
1000 299 1321 392 saurearneun.

1687 299 1926 405 ,rse'

1027 460 1171 512 Electionis
1186 461 1213 510 tn
1229 459 1411 513 Sacerdotium
1426 473 1515 512 888888
1537 459 1627 522 sarire,
1643 461 1699 513 636.
1716 455 1822 520 088868

997 523 1098 598 habent
1111 524 1184 585 vitia,
1203 523 1265 573 6688.
1281 526 1367 585 Quare
1383 524 1469 575 mariti
1493 523 1568 574 eiecti
1580 525 1608 574 in
1628 524 1820 584 Sacerdotium,

997 586 1236 701 ιὸι38888888888888
1251 649 1357 714 dogma,
1373 651 1427 700 137.

1027 729 1130 793 Sagitta
1144 744 1192 793 per
1206 729 1275 779 diem
1288 729 1412 788 volitans,
1427 727 1514 793 quid?
1529 731 1587 781 766.

1028 791 1169 851 Salamina,
1186 792 1250 856 quid
1265 791 1469 842 conclamabat?
1484 793 1523 842 37.

1028 854 1198 910 Salmoneus,
1213 857 1267 905 653.

1029 917 1189 970 Salomonis.
1205 918 1289 966 virtus
1317 917 1456 978 sapientia,
1471 917 1526 966 713.
1552 915 1665 973 Quando
1688 915 1820 965 exstruxit

996 979 1143 1043 Templum,
1159 982 1214 1029 275.
1233 978 1493 1036 6888888881688888,
1510 991 1526 1026 a
1548 979 1602 1028 1188
1621 978 1750 1038 discessit,
1766 978 1820 1027 368.

1028 1058 1169 1110 3811886688
1182 1057 1462 1124 inimicusCiceronis,
1477 1058 1532 1107 363.
1553 1058 1636 1116 Quam
1653 1058 1744 1119 nupsit
1757 1071 1822 1108 uso-

997 1134 1062 1180 ram,
1078 1121 1142 1170 idid.
1154 1121 1342 1170 Commentarii
1356 1121 1383 1170 iu
1400 1119 1563 1178 Sallustium,
1579 1122 1634 1170 trs.

1030 1200 1142 1250 Samson
1157 1205 1238 1312 typus
1252 1201 1403 1258 Salvatoris,
1418 1201 1472 1250 663.

1029 1263 1056 1311 66.
1072 1263 1169 1313 Samae
1182 1263 1204 1312 is
1217 1263 1346 1326 Reliquias
1356 1261 1498 1336 translatae,
1515 1275 1530 1310 a
1545 1263 1620 1372 8886
1634 1263 1689 1312 336.

1030 1325 1302 1398 Sancta0Sanctorum
1318 1339 1378 1388 quas
1392 1324 1543 1388 rugredttur
1578 1327 1633 1375 378.

1028 1405 1117 1453 Sancti
1132 1405 1230 1453 veteris
1243 1404 1412 1459 Testamenti,
1428 1416 1483 1452 uon
1499 1402 1558 1460 sibi,
1574 1402 1622 1452 sed
1647 1400 1703 1452 aliia
1726 1403 1822 1454 divites

998 1466 1123 1516 18888866
1138 1467 1193 1515 763.
1208 1465 1308 1515 Divitiis
1317 1467 1373 1514 suis
1384 1465 1415 1514 ad
1427 1464 1498 1515 bonu
1510 1465 1653 1515 utebantur
1663 1465 1820 1528 operap'ds'd.

999 1529 1043 1578 ilis
1064 1533 1202 1578 ensatores
1217 1529 1299 1592 magis
1312 1529 1357 1577 Dei
1372 1541 1452 1589 quarn
1468 1527 1563 1577 divites
1582 1541 1597 1577 a
1617 1527 1733 1590 pellendi
1748 1532 1820 1586 sunt,

998 1590 1035 1639 idi
1056 1626 1062 1638 .
1078 1591 1161 1649 Quam
1176 1591 1329 1639 habuerunt
1341 1590 1495 1654 justitiam?
1518 1590 1573 1639 677.
1611 1589 1707 1639 888886
1721 1603 1768 1653 888
1783 1603 1821 1649 88,

998 1657 1090 1702 contra
1105 1653 1280 1716 quorumdam
1292 1653 1462 1709 senteutiam,
1474 1655 1528 1700 786.
1541 1652 1638 1702 Omnes
1652 1655 1723 1712 retro
1733 1651 1822 1702 Sancti

999 1715 1118 1778 ejusdem
1134 1715 1242 1764 lucrant
1270 1715 1365 1774 meriti,
1382 1714 1458 1777 cujus
1487 1727 1559 1763 nnnc
1585 1713 1738 1772 Christiani,
1766 1716 1821 1764 367.

998 1777 1137 1835 Quomodo
1147 1778 1235 1828 Sancti
1249 1777 1399 1840 eliguntur?
1413 1778 1467 1826 673.
1481 1776 1586 1824 Nullam
1602 1779 1707 1839 tempus
1717 1780 1757 1826 est
1767 1789 1822 1838 uuo

998 1853 1052 1888 nun
1068 1839 1214 1888 aedificetur
1228 1840 1407 1889 misericordia
1416 1839 1444 1887 in
1456 1837 1568 1900 singuiis
1578 1838 1734 1889 Sanctorum
1745 1841 1757 1887 t
1767 1841 1822 1889 766.

998 1902 1091 1950 Ν81188
1103 1901 1260 1951 3888688888
1276 1901 1404 1965 quamdin
1420 1901 1446 1948 iu
1462 1901 1516 1949 rita
1531 1904 1579 1960 est,
1601 1905 1712 1950 cunctae
1735 1904 1824 1964 potest

999 1964 1230 2018 heberarirtntss.
1246 1965 1300 2022 666,
1328 1965 1380 2013 666.
1411 1964 1469 2011 Non
1495 1962 1558 2012 16886
1572 1961 1605 2012 88
1633 1963 1731 2012 sanctis
1759 1963 1824 2012 viris

998 2027 1138 2086 estimare,
1155 2029 1208 2076 226.
1225 2027 1297 2074 inter
1311 2029 1417 2074 sanctos
1428 2029 1456 2074 et
1470 2024 1585 2087 dugelos
1595 2024 1731 2087 multiplex
1741 2029 1768 2074 et
1781 2026 1823 2074 in·

998 2088 1073 2137 iinita
1087 2089 1237 2141 diversitas.
1252 2089 1306 2138 367.
1323 2088 1461 2136 Orationes
1477 2087 1520 2135 33.
1537 2087 1614 2136 88868
1629 2089 1749 2149 8888886,
1766 2089 1820 2138 336.

998 2150 1102 2200 Sanctia
1117 2164 1228 2199 sornuus
1243 2150 1308 2212 ipae,
1325 2151 1409 2199 oratio
1424 2153 1472 2207 est,
1489 2149 1543 2198 733.

1028 2229 1143 2294 Sanguis
1158 2229 1203 2278 biii
1218 2229 1327 2278 86668688
1344 2229 1413 2278 8888
1429 2226 1579 2282 inardescit,
1595 2229 1651 2279 736.

1030 2292 1117 2350 Sanir,
1131 2292 1321 2355 iuterpretatur
1335 2290 1398 2339 dem
1413 2289 1530 2348 toene,
1546 2291 1602 2338 638.

1028 2355 1130 2413 Santra,
1146 2353 1264 2416 Scriptor
1275 2353 1308 2402 de
1324 2353 1391 2402 Viris
1406 2351 1563 2410 illustribus,
1579 2353 1634 2400 331.

1029 2416 1143 2478 3881888
1158 2427 1295 2477 nunquam
1311 2415 1384 2463 solus
1399 2415 1637 2476 casertanensis.

1031 2479 1173 2541 Sapientia
1189 2477 1256 2526 libro
1272 2477 1472 2534 contradicitur,
1487 2477 1543 2525 731.

1030 2541 1095 2590 3888
1107 2554 1160 2590 888
1178 2543 1234 2590 erat
1248 2552 1326 2590 soror
1339 2539 1460 2597 6888888,
1477 2539 1532 2587 663.

1029 2619 1153 2670 Saraceni
1169 2620 1221 2669 huc
1234 2618 1350 2682 illucque
1361 2621 1497 2682 vagantes,
1509 2619 1549 2679 63,
1564 2619 1603 2669 66.
1614 2615 1710 2667 Colunt
1719 2616 1821 2667 Lucita-

999 2684 1265 2808 ιἪ311888Ξ81888888688
1279 2742 1377 2806 Libyae,
1395 2743 1448 2792 136.

1029 2807 1173 2856 Sardorum
1187 2809 1329 2862 mastruca,
1347 2807 1399 2854 661.

1031 2869 1142 2919 38668688
1157 2869 1244 2918 omnis
1260 2867 1377 2928 vitanda,
1393 2869 1447 2917 366.

1017 2949 1190 3022 Ι3868886888
1203 2948 1352 3030 hereticus,
1369 2950 1422 2998 637.
1434 2945 1523 2998 Euclio
1538 2945 1674 2997 Saturnini
1687 2945 1824 2998 68818688·

1002 3015 1207 3138 8188888ιῖῧῖρῖιῖ
1209 3013 1317 3131 frictus,
1332 3075 1387 3122 888.

1031 3153 1142 3218 Satyrus
1151 3157 1271 3216 tempore
1281 3149 1417 3202 consumti
1422 3151 1447 3200 ui
1457 3149 1561 3200 delatus
1571 3153 1612 3200 est
1627 3149 1704 3199 86888
1714 3148 1826 3200 618888-

1001 3215 1096 3275 driam,
1113 3216 1209 3266 deinde
1224 3214 1401 3268 Antiochiam.
1415 3215 1438 3262 3.
1456 3212 1650 3271 iionrancuius,
1661 3212 1772 3276 Satyrus
1785 3212 1826 3262 di·

1001 3282 1068 3334 ctus,
1084 3278 1198 3328 88888866
1212 3276 1338 3336 6868868,
1357 3285 1383 3326 86
1397 3275 1477 3326 simul
1490 3274 1672 3340 alloquuntur,
1687 3278 1711 3326 6.

1032 3341 1191 3390 Scandaium
1206 3340 1278 3390 unde
1299 3353 1396 3388 nomen
1411 3338 1520 3402 accepit,
1536 3339 1591 3388 678.

1032 3420 1138 3469 3888886
1153 3421 1214 3470 81688
1230 3419 1385 3482 pudicitiam
1405 3419 1430 3467 86
1454 3417 1580 3467 amissam
1610 3417 1716 3481 propria
1736 3419 1823 3469 morte

1000 3483 1147 3540 vindicant,
1163 3485 1218 3532 368.
1644 3515 1647 3520 <

1031 3563 1135 3612 Scelcra
1149 3562 1194 3612 diu
1211 3574 1264 3611 uon
1282 3560 1375 3618 latent,
1393 3563 1446 3610 636.

1030 3625 1060 3674 18
1076 3625 1179 3675 Scholia
1193 3623 1257 3687 quid
1273 3623 1419 3672 cantabant
1433 3622 1519 3684 pueri,
1535 3622 1591 3670 353.

1030 3705 1093 3763 oure
1109 3704 1212 3814 Scrifita
1226 3705 1289 3752 sant
1302 3702 1381 3750 anuis
1395 3698 1825 3774 18881888881888866888866886-

999 3770 1079 3828 stnnt,
1094 3768 1148 3817 ott.
1192 3765 1248 3816 8168
1256 3769 1319 3814 8886
1328 3776 1428 3828 genera
1436 3763 1593 3822 dictionum,
1605 3764 1824 3826 etscrrptronum,

999 3832 1054 3880 i'ii.

1030 3909 1178 3971 Scriptores
1201 3906 1376 3957 Ecclesiastici
1397 3905 1424 3954 in
1453 3903 1613 3968 quibusdam
1629 3903 1740 3964 laudati,
1755 3907 1782 3954 et
1796 3905 1824 3954 in

999 3972 1058 4022 aliis
1073 3971 1199 4028 damnati,
1214 3974 1268 4020 666.
1284 3969 1431 4040 Scriptores
1445 3967 1478 4016 de
1493 3967 1561 4017 Viris
1588 3966 1737 4016 illustribus
1752 3967 1823 4029 apud

998 4035 1113 4092 Grecos,
1129 4036 1183 4083 866.
1201 4031 1278 4094 6888
1294 4033 1409 4088 Latmos,
1425 4027 1489 4078 ibid.
1505 4029 1592 4080 Series
1605 4029 1769 4092 Scriptorum
1779 4044 1824 4080 88·

999 4101 1084 4147 tarum
1101 4095 1229 4146 adversus
1245 4094 1384 4150 Ebiouem,
1409 4095 1463 4142 225.
1487 4092 1621 4142 indiciam
1648 4092 1823 4155 Scriptorum,

999 4173 1053 4208 non
1070 4164 1111 4208 est
1125 4159 1255 4222 ipsorum,
1271 4156 1317 4205 sed
1333 4155 1470 4211 lectorum,
1487 4157 1541 4205 663.

1030 4239 1172 4301 Scripturas
1187 4236 1221 4286 sd
1236 4235 1420 4299 plenissimum
1435 4233 1496 4282 iidsi
1512 4233 1720 4283 instrumentum
1735 4233 1823 4282 Eccle-

998 4301 1157 4350 siistraditae
1173 4302 1243 4358 8886,
1259 4301 1312 4348 aut.
1329 4298 1387 4346 Non
1397 4297 1423 4345 in
1439 4295 1552 4359 legando
1563 4296 1723 4351 consistunt,
1736 4293 1783 4344 sed
1796 4295 1823 4344 in

998 4363 1182 4426 intelligendo.
1190 4365 1244 4411 661.
1252 4362 1348 4410 Contra
1357 4357 1523 4409 adversarios
1534 4357 1822 4421 Scripturisntendum,

999 4429 1028 4475 ut
1042 4426 1065 4475 si
1080 4427 1199 4474 humana
1213 4424 1394 4478 conscindant,
1410 4422 1503 4470 saitem
1515 4420 1709 4470 divinanoune
1729 4419 1818 4482 ligant,

998 4492 1054 4538 576.
1071 4491 1226 4546 dignantur
1243 4485 1287 4546 886
1299 4485 1441 4548 Scripturas
1454 4435 1823 4533 88888888888888188888168

998 4549 1214 4602 declamatorum,
1232 4551 1285 4597 183.
1314 4547 1340 4597 36
1365 4547 1478 4596 litteram
1507 4546 1650 4608 Scriptura)
1673 4545 1821 4608 sequimur,

999 4611 1360 4674 posstnnusuoramdogma
1374 4622 1542 4670 componere,
1559 4610 1614 4658 2hi.
1632 4609 1679 4658 i’ro
1694 4608 1824 4657 varietate

998 4675 1137 4732 regionam
1159 4674 1265 4722 diversa
1289 4673 1410 4721 terantur
1434 4671 1595 4734 exemplaria
1618 4670 1822 4731 Scriptarsrum,

997 4738 1161 4786 6t2.Canou
1190 4735 1398 4796 Scriptarsrum,
1416 4735 1471 4783 673.
1502 4733 1571 4784 Libri
1600 4736 1652 4782 tres
1679 4729 1824 4795 Scriptura

998 4812 1078 4848 sacrm
1086 4800 1208 4848 multatio
1217 4802 1313 4846 natura
1324 4809 1414 4846 rerum
1426 4810 1455 4844 su
1475 4799 1580 4858 gerunt,
1593 4793 1824 4845 t58.Consnetudo

997 4861 1149 4924 Scripturas,
1165 4862 1220 4912 668.
1236 4861 1291 4917 616,
1307 4861 1362 4914 616,
1377 4861 1432 4916 663,
1446 4811 1501 4917 386,
1515 4859 1570 4908 366.
1587 4857 1685 4907 Norma
1708 4856 1763 4907 Scri
1784 4859 1824 4905 68·

998 4937 1097 4982 raram,
1113 4925 1167 4974 676.
1185 4921 1320 4994 Scriptura
1328 4921 1399 4970 solet
1414 4924 1441 4971 et
1455 4933 1538 4970 unum
1549 4919 1694 4982 pluraliter,
1706 4923 1733 4968 et
1746 4869 1823 4982 pfura

997 4986 1167 5050 singulariter
1181 4996 1329 5042 nominare,
1346 4985 1400 5032 376.

1028 5066 1163 5117 Scutarios
1184 5063 1323 5128 quideme
1350 5060 1472 5112 88888888
1497 5065 1634 5126 correptus
1658 5059 1819 5111 illlarionem

1001 5127 1187 5178 absconditum
1202 5125 1301 5190 prodit,
1316 5125 1353 5174 36.

1027 5191 1169 5256 Scyllaeum
1184 5189 1268 5250 littae,
1283 5189 1338 5238 561.

1027 5269 1130 5334 Scythae
1145 5281 1239 5318 carnes
1254 5263 1418 5316 semicrudas
1442 5265 1594 5324 comedant,
1611 5265 1665 5316 336.
1680 5265 1732 5317 388
1745 5265 1822 5330 qnia

995 5332 1127 5382 defunctis
1142 5330 1222 5380 amati
1237 5333 1308 5386 sunt,
1326 5328 1400 5376 sivos
1414 5327 1559 5388 infodiunt,
1573 5327 1636 5380 idid.

1026 5415 1142 5462 Securus
1158 5421 1297 5470 nunqtram
1313 5408 1360 5462 sis,
1375 5409 1429 5456 766.

1026 5471 1244 5524 381181888816868
1260 5469 1293 5519 ad
1309 5469 1508 5528 dormiendum,
1525 5471 1565 5520 63.

1025 5547 1125 5596 Seneca
1136 5543 1261 5606 rapiebat
1270 5555 1328 5614 esse
1338 5541 1407 5652 apud
1418 5556 1481 5592 8888
1491 5527 1562 5606 qucd
1574 5542 1670 5592 Paulas
1680 5545 1738 5592 erat
1748 5540 1820 5606 apud

994 5608 1168 5660 Christianos,
1181 5609 1235 5654 361.
1247 5604 1316 5663 de
1329 5618 1356 5653 re
1370 5604 1820 5659 86388888888881688888888888,

993 5673 1048 5720 363.
1065 5669 1171 5730 Scripsit
1189 5668 1222 5717 dc
1237 5667 1418 5728 matrimonio,
1434 5670 1488 5718 368.
1504 5669 1622 5726 Quorum
1645 5667 1769 5732 dogmata
1783 5664 1822 5713 di·

993 5743 1105 5782 scantur
1120 5732 1147 5780 in
1163 5743 1195 5780 eo
1208 5733 1219 5778 6
1233 5733 1288 5780 666.

1024 5813 1054 5862 68
1070 5812 1214 5862 Senectute
1235 5808 1372 5860 remissius
1399 5809 1523 5872 vivimus,
1540 5813 1576 5860 17.
1593 5810 1621 5859 18
1650 5817 1727 5856 88888
1749 5797 1815 5868 quid

992 5873 1104 5928 crudele
1119 5873 1301 5935 committitur,
1318 5875 1374 5925 336.
