4108 6174
122 231 196 300 taes
230 183 233 190 ¹

152 371 250 420 Panem
264 367 402 420 ecelesiam
420 365 573 420 fastidiebat
595 365 684 426 Israel,
712 371 738 416 et
760 366 942 430 salapittarum

122 445 214 484 carnes
228 430 404 491 desiderabat,
421 431 474 481 438.

151 494 291 545 Paradisus
306 493 403 544 dicitur
413 493 537 544 conditas
548 497 608 543 ante
624 493 720 543 coelum
734 495 759 542 et
768 495 874 551 terram,
888 492 942 541 394.

121 559 157 608 aa
173 556 296 629 paradiso
309 557 336 606 et
351 557 408 620 ejus
419 557 573 605 fluminibus
584 557 647 620 quid
662 555 830 605 sentiendum
841 567 871 603 er
887 553 943 604 Sal-

122 622 200 671 lustio
215 619 363 668 certissimo
376 623 492 678 auctore,
508 619 562 668 292.

121 745 134 794 ⁴
150 683 244 732 Passer
251 693 398 746 numquam
407 682 435 731 in
445 681 578 744 Scriptura
587 681 684 743 legitur
693 679 822 729 iamalam
833 681 944 740 partem,

53 859 55 864 ,
137 748 297 856 egessionas.
314 806 344 854 ln
353 805 392 854 ira
402 817 496 854 ornnes
504 805 719 868 perturbationes
731 802 812 852 animi
826 815 945 913 eompre-

122 868 292 981 {tetnduzrggn
309 867 337 916 in
347 867 436 917 carnis
451 867 559 926 malitia,
575 868 707 916 universae
717 867 837 929 corporis
852 879 885 913 vo
899 879 945 928 up·

133 945 196 988 aea,
261 965 267 978 .

151 994 237 1042 Pater.
251 992 367 1041 invenes
381 995 408 1041 at
430 991 502 1042 stulti
514 991 641 1040 dicuntur
660 991 688 1039 in
699 989 844 1052 Scriptura,
869 989 913 1050 qui
929 1001 945 1038 a

121 1055 202 1104 aeteri
217 1054 372 1104 auctoritate
389 1054 577 1113 desciscunt,et
587 1067 653 1103 cana
662 1055 795 1117 praccepta
805 1054 944 1114 parentam

122 1120 304 1174 contemnant,
320 1117 374 1165 446.

152 1177 280 1228 Patientia
294 1190 349 1226 aon
364 1176 449 1227 solum
461 1178 490 1226 in
504 1177 642 1241 angustiis,
659 1177 704 1226 sed
716 1180 744 1226 et
756 1176 784 1226 in
798 1174 944 1225 laetioribus

122 1241 269 1290 necessaria
284 1242 335 1299 est,
349 1252 383 1288 ne
398 1239 458 1302 plus
482 1253 562 1302 quam
578 1239 704 1289 concedet
718 1239 873 1297 exaltemur,
889 1239 943 1287 439.

123 1303 253 1352 Convenit
264 1301 337 1365 justo
352 1315 446 1364 parum
466 1299 563 1350 habere
587 1302 769 1366 simplicitatis,
785 1305 811 1350 et
837 1303 946 1362 propter

123 1364 232 1414 nimiam
242 1363 407 1427 patientiam,
418 1366 482 1414 dum
491 1364 620 1413 ultionem
630 1368 750 1414 reservat
760 1364 822 1420 Deo,
834 1361 945 1410 stultum

114 1427 204 1476 sideri
217 1441 223 1486 ;
237 1439 316 1489 quam
332 1427 420 1475 statim
436 1441 464 1476 sa
475 1426 654 1476 vindicantem
665 1425 715 1476 aab
725 1425 874 1474 velamento
886 1437 946 1486 pru·

122 1489 219 1538 dentiae
236 1501 358 1538 exercere
376 1488 512 1547 malitiam,
528 1491 582 1538 458.
598 1488 643 1537 liei
659 1488 785 1552 patientia
800 1487 827 1535 ia
842 1485 945 1535 occulto

123 1555 170 1610 est,
182 1565 241 1613 ques
252 1550 316 1600 sinit
326 1551 454 1600 tribulare
466 1564 538 1599 nanc
550 1555 665 1612 sanctos,
678 1555 705 1600 et
728 1553 881 1612 peccatores
891 1561 946 1596 nou

122 1613 210 1662 visitat
223 1624 272 1676 pro
287 1612 395 1668 scelere.
411 1617 440 1662 ut
452 1612 532 1676 justis
554 1614 638 1676 possit
660 1617 759 1662 aeterna
785 1613 857 1660 laona
869 1611 944 1659 resti-

122 1681 207 1734 tuere,
223 1679 250 1724 at
282 1675 448 1725 aenatoribus
463 1675 531 1724 mala
547 1675 644 1724 inferre
659 1678 797 1737 perpetua,
812 1675 865 1722 443.

122 1803 132 1850 t
152 1689 360 1850 Patarggrcharum
375 1738 515 1787 nominum
530 1737 651 1786 omnium
662 1735 829 1812 etymologiae
840 1746 946 1798 ponua-

133 1813 164 1849 ar
237 1835 242 1848 .

151 1836 256 1912 Paulus.
271 1859 485 1911 Manifestiasima
500 1861 527 1910 in
542 1858 874 1922 benedictionalienjamin
886 1871 944 1921 pro·

122 1924 211 1986 phetic
225 1924 257 1972 de
273 1923 382 1972 Paulos
402 1923 495 1985 estole,
512 1924 566 1973 349.

153 1988 300 2035 Peccatum.
320 1937 399 2035 444υὲ
412 1989 452 2034 est
465 1986 636 2048 cogitatione,
652 1983 721 2033 aliud
734 1995 815 2045 opere
825 1993 945 2044 peccare,

122 2050 176 2098 448.
191 2051 331 2097 Peccatum
346 2047 435 2096 odoris
450 2052 490 2096 est
500 2047 584 2110 putidi
597 2062 602 2107 ;
614 2047 697 2095 virtus
706 2046 788 2108 spirat
798 2047 943 2105 unguenta,

122 2113 177 2162 5445.
191 2111 301 2172 Propter
316 2122 398 2159 unam
427 2115 565 2170 peecatum
592 2109 683 2158 multra
696 2107 807 2170 justitiae
822 2109 944 2169 pereunt,

122 2174 175 2224 488.
191 2171 240 2230 Qui
255 2172 374 2234 peccarit
388 2176 414 2221 et
428 2172 490 2223 iecit
503 2172 611 2230 malum,
636 2177 757 2220 mortuus
772 2172 828 2228 esi;
858 2169 884 2216 in
913 2181 945 2216 eo

122 2236 191 2284 enim
206 2234 279 2296 quod
293 2235 422 2297 peccavit,
438 2235 525 2283 statim
546 2239 668 2283 mortuus
683 2237 733 2291 est,
751 2234 806 2280 t5t.
824 2231 947 2279 Peccator

122 2297 247 2360 ignorans
265 2296 518 2358 contemplationem
529 2295 705 2358 spirituatem,
717 2293 840 2356 prohibet
854 2307 870 2340 a
884 2305 947 2340 vera

120 2357 946 2483 litatitatastatuatttiiatetattestatae

121 2487 208 2540 utens,
220 2482 262 2532 his
272 2482 406 2546 relinquat
415 2484 460 2545 qui
476 2484 505 2531 in
515 2457 659 2545 conspecta
677 2481 720 2530 uei
728 2481 793 2544 justi
808 2481 878 2537 sunt,
891 2481 945 2528 486.

122 2545 187 2603 Quia
196 2549 349 2607 peccatores
359 2558 413 2593 non
420 2545 508 2594 statim
515 2547 749 2608 arguuntaratqae
756 2542 946 2604 corripiuntur,

121 2611 217 2671 putant
227 2619 396 2670 nequaquam
407 2607 526 2656 laturum
539 2621 596 2657 esse
605 2607 747 2670 judicium,
763 2607 789 2652 et
803 2605 830 2652 in
847 2603 946 2652 seelera

121 2673 301 2732 perseverant,
318 2671 371 2719 455.
396 2669 564 2720 Peccatorum
590 2668 736 2718 remedium
758 2679 790 2715 ex
806 2678 946 2715 converse-

122 2733 192 2782 tione
200 2731 279 2842 ξιιόιιι
293 2731 420 2792 nascitur,
435 2745 491 2781 non
505 2731 660 2781 ertumenti
675 2733 701 2779 et
712 2728 847 2790 auperllua
861 2727 946 2792 digni·

122 2798 184 2851 tate,
215 2797 253 2841 7.

151 2855 274 2905 Pecunia.
291 2854 438 2917 Argentum
453 2853 601 2905 secundum
617 2853 699 2903 Graeci
715 2853 849 2902 sermonis
863 2851 946 2901 ambi-

122 2918 249 2982 guitatem
277 2919 404 2976 potestat
422 2917 535 2981 pecunia
562 2917 709 2970 transferri.
725 2918 779 2965 4344.
810 2913 946 2963 Pecuniosi

121 2977 323 3091 {agimittuseffi’crtg
336 2979 497 3089 reguntur,
513 2979 559 3042 qui
573 2978 651 3041 plura
665 2978 820 3028 habueruut
833 2977 946 3040 peculia,

164 3055 192 3091 ea
347 3055 409 3090 et.

151 3054 372 3153 inteereriec’toa
387 3107 413 3154 et
435 3117 524 3153 emere
549 3107 759 3162 consummatos,
783 3100 907 3163 magister
921 3103 948 3150 et

123 3163 269 3228 discipulus
284 3163 401 3227 equales
415 3169 486 3226 sant,
502 3166 557 3216 385.

123 3227 307 3339 ³9ferrareus,
317 3227 374 3296 ‚nisi
384 3230 447 3278 ante
462 3227 619 3291 corrigatur,
636 3239 690 3278 aon
705 3226 803 3289 poterit
812 3225 946 3283 adornari,

153 3352 238 3411 Petra,
253 3349 345 3400 civitas
359 3350 471 3410 Arabiae,
501 3351 692 3414 cognominata
715 3348 821 3408 Jectael,
840 3362 855 3398 a
874 3348 948 3412 Syris

121 3411 193 3464 dieta
207 3411 311 3471 liccem,
326 3415 381 3463 259.

154 3474 228 3524 Philo
241 3471 395 3525 ludaeorum
410 3472 600 3525 disertissimus
615 3473 719 3531 dieitur,
733 3477 754 3522 4.
770 3473 799 3520 la
814 3471 881 3522 libro
898 3471 947 3520 He-

120 3537 280 3649 proiectura}i
288 3536 431 3648 Ngminum
457 3537 583 3586 omiserat
597 3541 627 3586 ut
639 3535 748 3586 iudaeus
761 3534 870 3585 nomina
884 3534 947 3583 novi

142 3603 260 3649 estamen
323 3634 329 3647 .

152 3634 304 3724 abitaeopi'n
319 3664 369 3710 etsi
382 3673 457 3711 omar
471 3660 559 3710 stadie
574 3663 713 3710 veritatem
739 3658 905 3724 quesierint,
921 3662 948 3707 et

120 3723 280 3786 sapientiam
299 3736 328 3773 se
344 3720 570 3786 comprehendere
592 3721 755 3786 putaverint,
771 3720 803 3771 ad
827 3721 947 3770 veritatis

119 3786 211 3836 tamea
226 3785 366 3849 pervenire
376 3798 430 3834 aon
438 3789 593 3847 potuerunt,
603 3789 657 3835 445.
669 3785 781 3834 Suorum
793 3783 946 3855 dogmatum
959 3787 963 3800 ¹

120 3847 250 3898 falsitates
263 3851 397 3898 conantur
410 3859 528 3898 asserere
539 3847 666 3897 verietate
681 3861 711 3896 ec
726 3845 946 3908 multiplicatione

121 3922 286 3968 sermonum,
300 3911 355 3960 499.

152 3972 310 4046 Phrenicum
326 3971 498 4034 antiquitates
521 3971 700 4033 Hieronymus
715 3969 853 4034 AEgyptius
869 3983 945 4018 eons-

121 4035 379 4169 cm[seltte’asffql‘iemprm
407 4093 515 4144 odiendi
542 4095 582 4144 est
609 4096 637 4144 in
655 4094 792 4157 martyrio,
822 4107 946 4166 cumpro

120 4158 217 4209 Christi
232 4158 400 4208 contessione
415 4157 515 4220 rigidos
525 4170 575 4206 nos
586 4158 670 4220 pietas
680 4160 819 4220 oppugnat
829 4169 945 4216 mimica,

119 4224 289 4332 ”hincarus
298 4281 476 4330 ministerium
483 4293 538 4330 non
549 4280 596 4329 vile
603 4279 867 4343 putabaturoiflcium
875 4279 944 4342 apud

122 4345 257 4408 antiquos,
272 4343 320 4394 sed
335 4347 391 4393 erat
414 4342 527 4392 manime
551 4342 688 4410 dignitatis
711 4341 782 4405 apud
809 4341 944 4402 barbaros,

121 4410 256 4518 36Piscina
270 4467 414 4530 probatica,
430 4467 457 4517 id
476 4469 516 4517 est
530 4467 654 4530 pecualis,
671 4465 807 4530 eleganter
821 4465 945 4516 describi-

121 4531 337 4655 tu{ilariusgeadam
352 4594 392 4640 eat
405 4590 432 4640 in
449 4591 659 4654 presentiarum,
675 4595 705 4640 ut
727 4593 820 4652 postea
847 4590 944 4640 saltare

117 4654 266 4712 valeamus,
282 4653 327 4703 illa
346 4654 486 4704 saltatione
498 4667 551 4717 qua
565 4653 648 4703 David
662 4652 767 4703 saltavit
780 4655 843 4702 ante
856 4665 944 4703 arcam

115 4717 283 4776 testamenti,
299 4717 353 4765 489.
884 4709 888 4724 ’

149 4779 271 4852 Plausus.
286 4777 312 4826 Si
328 4777 519 4888 compositione
531 4776 681 4850 verborum,
694 4777 735 4826 vel
746 4776 874 4849 instinctu
890 4776 944 4849 dia·

115 4841 182 4900 bob,
194 4840 303 4904 plausus
313 4853 384 4902 popu
398 4855 405 4888 1
421 4843 632 4895 excitaverimus,
646 4843 740 4889 eontra
754 4843 944 4888 conscientiam

115 4907 238 4954 nostram
265 4902 331 4952 seire
359 4914 409 4952 noa
423 4901 592 4961 arbitramur,
617 4901 649 4952 de
665 4915 718 4965 quo
738 4900 797 4952 aliis
812 4902 946 4964 potuimus

116 4963 465 5098 petrizalgiqghetigirh'ediciaa
485 5026 623 5100 proposita
637 5025 819 5088 peccantibus,
834 5027 889 5076 444.
905 5026 945 5074 Lt-

116 5090 218 5141 benter
232 5087 302 5138 Deua
316 5087 428 5150 suscipit
442 5089 627 5150 paenitentem,
639 5089 694 5138 aaa.
704 5089 776 5137 Deus
790 5101 845 5138 non
857 5091 946 5137 statim

118 5153 208 5202 scelus
223 5150 361 5200 hominum
370 5149 522 5222 ulciscitur,
537 5151 584 5200 sed
596 5149 810 5222 dillertpoenam,
821 5151 885 5222 dum
901 5163 946 5199 cx·

116 5213 500 5338 titttttafltttaali·
514 5213 945 5324 ttiitbtltttttttitii·

114 5292 249 5388 Omnibus
259 5349 309 5410 per
324 5337 508 5399 paenitentiam
521 5338 549 5386 in
565 5290 696 5402 integgram
704 5289 849 5394 {restitutis
860 5309 946 5386 ’solas

113 5400 242 5452 diabolas
257 5413 285 5448 ιιι
302 5411 350 5449 ιιιο
365 5399 534 5462 permanebit
548 5413 647 5459 errore,
662 5402 717 5450 394.

148 5461 289 5526 Porphyrii
318 5460 459 5520 calumnia,
488 5475 541 5525 qua
563 5461 744 5526 Evangelistas
773 5461 944 5525 coarguebat,

114 5525 283 5582 contutatur,
301 5525 356 5574 384.

149 5587 240 5637 Portio
267 5586 323 5636 brec
339 5588 430 5634 nostra
454 5589 504 5644 eat,
519 5585 712 5648 praemiumque
741 5589 909 5650 perpetuum,
925 5585 945 5633 si

113 5651 162 5700 hic
177 5663 225 5713 pro
237 5649 380 5700 virtutibus
394 5647 555 5706 laboremus,
566 5649 621 5698 482.
632 5649 694 5698 Pars
710 5653 800 5700 nostra
815 5653 863 5708 est,
875 5651 904 5698 at
918 5648 946 5696 in

114 5716 214 5763 nostro
228 5711 317 5762 studio
332 5715 359 5760 et
373 5709 461 5760 labore
476 5711 605 5772 laetemur,
621 5711 675 5760 432.

150 5775 324 5838 Praeceptum.
339 5774 397 5826 lton
412 5773 540 5826 debemus
555 5776 668 5825 tractare
679 5786 761 5839 quare
772 5773 842 5824 Deua
853 5783 946 5824 anum·

771 229 892 295 tenax
912 226 1173 296 lustramus.

1745 231 1822 296 4362

1000 363 1737 480 gaidquapraeeaperit,sedquodcumqusvldemusasse
1747 381 1824 420 man·

1018 433 1099 489 atum,
1115 429 1166 480 hoc
1180 429 1223 494 pia
1237 432 1327 480 mente
1342 429 1451 494 implere
1466 428 1630 486 festinemus,
1647 433 1702 481 444.

1029 492 1254 552 PraedicatorQui
1262 497 1366 542 tantum
1377 507 1409 542 eo
1420 497 1537 556 tempore
1550 492 1593 542 liei
1605 493 1717 543 verbum
1728 494 1824 558 praedi·

999 554 1824 628 eatquppopulaslibeaterauscultat,etsecandaaspirataara

999 631 1120 672 rumoris.
1137 623 1208 667 sator
1231 618 1377 681 negligens,
1393 621 1420 667 et
1434 619 1545 678 ignavas
1560 617 1676 680 agricola
1702 623 1750 677 est,
1766 624 1822 671 482.

999 679 1163 743 Sapientiam
1175 682 1255 730 verba
1266 683 1400 743 pungunt,
1412 692 1467 728 non
1478 679 1596 742 palpant,
1606 693 1655 728 nec
1667 681 1730 731 moli
1741 697 1823 732 mana

999 745 1144 792 attreseant
1152 743 1284 792 lasciviam
1297 758 1303 802 ;
1314 742 1359 791 sed
1370 741 1519 791 errantibus
1531 745 1556 790 et
1565 743 1649 792 tardis
1659 745 1823 806 paenitentiae

999 802 1112 862 dolores,
1131 808 1156 854 et
1170 805 1269 854 vulnus
1283 805 1416 868 infligunt.
1433 807 1487 854 494.

1001 927 1006 938 .
1031 867 1207 916 Praescientia.
1223 868 1260 917 Ex
1284 866 1453 930 prescientia
1468 867 1494 915 et
1517 865 1752 926 predestinatione
1768 871 1824 930 Dei,

996 941 1051 992 Jam
1063 943 1093 978 aa
1103 929 1173 978 tacta
1182 934 1311 993 suntquis
1319 929 1410 978 lutura
1420 934 1491 988 suat,
1503 931 1557 978 394.
1568 929 1626 978 Non
1636 930 1703 980 tollit
1711 931 1823 982 liberum

999 991 1146 1048 arbitrium,
1168 991 1215 1041 sed
1243 1005 1337 1042 causas
1360 995 1422 1040 ante
1450 990 1600 1053 praecedere
1621 992 1717 1053 innuit,
1742 1007 1825 1057 quare

999 1055 1210 1116 unumquodque
1222 1054 1256 1104 sit
1271 1054 1380 1112 laetum,
1396 1056 1450 1102 435.

1032 1116 1164 1178 Principes
1179 1117 1243 1175 veri,
1259 1121 1285 1165 et
1297 1117 1400 1179 judiees
1414 1116 1506 1178 quales
1520 1115 1581 1174 sint,
1597 1114 1652 1164 475.

1031 1178 1176 1227 Proiectus.
1193 1179 1235 1228 Sic
1250 1178 1379 1229 debemus
1394 1179 1493 1234 vivere,
1509 1182 1538 1226 ut
1550 1191 1656 1241 semper
1678 1185 1825 1244 presentes

999 1239 1056 1288 dies
1070 1241 1192 1289 meliores
1208 1243 1286 1292 uobis
1301 1241 1362 1299 sint,
1378 1254 1460 1304 quam
1478 1241 1614 1303 praeteriti,
1630 1241 1684 1291 439.

1031 1302 1173 1352 Promissis
1195 1303 1287 1353 Melius
1297 1307 1337 1352 est
1343 1303 1485 1364 ancipitem
1496 1302 1541 1350 diu
1549 1302 1646 1351 librare
1656 1306 1823 1365 sententiam,

999 1377 1079 1426 quant
1096 1365 1122 1414 ia
1137 1365 1226 1414 verbis
1241 1365 1354 1421 facilem,
1371 1366 1398 1413 in
1413 1378 1493 1428 opera
1509 1378 1567 1414 esse
1582 1363 1727 1426 difficilem,
1737 1369 1792 1417 428.

1032 1427 1178 1490 Prophetae.
1193 1429 1282 1478 Nubes
1297 1433 1360 1477 sant
1375 1427 1512 1489 Prophetae
1528 1430 1553 1476 et
1563 1440 1657 1478 omnes
1668 1428 1766 1489 Sancti,
1778 1431 1824 1495 qui

999 1494 1132 1552 praecepta
1147 1490 1326 1540 doctrinarum
1343 1491 1432 1554 pluere
1446 1497 1567 1553 possunt,
1583 1491 1637 1539 484.

1033 1552 1233 1602 Proverbiaram
1249 1553 1323 1612 liber,
1341 1566 1404 1610 non,
1417 1557 1445 1602 ut
1455 1551 1587 1612 simplices
1597 1553 1768 1611 arbitrantur,
1780 1568 1825 1617 pa·

1000 1614 1081 1662 tentia
1095 1614 1177 1664 babet
1192 1617 1332 1677 praecepta,
1346 1614 1392 1663 sed
1404 1615 1479 1677 quasi
1491 1615 1518 1662 in
1528 1615 1705 1665 terrenarum
1716 1617 1827 1667 abscon·

1000 1675 1093 1729 clitum,
1111 1681 1136 1725 et
1151 1677 1178 1724 in
1193 1689 1261 1725 nuce
1277 1677 1409 1732 nucleum,
1427 1678 1480 1725 493.

1032 1738 1209 1787 Providentia.
1224 1739 1318 1787 Omnia
1330 1739 1383 1786 lieo
1394 1738 1461 1786 fluat
1470 1737 1639 1798 disponente,
1657 1743 1683 1788 et
1694 1751 1750 1788 non
1761 1753 1826 1790 casa

1001 1802 1046 1848 aut
1055 1799 1172 1857 fortuito,
1185 1803 1237 1850 aar.
1251 1801 1352 1849 Cuncta
1361 1813 1416 1848 non
1427 1799 1482 1847 sive
1493 1798 1630 1848 voluntate
1641 1801 1686 1848 Dei
1697 1801 1826 1863 disposita

1000 1866 1072 1919 aaut,
1088 1866 1115 1911 et
1129 1863 1198 1911 Deus
1212 1863 1303 1911 omnia
1318 1863 1344 1910 ia
1366 1861 1505 1911 utilitatem
1521 1860 1660 1910 hominum
1683 1861 1753 1922 iacit,
1769 1866 1827 1914 452.

1000 1923 1117 1972 Eventus
1127 1937 1215 1974 reram
1227 1924 1400 1985 providentias
1409 1923 1455 1972 liei
1466 1923 1653 1982 reservandus,
1665 1923 1727 1974 dam
1739 1939 1788 1976 aas
1798 1927 1826 1974 in

1001 1983 1827 2113 battitiislambitattitttttttittttttttittt

1253 2085 1258 2104 4
1655 2083 1661 2105 i

1001 2109 1609 2244 eessjeflffiggdsseffittztgtbslrfflnusLmsecundum
1625 2170 1762 2221 historiam
1780 2186 1824 2222 su-

1000 2244 1047 2294 per
1064 2233 1207 2284 Salomone
1222 2238 1365 2294 conscripti
1391 2235 1463 2292 sunt,
1488 2236 1592 2280 tametsi
1609 2232 1641 2280 ad
1659 2233 1827 2296 prophetiam

999 2293 1093 2344 Christi
1108 2300 1134 2346 et
1148 2296 1272 2346 Ecclesiae
1291 2296 1453 2357 pertineant,
1468 2295 1522 2342 aaa.
1552 2293 1706 2351 Quindecim
1730 2297 1826 2360 pssimi

999 2358 1131 2419 graduum
1148 2363 1219 2414 suat,
1236 2372 1281 2421 per
1310 2372 1358 2407 uos
1374 2358 1489 2420 primum
1501 2355 1674 2406 erudimurin
1685 2357 1752 2420 lege,
1768 2361 1828 2410 488.

1031 2419 1300 2533 ῌὲοιιιιῖιιιθιὲἴριιιιιι
1322 2457 1328 2480 ,
1345 2421 1402 2470 siue
1418 2418 1572 2482 Saphaneth
1586 2419 1690 2481 phanee
1706 2420 1770 2484 quid
1793 2422 1826 2470 ai-

1018 2495 1045 2530 ar
1067 2488 1109 2534 eet
1189 2521 1194 2531 .
1814 2481 1819 2492 '

1000 2495 1016 2544 Β
1032 2543 1187 2595 Ptolemaeus
1196 2545 1313 2594 Platonis
1322 2543 1372 2593 luit
1382 2546 1504 2592 sectator.
1515 2541 1620 2592 ludaeos
1628 2544 1719 2607 anagni
1728 2544 1828 2596 idcirco

1000 2603 1114 2658 iaciebat
1128 2609 1191 2672 qaia
1206 2620 1288 2656 anum
1306 2607 1389 2656 Deum
1405 2605 1491 2656 coiere
1506 2603 1667 2664 dicerentur,
1685 2607 1739 2657 383.

1034 2671 1134 2719 Punica
1149 2670 1240 2732 lingua
1255 2669 1367 2718 liebrreo
1382 2667 1500 2717 sermoni
1517 2668 1693 2728 contermina,
1709 2671 1764 2719 362.

1032 2731 1594 2797 Pythagoricorumdoctrineesttacereper
1623 2731 1667 2780 uin
1690 2731 1826 2790 nennium,

1000 2799 1028 2845 et
1039 2793 1261 2868 posteaeruditus
1275 2792 1357 2856 loqui,
1372 2794 1427 2842 449.
1438 2793 1578 2841 Decretum
1594 2743 1658 2841 iflud
1670 2745 1706 2843 ga
1721 2793 1827 2843 silentio

1001 2857 1179 2920 qrrrnqaeaaii
1189 2859 1339 2906 mutuatum
1350 2854 1712 2916 eatelibroaeclesiasticam
1721 2855 1826 2914 dicitur,

1000 2919 1114 2984 Tempus
1127 2918 1244 2976 tacendi,
1258 2922 1285 2968 et
1298 2923 1402 2980 tempus
1416 2916 1553 2980 loquendi,
1569 2916 1634 2966 ibid.

1401 3007 1428 3084 Q

1031 3115 1052 3173 Q
1065 3114 1189 3172 litteram,
1202 3113 1318 3176 exceptis
1328 3112 1435 3170 Latinis,
1447 3111 1521 3161 nulla
1531 3111 1683 3174 alialingus
1692 3110 1824 3174 ballabit.

1032 3175 1152 3235 Quercus
1167 3176 1284 3226 biambre
1294 3175 1477 3238 superstitioso
1488 3173 1561 3224 culta
1572 3174 1684 3224 celebris
1695 3188 1726 3224 us
1747 3189 1780 3224 ae
1791 3175 1824 3225 ad

1001 3241 1122 3302 tempora
1137 3238 1283 3288 Constantii
1297 3251 1324 3287 re
1344 3238 1373 3296 is,
1389 3237 1445 3286 sive
1461 3235 1641 3300 imperatoris,
1655 3237 1709 3297 tao,
1726 3240 1735 3286 4
1756 3241 1779 3287 5.

1032 3301 1103 3360 Quis,
1120 3313 1279 3364 pronomen,
1295 3251 1466 3361 ingScriptura
1477 3312 1531 3348 non
1543 3313 1592 3362 pro
1604 3299 1768 3362 impossibili,
1780 3297 1828 3350 sed

1001 3376 1050 3426 pro
1065 3363 1165 3413 diiflcili
1181 3376 1285 3426 semper
1299 3361 1436 3425 accipitur,
1452 3362 1507 3410 444.

1398 3453 1428 3516 R

1031 3541 1083 3589 lies
1098 3543 1125 3588 et
1138 3538 1231 3588 Daleth
1245 3550 1328 3600 parre
1342 3537 1417 3600 apice
1433 3535 1643 3599 distinguuntur,
1659 3539 1714 3587 432.

1002 3664 1007 3676 ¹
1032 3601 1106 3675 ltatip
1121 3599 1258 3672 naturalis,
1268 3613 1352 3710 3⁰³⁸!
1365 3599 1445 3670 etiam
1455 3597 1639 3670 peccatoribus
1653 3598 1724 3648 Deus
1734 3603 1829 3673 auctor

1000 3666 1121 3719 inseruit,
1134 3662 1267 3714 deducite
1296 3663 1453 3724 septentiam
1464 3659 1661 3722 requirendam,
1673 3661 1827 3712 stultitiam·

1001 3739 1053 3791 que
1068 3725 1232 3782 calcandam,
1245 3725 1300 3774 394.

1031 3788 1136 3846 liccem,
1152 3801 1199 3837 rex
1215 3785 1334 3850 ejusdem
1350 3783 1423 3835 urbis
1435 3796 1496 3846 quae
1508 3787 1535 3834 et
1545 3782 1829 3846 Petradicitur,dietus

1000 3853 1042 3924 est
1053 3852 1132 3900 etiam
1147 3863 1193 3901 rex
1204 3849 1318 3906 lladian,
1329 3847 1491 3905 tiatiecem,
1501 3846 1554 3896 alia
1563 3846 1590 3896 ia
1600 3846 1671 3896 tribu
1681 3847 1828 3911 benjamin,

1001 3912 1153 4038 ²miciir'egaam
1168 3973 1214 4023 liei
1229 3971 1399 4036 appellantur
1421 3969 1557 4020 volumina
1572 3969 1649 4034 Legis
1663 3973 1690 4020 et
1714 3971 1828 4034 Prophe·

1002 4039 1178 4156 mltueffimffi,
1195 4097 1291 4146 domus
1305 4095 1369 4144 idoli
1386 4094 1551 4153 Damasceni,
1570 4095 1625 4144 263.

1031 4156 1829 4242 44ιριοιίιι4ιιι4ι44ιιιιιάοὓιιιιιιιιιιιίριὶιιιὴίιιιιιιιιι,
1874 4231 1877 4236 Ι

1001 4225 1225 4343 Η4ὶ414ι4ιιοιοιιιιιι,
1240 4297 1292 4332 vox
1307 4281 1398 4332 addita
1413 4294 1428 4330 a
1442 4279 1504 4330 Lllll
1513 4280 1705 4345 interpretibus
1715 4282 1750 4331 ob
1762 4283 1830 4332 noti-

1000 4348 1062 4399 tiam
1078 4347 1139 4404 loci,
1156 4349 1209 4404 263,
1226 4348 1280 4394 298.
1606 4391 1610 4396 ,

1030 4410 1127 4460 lihodii
1142 4407 1269 4458 ltebraice
1284 4406 1425 4462 dodanim,
1441 4404 1483 4454 rel
1498 4404 1627 4454 liodaaim
1641 4403 1777 4467 dicuntur,
1790 4409 1817 4456 ts

1031 4473 1108 4522 ltisus
1123 4471 1245 4522 dissolvit
1259 4471 1401 4530 ridentem,
1417 4468 1456 4517 ira
1470 4467 1615 4530 corripitet
1628 4468 1760 4526 emendat,
1773 4466 1829 4543 ter:

1401 4559 1424 4624 S

1031 4649 1048 4699 S
1063 4649 1160 4713 triplex
1174 4647 1245 4711 apud
1262 4645 1404 4696 liebrreos:
1429 4645 1564 4711 quomodo
1587 4645 1700 4709 legatur,
1718 4646 1755 4707 46,
1771 4648 1826 4697 288.

1030 4711 1097 4762 Sada
1113 4711 1253 4761 Hebraeum
1269 4723 1319 4758 uec
1334 4723 1354 4766 s,
1370 4721 1419 4758 nec
1433 4712 1578 4757 anostrum
1593 4711 1679 4766 sonat,
1695 4709 1735 4756 92.

1031 4774 1176 4825 Sabbatum
1192 4773 1220 4822 in
1234 4770 1365 4836 principio
1377 4769 1536 4820 dissolutam
1551 4773 1599 4828 eu,
1615 4772 1670 4820 384.

1032 4837 1114 4886 Sabae
1129 4835 1201 4885 voela
1216 4833 1355 4895 multiplex
1370 4833 1561 4896 interpretatio,
1578 4833 1633 4882 334.

1030 4897 1170 4949 Sacerdos.
1187 4896 1356 4960 Primogeniti
1372 4895 1459 4945 oidcio
1474 4896 1644 4944 sacerdotum
1662 4893 1746 4943 iuncti
1763 4897 1828 4946 sant

1000 4960 1221 5071 aprrdstlebraeos,
1233 4964 1377 5022 antequam
1389 4959 1477 5008 Aaron
1487 4957 1514 5007 in
1526 4956 1705 5007 sacerdotium
1716 4956 1827 5019 eligere·

999 5028 1051 5082 tur,
1083 5026 1121 5072 48.

1032 5087 1242 5136 Sacramentum.
1254 5081 1408 5147 Mysterium
1419 5081 1542 5132 Ecclesia
1552 5079 1708 5130 Christianae
1720 5093 1773 5130 noa
1786 5086 1827 5132 est

999 5149 1028 5198 in
1042 5148 1157 5198 victimis
1170 5145 1369 5196 irrationalibus
1389 5143 1568 5200 immolandis,
1585 5143 1632 5192 aed
1649 5143 1675 5191 in
1690 5141 1827 5196 oblatione

1000 5211 1077 5324 &inis
1092 5215 1118 5260 et
1129 5209 1193 5268 atat,
1210 5208 1236 5258 id
1252 5212 1300 5269 est,
1312 5207 1435 5270 Corporis
1450 5211 1476 5256 et
1490 5205 1634 5269 Sanguinis
1649 5205 1753 5254 Domini
1764 5206 1827 5256 lesu

1039 5273 1103 5332 risii,
1120 5275 1174 5322 329.
1762 5307 1763 5312 ,

1032 5334 1174 5385 Saeculum.
1185 5333 1269 5382 Omne
1281 5333 1381 5381 bonam
1392 5330 1531 5394 praesentis
1541 5329 1632 5380 saeculi
1643 5329 1765 5380 conlusio
1777 5335 1826 5391 eat,

1000 5396 1082 5445 irrtrrri
1098 5400 1228 5460 perpetua
1241 5393 1380 5452 tortitudo,
1396 5395 1451 5442 444.

1030 5459 1124 5516 Salem,
1134 5458 1238 5510 Siehem
1253 5456 1349 5506 dicitur
1364 5460 1390 5505 et
1403 5454 1561 5510 ierusalem,
1576 5455 1631 5512 358,
1646 5455 1701 5503 359.

1031 5521 1154 5570 Salomon
1171 5520 1221 5569 iria
1234 5519 1457 5574 habuitnoraiaa,
1473 5519 1528 5566 883.
1538 5517 1689 5578 Sopicntiar
1700 5515 1761 5572 luit,
1772 5527 1827 5564 aon

1001 5583 1134 5632 Abraham
1145 5587 1171 5631 et
1181 5583 1271 5644 lloyse
1280 5585 1306 5630 et
1315 5581 1418 5631 euteria
1430 5579 1542 5638 Sanctia,
1554 5578 1600 5628 aad
1610 5579 1650 5627 his
1661 5578 1707 5640 qui
1718 5576 1828 5627 luerunt

1000 5651 1061 5694 eata
1073 5659 1099 5694 ae
1111 5645 1304 5701 inlarusalem,
1315 5645 1371 5694 394.
1381 5645 1463 5696 Juxta
1476 5654 1621 5692 numerum
1635 5638 1824 5688 vocabulorum

1001 5705 1314 5768 suorum,triavolamina
1323 5705 1416 5768 edidit,
1429 5707 1457 5755 in
1467 5705 1565 5767 quibus
1575 5699 1699 5768 parvulos
1709 5700 1828 5756 docebat

1000 5771 1071 5821 Vif0⁸
1085 5773 1194 5822 mitur&
1209 5769 1304 5828 4944444,
1319 5772 1347 5819 44
1368 5770 1505 5836 periectas
1527 5771 1606 5829 atque
1629 5761 1828 5814 consummatos
