4064 6158
230 245 293 318 aar
361 223 365 228 ’
850 247 883 316 s.
903 245 1058 319 ausona
1080 247 1314 317 aroannam.
1399 301 1402 306 ,
1756 281 1759 290 ,
1849 259 1903 332 ,ῃ

230 397 266 458 go
280 384 429 458 perpetua,
446 379 645 457 pestilentiam
661 382 761 457 patrie
776 385 916 442 scribitur
935 387 1053 458 sponta-
1068 382 1096 450 A
1109 390 1271 454 cernerent,
1288 385 1370 458 quasi
1385 387 1422 444 ad
1436 385 1578 462 requisita
1601 393 1707 448 natura
1728 395 1901 468 egredientes,

232 488 287 530 nea
299 473 393 528 morte
406 468 546 540 solvisse;
562 468 766 545 et‘lphiganiae
788 473 909 546 virginis
934 472 1054 545 sanguis
1109 471 1232 530 invicem
1249 492 1280 531 se
1293 475 1449 549 complexas
1473 477 1721 551 precipitaverunt
1742 481 1770 538 in
1784 487 1907 555 puteum,

229 562 368 619 aduersos
392 560 523 634 placasse
543 565 654 617 ventos.
682 561 754 625 Quid
780 562 901 617 reseram
929 559 1054 632 Sibyllss
1108 566 1142 618 ut
1154 561 1352 635 virginitatem
1369 571 1462 622 morte
1476 573 1630 625 servarent.
1652 569 1911 629 DemotioniaAreo-

228 651 408 725 Erythraeam
424 653 511 721 atque
525 649 697 719 Cumanam,
712 654 812 706 etocto
823 649 1053 722 reliquasiuam
1108 648 1292 722 pagitarum²
1322 652 1463 726 principis
1498 653 1578 727 virgo
1611 655 1680 723 lilia,
1704 657 1798 714 audito
1820 661 1911 730 sponsi

226 741 318 799 Varro
330 740 431 795 decem
442 739 534 795 luisse
545 742 688 807 autumat,
703 755 829 811 quarum
840 739 955 810 insigne
965 737 1052 810 virgi·
1109 738 1279 796 Leosthenis
1294 739 1426 811 interitu,
1442 742 1492 814 qui
1506 741 1614 798 bellum
1640 744 1802 800 Lamiacum
1824 747 1910 802 couci-

152 899 158 904 „
229 829 305 886 nitas
320 832 374 898 est,
390 831 419 883 et
432 827 608 900 virginitatis
628 827 780 899 premium
804 828 953 885 divinatio,
970 827 1052 892 Quod
1106 831 1192 898 taret,
1211 845 1242 886 se
1265 829 1429 888 interiecit:
1457 831 1608 888 assereus³
1626 849 1789 905 quanquam
1811 834 1909 892 intecta

227 919 252 975 si
266 917 367 974 AEolioi
382 933 487 989 genero
503 916 648 972 sermonis
662 915 772 988 Sibylla
794 909 935 982 Θεοῧούλη
954 915 1051 988 appel·
1107 922 1185 973 esset
1199 935 1328 991 corpore,
1345 923 1443 976 tamen
1463 920 1487 978 si
1513 919 1637 978 alterum
1661 921 1786 996 accipere
1806 939 1910 996 cogere·

223 1006 312 1078 latur,
329 1011 404 1063 reete
419 1005 567 1062 consilium
583 1007 630 1061 Dei
644 1002 706 1062 sola
721 1006 795 1062 aaa
815 1003 955 1063 scribitur
967 1019 1052 1061 nesso
1105 1009 1163 1079 tur,
1180 1009 1265 1081 quasi
1282 1009 1444 1066 secundum
1465 1010 1618 1084 acciperet,
1642 1027 1706 1067 eum
1723 1011 1806 1084 priori
1823 1015 1911 1068 mente

221 1095 388 1168 virginitas.
409 1094 604 1150 Cassandram
621 1111 737 1166 quoque
761 1100 790 1150 et
814 1095 955 1168 Chrysoin
972 1098 1051 1152 vates
1105 1096 1265 1169 nupsisset.
1280 1098 1356 1155 8⁰8
1372 1097 1527 1172 Spartiatae
1542 1101 1571 1154 et
1585 1099 1718 1156 Messenii
1739 1099 1788 1155 diu
1801 1099 1870 1156 iuter
1883 1115 1911 1156 aa

224 1183 378 1257 apollinis,
395 1199 428 1238 aa
443 1181 569 1239 lunonis
583 1183 710 1256 virgines
736 1181 888 1256 legimus¹.
906 1184 941 1238 Et
955 1200 1049 1240 saeer-
1104 1185 1233 1243 habuere
1244 1187 1399 1256 amicitias,
1414 1188 1443 1244 in
1470 1191 1586 1245 tautum
1608 1191 1641 1244 ut
1651 1187 1686 1244 ob
1699 1187 1826 1259 quadam
1836 1203 1911 1244 saera

223 1273 305 1330 dotes
320 1271 417 1328 Dianae
432 1271 572 1340 Taurica,
589 1276 617 1327 et
631 1271 735 1341 Vesta,
751 1271 987 1328 innumerabiles
1002 1289 1049 1328 ex·
1104 1273 1191 1330 etiarn
1207 1275 1335 1348 virgines
1345 1277 1380 1332 ad
1397 1293 1429 1332 se
1444 1279 1547 1332 mutuo
1559 1276 1716 1332 mitterent.
1732 1274 1912 1347 Quodamigi·

222 1361 370 1417 stiterunt.
387 1361 516 1424 Quarum
534 1376 593 1415 uua
617 1360 739 1416 Munilia
763 1365 881 1434 propter
906 1361 1049 1432 suspicio·
1102 1367 1151 1417 tur
1165 1367 1305 1436 ternpore,
1322 1380 1390 1420 cum
1407 1363 1625 1438 quinquaginta
1649 1363 1775 1436 virgines
1795 1362 1912 1419 Laeede·

223 1465 291 1506 nem
307 1448 402 1521 stupri
415 1449 480 1504 viva
494 1448 611 1504 defossa
623 1453 686 1504 est:
704 1449 823 1518 injusta,
848 1453 880 1504 ut
896 1465 970 1518 reor,
986 1466 1048 1521 poa·
1103 1453 1269 1508 monierum
1294 1453 1431 1510 Messenii
1455 1453 1563 1509 violare
1584 1453 1771 1518 tentasseut‘,
1787 1451 1821 1508 de
1841 1455 1913 1508 tauto

222 1554 272 1606 na,
288 1537 345 1594 nisi
361 1536 471 1610 grande
485 1537 596 1592 crimen
619 1541 770 1608 putaretur
792 1536 861 1593 lesu
884 1537 1047 1611 virginitas.
1103 1556 1225 1597 numero
1241 1542 1277 1597 ad
1299 1545 1436 1614 stuprum
1465 1541 1547 1598 nulla
1570 1541 1728 1610 consensit,
1751 1540 1798 1596 sed
1821 1554 1914 1596 omues

222 1627 305 1682 Certe
329 1626 480 1682 Romanus
502 1625 629 1697 populus
652 1629 761 1697 quanto
793 1625 902 1682 honore
922 1624 1048 1699 virgines
1101 1627 1297 1686 libentissime
1312 1647 1366 1703 pro
1382 1630 1524 1703 pudicitia
1547 1631 1756 1686 occubuerunt.
1780 1627 1913 1692 Quamob-

222 1731 339 1788 aemper
353 1714 498 1783 habuorit‚
515 1715 583 1770 bino
608 1719 737 1786 apparet,
761 1715 839 1787 quod
856 1714 1004 1782 :consules
1019 1719 1048 1772 et
1102 1734 1163 1773 ram
1174 1734 1260 1792 grave
1275 1718 1385 1776 ballum
1400 1722 1428 1776 et
1444 1717 1654 1792 longissimum
1679 1717 1848 1774 concitatum
1863 1718 1914 1785 est,

222 1804 423 1877 imperatores,
440 1808 469 1859 et
483 1803 512 1859 in
529 1803 665 1860 curribus
688 1803 917 1877 triumphantes,
944 1805 994 1877 qui
1011 1804 1046 1860 de
1102 1810 1130 1862 ct
1145 1806 1353 1879 postmultum
1376 1807 1517 1881 temporis
1543 1806 1699 1864 Mamertia
1721 1805 1853 1861 subversa
1864 1806 1913 1860 est.

223 1894 371 1967 superatis
385 1893 522 1967 gentibus
544 1893 674 1966 trophea
696 1893 871 1960 celerabant,
898 1896 926 1949 at
950 1893 1047 1950 omnis
1100 1894 1293 1952 Aristoclides
1308 1896 1482 1952 Orchomeni
1503 1900 1647 1968 tyrannus
1673 1893 1816 1951 adamavit
1835 1891 1914 1964 virgi·

221 1983 374 2058 dignitatis
389 1983 509 2056 gradus,
520 1982 561 2039 eis
571 1981 662 2038 davia
672 1983 774 2038 cedere
785 1981 889 2038 solitus
900 1981 949 2038 sit.
960 1981 1045 2038 Glau-
1101 1999 1168 2040 nem
1192 1984 1438 2060 stymphalidem,
1464 1969 1527 2058 quaa
1552 2001 1630 2054 oum,
1655 1988 1739 2057 patre
1761 1981 1860 2048 occiso,
1882 1980 1914 2036 sd

222 2073 270 2130 dia
292 2073 374 2145 virgo
397 2071 523 2128 Vestalis
544 2087 610 2127 cum
635 2071 665 2126 in
690 2070 889 2143 suspicionem
921 2070 1047 2127 venisset
1100 2073 1244 2145 tempium
1268 2074 1366 2130 Dianae
1387 2074 1579 2147 confugisset,
1599 2078 1628 2129 et
1650 2071 1840 2130 simulacrum
1858 2069 1914 2140 ejus

221 2161 326 2234 stupri,
343 2164 371 2218 et
387 2160 578 2217 simulacrum
595 2159 698 2215 matris
721 2158 801 2215 ldae
825 2159 855 2214 in
871 2158 944 2214 vado
960 2158 1045 2214 Tibe·
1101 2167 1220 2230 teneret,
1237 2179 1290 2218 uec
1304 2163 1332 2218 vi
1357 2166 1456 2236 posset
1480 2161 1574 2228 avelli,
1598 2162 1628 2216 in
1654 2161 1758 2218 eodem
1779 2159 1838 2215 loco
1853 2173 1914 2213 con·

221 2250 262 2307 ris
276 2250 407 2317 hereret,
433 2249 470 2305 ad
495 2248 743 2321 comprobandam
764 2248 936 2320 pudicitiam
961 2263 1045 2304 suam
1102 2253 1246 2309 inessent.
1263 2250 1306 2307 Ob
1330 2253 1416 2323 cujus
1435 2267 1553 2318 nesam,
1578 2253 1659 2307 tanto
1685 2249 1781 2306 omnis
1803 2245 1914 2303 Arcadia

221 2339 314 2397 fertur
327 2337 444 2411 cingulo
459 2336 577 2394 duxisse
592 2353 707 2402 navem,
731 2353 821 2409 quam
846 2335 938 2393 multa
954 2335 1046 2391 millia
1100 2340 1199 2397 dolore
1216 2343 1362 2396 commota
1377 2343 1431 2408 est,
1448 2343 1480 2394 ut
1495 2337 1604 2396 bellum
1621 2338 1739 2412 publica
1748 2337 1880 2403 sumeret,
1890 2336 1915 2388 at

220 2428 376 2486 hominurn
391 2427 508 2484 trabere
520 2426 721 2499 nequiverant.
749 2425 853 2483 Melius
877 2430 986 2494 tameo,
1004 2425 1046 2479 in·
1100 2420 1914 2501 necemvirginisuloisccretur.AristomenasMesscuius,

221 2517 285 2591 quit
303 2516 411 2573 Lucani
435 2521 525 2589 poete
549 2519 671 2588 patruus
695 2513 773 2586 [Scit.
799 2515 909 2570 Seneca
936 2529 1045 2586 prece·
1100 2517 1350 2588 virjustissimus,
1376 2515 1461 2572 victis
1484 2515 1725 2586 Lacedaemoniis,
1749 2517 1778 2568 et
1800 2510 1915 2584 quodam

221 2609 289 2679 ptor
302 2603 449 2676 Neronisi.
465 2619 531 2659 cum
546 2603 596 2659 illa
619 2607 697 2660 esset
719 2608 827 2671 actum,
851 2602 876 2657 si
899 2602 953 2659 boe
968 2602 1044 2674 quod
1098 2609 1229 2679 tempore
1243 2611 1384 2662 nocturna
1407 2621 1491 2661 sacra
1509 2603 1739 2671 celebrantibus,
1765 2617 1826 2673 qua
1840 2614 1914 2654 voea-

221 2691 326 2758 evenit‚
343 2695 549 2747 oruamentum
565 2689 663 2762 potius
677 2690 831 2762 explorate
849 2689 1046 2763 luissetpudi-
1100 2694 1206 2750 bantur
1228 2691 1427 2766 Hyacinthial,
1454 2692 1551 2764 rapuit
1575 2692 1611 2748 de
1633 2691 1732 2748 choris
1762 2685 1915 2746 ludentium

224 2778 309 2846 citis,
324 2795 413 2852 quam
436 2778 531 2834 dubiae
553 2777 761 2850 patrocinium.
784 2779 841 2834 Nec
866 2779 974 2834 mirum
990 2778 1045 2834 boe
1098 2783 1226 2856 virgines
1251 2781 1430 2853 quindecim,
1453 2783 1483 2836 et
1507 2783 1569 2836 tota
1592 2784 1677 2836 nocte
1702 2779 1794 2853 gradu
1816 2773 1916 2832 concito

222 2868 259 2925 de
272 2867 452 2934 hominibus,
470 2883 536 2922 oum
553 2866 712 2922 Minervam
737 2881 854 2939 quoque
877 2871 906 2921 et
921 2865 1043 2921 Dianam
1098 2871 1225 2944 lugiens,
1243 2869 1367 2926 excessit
1380 2869 1417 2924 da
1432 2868 1541 2924 finibus
1556 2868 1785 2940 Spartanorum.
1799 2869 1917 2935 Cumque

220 2957 347 3031 virgines
362 2958 432 3014 deas
448 2956 564 3013 tinxerit
577 2973 658 3013 error
667 2954 832 3030 gentilium,
844 2959 873 3016 ar
882 2955 957 3010 inter
971 2954 1043 3009 duo·
1098 2977 1147 3016 ens
1161 2958 1283 3016 comites
1298 2959 1361 3030 cy'us
1376 2956 1484 3013 vellent
1498 2956 1618 3025 violare,
1641 2956 1763 3013 monuit
1785 2955 1916 3026 quantum

221 3046 316 3104 decim
331 3047 416 3120 signa
431 3045 505 3115 coeli,
527 3045 635 3117 quibus
660 3046 805 3100 mundum
830 3043 903 3100 volvi
928 3047 1042 3115 putant,
1098 3048 1202 3120 potuit,
1220 3064 1255 3103 ne
1270 3046 1325 3102 hoe
1345 3046 1481 3112 lacerent,
1499 3049 1528 3100 et
1547 3044 1583 3101 ad
1599 3049 1767 3101 extremum
1783 3041 1916 3116 quosdam

220 3135 371 3208 Virginem
386 3133 565 3190 collocarint.
585 3134 690 3206 blegne
701 3132 808 3204 injuria
818 3133 999 3205 nuptiarum,
1010 3120 1080 3187 urG
1099 3153 1157 3192 non
1172 3139 1307 3208 parentes
1323 3135 1379 3206 [At.
1397 3133 1559 3207 parcentes]
1576 3132 1736 3203 interiecit,
1747 3129 1853 3189 ceteris
1866 3143 1917 3185 me·

219 3239 256 3278 ue
270 3222 346 3278 iuter
361 3223 491 3294 scorpios
506 3222 624 3294 quidem
640 3227 669 3276 et
687 3225 851 3288 centauros,
867 3226 896 3277 et
910 3237 1039 3287 cancros,
1095 3229 1126 3281 tu
1142 3223 1286 3281 coercitis.
1303 3224 1471 3294 Redempta
1494 3225 1627 3294 posteaa
1653 3221 1790 3294 cognatis
1812 3215 1915 3293 puella,

219 3316 247 3368 et
262 3311 367 3384 pisces,
384 3314 412 3366 et
426 3314 600 3383 aegocerotas
622 3310 698 3382 [Scit.
724 3309 951 3385 capricornuml,
967 3327 1039 3366 uno·
1095 3330 1162 3370 oum
1177 3313 1392 3369 Aristomenem
1412 3311 1544 3367 viderent
1558 3309 1646 3366 caedis
1661 3327 1748 3367 reum
1771 3309 1842 3376 lieri,
1857 3310 1917 3361 tau-

219 3415 280 3456 ram
297 3399 495 3471 maritumque
509 3399 715 3455 contruserint.
737 3399 869 3472 Triginta
883 3399 1039 3455 Athenian·
1095 3402 1145 3459 diu
1160 3403 1196 3457 ad
1212 3399 1337 3474 patriam
1350 3416 1408 3456 nou
1418 3403 1488 3456 sunt
1498 3415 1630 3467 reversa,
1641 3399 1779 3471 quandiu
1791 3396 1917 3470 judicum

220 3488 298 3545 sium
322 3488 438 3562 tyranni
462 3503 528 3543 cum
554 3487 714 3544 Phidouem
738 3489 792 3560 [Al.
818 3488 995 3559 Ptredonem]
1010 3488 1040 3542 in
1095 3489 1237 3547 advolutae
1253 3489 1379 3562 genibus
1394 3489 1577 3545 defensorem
1602 3487 1836 3560 pudicitiarum
1858 3499 1916 3539 eer-

219 3577 348 3635 convivio
364 3581 527 3643 necassent,
544 3575 620 3632 filias
635 3577 699 3647 ejus
715 3576 842 3650 virgines
856 3577 893 3634 ad
904 3577 1041 3633 sevenire
1095 3583 1197 3636 nerant
1210 3578 1390 3636 absolutum.
1412 3579 1472 3644 Quo
1488 3592 1538 3633 ore
1552 3575 1710 3634 laudandas
1731 3581 1802 3636 suut
1816 3571 1915 3632 Scede·

215 3667 383 3740 jusserunt,
406 3669 436 3722 et
461 3670 625 3722 scortorum
650 3682 731 3722 more
755 3665 878 3734 nudari;
905 3681 937 3722 ac
952 3681 1041 3737 super
1095 3669 1139 3726 sil
1155 3668 1221 3725 filia
1246 3669 1275 3724 in
1299 3666 1429 3724 Leuctris
1453 3665 1578 3734 boeotia,
1604 3681 1679 3737 quas
1705 3666 1848 3724 traditum
1869 3663 1916 3728 est,

219 3756 394 3829 pavimenta,
411 3755 504 3827 patris
530 3753 673 3826 sanguiue
697 3759 856 3822 cruentata,
882 3753 1040 3826 impudicis
1095 3759 1215 3815 absente
1232 3763 1324 3829 patre,
1341 3757 1415 3812 duos
1427 3756 1552 3827 juvenes
1566 3759 1779 3827 pretereuntes
1792 3755 1858 3825 jure
1871 3749 1919 3804 bo-

220 3845 351 3918 gestibus
367 3843 566 3915 luderezqurs
582 3841 926 3916 paulisperdissimulato
943 3841 1041 3900 dolore
1095 3847 1175 3921 spitii
1203 3845 1378 3918 suscepisse.
1412 3844 1466 3911 Qui
1491 3842 1619 3900 multum
1653 3842 1846 3917 indulgentes
1858 3838 1919 3894 vino

219 3933 279 4005 [At.
309 3931 417 3989 doloris
452 3931 575 4003 babita],
606 3947 673 3987 cum
702 3930 880 3988 temulentos
906 3932 1041 3988 convivas
1094 3937 1219 4008 vimper
1238 3943 1352 3990 noctem
1376 3931 1690 4005 intuleravirginibus.
1713 3932 1786 3997 Qua
1810 3927 1918 3986 amissa

255 4072 445 4130 ¹Aliaserat.
464 4076 539 4130 Vates
560 4074 693 4146 Apollinis
713 4073 783 4130 Aelii
805 4091 861 4131 non
884 4077 941 4131 nisi
960 4077 1042 4146 cirpi-
1131 4076 1279 4132 ³Videtur
1310 4073 1407 4147 suppl.
1436 4073 1508 4147 qaod
1536 4073 1572 4129 ad
1602 4089 1706 4130 seusus
1737 4069 1918 4145 elegantiam.

218 4162 266 4203 nes
289 4145 488 4203 lcr'nras.Vide
522 4146 558 4201 de
586 4144 707 4218 reliquis
733 4147 924 4213 bectoritum,
951 4144 1002 4201 lib.
1020 4162 1040 4212 1,
1131 4147 1280 4204 ‘consule
1305 4146 1453 4212 orosium,
1482 4143 1534 4200 lib.
1560 4162 1591 4210 11,
1614 4161 1639 4200 o.
1664 4144 1719 4212 2l;
1752 4143 1920 4201 Strabonem

219 4233 246 4276 c.
260 4219 288 4274 6.
351 4218 429 4273 Falso
445 4219 593 4289 retenone:
608 4222 638 4273 et
661 4233 686 4272 c.
708 4219 753 4272 22.
774 4218 807 4273 de
830 4220 875 4272 lra
898 4218 947 4272 Dei
957 4234 964 4282 ;
982 4222 1040 4270 Au·
1097 4235 1224 4292 quoque,
1240 4216 1291 4271 lib.
1309 4233 1357 4281 v1;
1372 4216 1536 4284 tustinum,
1552 4214 1669 4271 lib.111:
1683 4213 1918 4276 etblustaobium

219 4291 382 4364 guatinum,
399 4288 450 4344 lib.
466 4306 538 4344 xvrll
549 4289 582 4344 de
598 4290 714 4344 Ciuitate
730 4289 786 4354 net,
803 4303 833 4368 ¹a.
858 4288 911 4343 23:
928 4287 1041 4368 Livium
1096 4291 1126 4346 in
1142 4288 1324 4370 Dionysium.
1340 4288 1407 4343 Mox
1422 4287 1639 4353 Casanatensis‚
1655 4307 1669 4336 n
1685 4285 1823 4368 Virgines
1839 4285 1919 4340 Lane-

219 4357 862 4434 quoque,lib.v1n,deo.13itemValerrum
879 4373 1040 4413 maximum
1098 4362 1310 4418 demoniorum
1339 4358 1442 4424 issent,
1469 4364 1496 4412 et
1515 4374 1565 4413 aas
1590 4357 1737 4422 Messenii,
1756 4380 1771 4408 n
1794 4361 1848 4412 ato.
1874 4353 1920 4409 Pro

219 4447 349 4556 guoque,
365 4429 417 4486 lib.
434 4431 568 4513 vundan.
581 4431 594 4484 l
609 4430 702 4554 ;ditern
717 4427 865 4554 Valerigm
881 4429 1041 4554 blaximlgrm
1057 4489 1079 4554 D
1097 4433 1258 4516 mamertia,
1275 4430 1354 4501 quod
1376 4431 1460 4513 infra·
1475 4434 1539 4555 aa&
1553 4428 1787 4554 codicesdnostri
1811 4427 1922 4547 liemcffi

219 4503 389 4679 afflui
406 4502 916 4696 iuditia....tripertita
934 4515 985 4696 ‘¹ss
1007 4516 1042 4556 ¹¹³
1096 4509 1167 4631 lte
1180 4502 1489 4654 irretientes
1503 4515 1684 4656 astillat,
1697 4509 1922 4696 strigilis,

218 4644 964 4796 m1nltt‘ttntntttttstultiutttttff
979 4658 1042 4796 tit
1096 4646 1177 4784 till:
1192 4643 1628 4787 {annullabunt
1642 4651 1921 4796 attremant.

219 4785 416 4862 ronymi,ois1
440 4785 513 4841 torte
534 4801 563 4838 ru
588 4784 697 4839 librum
722 4784 929 4840 liebrarcorurn
946 4801 1040 4842 nomi·
1096 4788 1212 4846 sebiuur
1230 4787 1265 4843 ad
1283 4803 1330 4842 ao.
1346 4787 1426 4842 3670.
1444 4785 1522 4842 lnlro
1537 4801 1589 4856 pro
1605 4783 1723 4840 Arcadio
1745 4783 1923 4840 Casauatea·

219 4877 304 4928 uum,
328 4875 415 4932 quern
440 4856 568 4913 sciebam
592 4855 773 4928 contemptui
798 4854 932 4912 habitum
964 4858 1041 4929 apud
1097 4861 1139 4917 sis
1155 4859 1245 4914 babet
1260 4857 1374 4914 Actania.
1616 4864 1621 4876 “

218 4930 341 4988 multos.
358 4932 459 5002 ltaque
473 4944 577 5012 puram
593 4927 640 4983 bic
652 4943 685 4984 ac
701 4927 859 5000 genuinam
884 4927 1040 4984 aditionem
1132 4927 1243 4986 ⁸nals0
1263 4935 1325 4986 erat
1357 4927 1555 5002 llyceintbina.
1589 4927 1677 4982 Erant
1701 4929 1800 4980 autom
1826 4919 1923 5001 istbac

218 5001 386 5074 Hieronymi
402 5005 532 5074 requiret
546 4999 698 5056 studiosus
714 4999 824 5082 laetor,
839 5015 895 5081 non
913 4999 1042 5080 padago-
1098 5011 1118 5058 A
1142 5000 1235 5069 altini,
1252 5001 1312 5057 sivo
1337 5000 1440 5056 Libero
1466 5003 1609 5055 nocturna
1631 4992 1922 5078 sarraliam-ebrus.

219 5087 325 5142 gerum
340 5073 522 5145 diligentiam
538 5073 725 5145 scriptorum,
737 5088 765 5125 rn
780 5068 937 5126 surslrbrrs
948 5073 1042 5124 osten·
1097 5018 1149 5129 AB.
1165 5091 1174 5128 1
1190 5073 1283 5144 Satyr.
1301 5089 1326 5126 o.
1345 5071 1395 5125 18:
1413 5070 1527 5142 «Apud
1544 5069 1775 5126 Lacedamonros
1791 5069 1882 5122 etiam
1894 5075 1923 5114 rn

219 5141 346 5196 tautium
361 5144 555 5200 eruditionem
571 5143 736 5200 Graecarum
754 5159 786 5198 ao
812 5139 1041 5198 Romanensium
1096 5143 1198 5210 sacris,
1213 5160 1277 5270 aaa
1293 5140 1417 5213 Apollini
1440 5142 1596 5208 celebrant,
1623 5137 1796 5212 Hyacinthia
1821 5147 1925 5190 vooau·

219 5211 396 5268 iabularum.
411 5219 562 5284 Ceterum,
578 5215 629 5286 qui
640 5215 856 5280 seirevoluerit,
874 5212 950 5268 uude
962 5217 1042 5269 tanta
1097 5219 1151 5282 tes,
1175 5214 1211 5270 be
1782 5277 1787 5289 ¹

219 5281 404 5354 antiquitatis
419 5291 610 5340 monumenta
624 5284 771 5358 collegerit
785 5285 964 5366 virsenctos
975 5282 1042 5340 Hie·
1096 5285 1252 5358 qaindecim
1264 5288 1347 5340 vetus
1362 5282 1449 5339 aditio
1465 5282 1554 5366 babet
1567 5281 1718 5339 duodecim.
1738 5277 1850 5338 Deinde

219 5370 371 5426 ”⁰⁰³¹”¹¹⁵'
391 5353 524 5436 ΨΜ
546 5355 710 5481 ttrite
731 5353 1041 5484 latinitatis:
1097 5355 1574 5483 attritalattiniani
1588 5357 1741 5482 dimili
1766 5411 1925 5478 amanen

219 5426 1040 5579 ssflssssffiffifiisetssssfflyfimfytiuy„,yuffi‚phfflyh'ffiym,
1099 5497 1328 5556 narrationibus.
1568 5441 1586 5497 p
1639 5465 1646 5491 ’
2004 5487 2005 5496 ’

220 5575 250 5634 ot
263 5571 403 5648 reliquos,
419 5584 493 5644 quos
507 5583 569 5642 rpse
583 5582 690 5640 sapius
704 5566 842 5641 appellat.
851 5572 994 5628 marran.

1234 5231 1284 5270 era
1307 5215 1483 5269 coronantur
1503 5210 1723 5280 Bncohieoritu,
1750 5231 1764 5259 a
1786 5211 1854 5261 blox
1874 5215 1925 5330 Εὲο
