4054 6168
228 279 310 370 roto
851 304 885 366 s.
907 301 1062 368 nusum
1083 299 1318 368 uraaoarm.
1851 289 1927 362 :cac

225 436 303 494 leros
317 433 528 492 descensurum
545 450 576 489 se
605 433 676 490 dicit
699 439 777 504 (Gen.
800 453 896 492 xxxvii
911 444 936 492 ct
960 437 1046 508 xciv).
1065 439 1093 504 Α
1144 439 1290 502 Quantum
1306 437 1403 490 autem
1431 433 1467 488 ad
1494 421 1679 504 spiritualem
1705 429 1924 504 intelligentiam

224 523 402 598 litlobpios
417 527 447 580 st
465 523 573 596 impios
599 523 629 578 in
654 523 767 581 inlerno
794 525 928 597 queritur
954 529 1052 581 rctcn-
1107 527 1247 598 pertinet:
1282 525 1418 593 Quoniam
1441 523 1564 579 homines
1581 523 1745 593 acjacentia
1772 521 1863 580 soloce
1883 521 1926 597 sc·

226 612 283 672 tari
303 613 371 686 (lob.
390 630 429 668 vu
445 612 562 683 ctxvu).
579 612 613 668 ldt
637 611 836 685 Evangelium,
857 612 946 670 cbaos
971 630 1052 687 mag·
1107 613 1159 670 ciet
1187 613 1318 668 Domino:
1343 611 1430 684 (Ptol.
1446 627 1529 678 xxxv,
1545 609 1573 680 7)
1586 627 1594 666 :
1609 613 1639 666 ct
1664 607 1694 664 in
1721 609 1779 666 alio
1794 608 1874 666 loco:
1898 611 1928 668 Ut

224 717 296 758 num
312 701 521 774 interpositum
537 701 616 774 apud
629 700 751 768 inferos,
765 705 794 757 et
814 702 960 758 Abrabam
985 718 1051 757 cum
1107 701 1260 770 iumentum
1273 717 1345 768 scm,
1361 697 1467 771 inquit,
1483 697 1557 771 apud
1571 705 1607 766 tc,
1626 705 1652 754 et
1659 712 1707 769 epo
1715 713 1825 770 semper
1843 703 1928 754 imm

224 791 343 862 Lazaro,
360 794 390 847 et
404 789 525 846 divitem
541 789 572 846 in
588 789 743 862 suppliciis
754 805 819 846 esse
830 793 956 846 testatur
975 791 1051 861 (tac.
1108 789 1286 860 (Pactum,
1302 789 1367 856 23):
1382 792 1411 844 et
1435 787 1465 842 in
1494 786 1633 842 omnibus
1661 785 1813 858 prophetis
1840 785 1929 843 bomi-

222 880 292 952 xvt).
309 879 344 935 lit
356 895 465 946 resera,
482 884 643 951 antequam
658 878 825 936 flammeam
850 878 930 936 illam
947 884 1053 948 rotam,
1108 893 1160 935 nes
1177 880 1185 914 ¹
1200 882 1227 932 at
1242 894 1345 951 pecora
1362 877 1391 932 in
1402 873 1567 933 Jerusalem
1583 874 1725 932 salvanda
1739 875 1792 948 [tt.
1815 874 1929 948 adram]

222 971 251 1024 et
265 967 382 1040 igneam
399 965 589 1038 rompheam,
605 971 635 1023 et
660 967 788 1040 paradisi
818 967 894 1023 iores
919 966 1052 1024 Cbristus
1108 963 1551 1038 dicuntur,etimpleritcrram
1574 963 1929 1038 repromissionis²peco·

223 1054 418 1114 cumlatrone
442 1059 595 1125 reseraret,
625 1054 725 1113 clausa
751 1059 834 1113 erant
862 1054 1000 1120 coelestia,
1025 1061 1054 1112 et
1108 1053 1565 1124 ribusetarmentis;nuisscit,
1594 1057 1693 1110 utrum
1719 1057 1852 1121 sanctus,
1881 1053 1928 1126 qui

223 1144 362 1218 spiritum
378 1143 491 1216 pecoris
506 1143 695 1218 hominisque
710 1145 831 1218 equalis
845 1145 943 1201 vilitas
972 1162 1052 1202 coar·
1108 1143 1238 1202 bominis
1251 1141 1446 1216 appellatione
1461 1142 1569 1216 dignus
1584 1145 1639 1209 est,
1666 1142 1805 1198 escendat
1829 1142 1859 1196 in
1875 1159 1930 1198 coe·

221 1234 328 1290 ctabat.
347 1233 381 1289 ut
396 1232 466 1290 licet
479 1231 559 1290 aliud
574 1233 858 1302 videreturdissolvi,
871 1233 951 1290 aliud
963 1250 1054 1292 reser·
1108 1233 1180 1301 lum,
1196 1236 1224 1287 et
1240 1236 1339 1287 utrum
1354 1237 1497 1304 peccator,
1528 1230 1578 1303 qui
1602 1230 1773 1302 jumentum
1801 1236 1928 1302 vocatur,

221 1321 302 1390 vari:
326 1326 425 1380 tamen
453 1339 511 1381 non
542 1324 668 1382 multum
693 1323 833 1381 intererat
861 1321 956 1396 perire
985 1339 1053 1379 cum
1108 1320 1306 1378 descendatin
1322 1319 1536 1376 torram‘lFieri
1553 1319 1631 1376 enim
1647 1319 1929 1393 potestprnincerto

221 1425 352 1484 corpore,
366 1411 410 1468 vel
425 1412 533 1469 interni
547 1412 679 1469 tenebris
695 1411 831 1468 detineri.
1041 1457 1046 1466 .
1107 1410 1171 1466 vitea
1189 1408 1289 1479 hujus,
1306 1413 1335 1466 et
1349 1407 1460 1464 lubrico
1471 1411 1562 1478 statu,
1573 1411 1605 1463 ut
1624 1412 1652 1464 et
1663 1409 1766 1480 justus
1784 1409 1928 1480 concidat,

257 1500 651 1574 ltecurramusadsiogulo,
686 1505 715 1556 st
743 1499 918 1556 commatico
948 1515 1053 1572 genere
1108 1504 1137 1556 ct
1152 1503 1285 1571 peccator
1298 1501 1444 1570 exsurgat,
1468 1501 1497 1553 et
1524 1513 1736 1570 nonnunquam
1765 1498 1874 1568 evenit,
1901 1503 1930 1554 ut

222 1587 449 1660 dicendi,juxta
464 1589 597 1646 ordinem
611 1604 699 1644 suum
724 1588 850 1645 breviter
870 1587 1052 1643 disseramus
1109 1586 1320 1652 rationabilior.
1337 1589 1365 1644 ct
1388 1587 1522 1642 eruditus
1551 1585 1580 1641 in
1609 1585 1779 1659 scripturis,
1807 1587 1837 1642 id
1854 1587 1930 1656 est',

222 1676 282 1746 [At.
310 1676 642 1749 dissolvamus].«Dixi
667 1677 766 1750 egoin
795 1675 881 1732 corde
911 1692 975 1731 meo
1016 1675 1053 1732 dc
1109 1676 1207 1744 homo,
1224 1693 1281 1732 non
1298 1676 1518 1748 circumspecte,
1534 1679 1563 1730 et
1587 1679 1619 1730 ut
1634 1675 1756 1732 scientia
1784 1691 1841 1731 sua
1869 1675 1929 1750 dig-

220 1762 636 1836 eloquiollliorumhominis,
655 1769 687 1821 ut
709 1764 828 1836 eligeret
858 1780 908 1820 eos
936 1763 1051 1820 Deus.»
1110 1763 1755 1833 num,estvivat,otdeducaturadinleros,
1776 1764 1930 1837 etsimpli-

201 1852 282 1914 ,Ηοο
297 1852 403 1923 solum,
421 1854 527 1926 inquit,
542 1855 619 1910 intcr
634 1853 767 1910 hominos
782 1859 811 1909 et
821 1854 957 1925 jumenta
972 1853 1049 1909 llcus
1110 1854 1170 1910 einr
1184 1854 1309 1926 quisque
1322 1857 1410 1926 atque
1423 1853 1570 1923 rusticior,
1586 1851 1637 1925 qui
1647 1853 1820 1925 jumentum
1839 1851 1928 1908 homi·

221 1955 285 1998 esse
301 1941 404 2010 voluit,
421 1944 492 2014 quin
506 1960 560 2000 nos
573 1943 734 2016 loquimur,
750 1942 984 2008 illesuntmuta,
996 1959 1048 1998 nos
1103 1943 1150 2000 nis
1161 1943 1379 2016 comparatione
1396 1943 1519 2010 dicatur,
1536 1941 1779 2010 meliusvivat,et
1796 1943 1928 2016 martyrio

220 2029 400 2087 voluntatem
429 2047 563 2088 sermone
588 2031 777 2104 proferimus,
802 2032 853 2086 ilia
872 2035 988 2102 torpent
1007 2030 1047 2086 si·
1103 2037 1268 2100 coronetur,
1285 2049 1318 2088 ae
1334 2031 1513 2105 paradisisit
1527 2030 1658 2088 colonus.

220 2118 321 2176 lentio.
337 2121 372 2175 ut
385 2137 453 2176 cum
469 2125 585 2178 tantum
603 2137 738 2177 sermone
763 2120 933 2176 differamus
953 2136 970 2174 a
986 2119 1048 2178 bes·
1139 2144 1153 2172 a
1170 2121 1205 2176 Et
1218 2120 1289 2189 vidi,
1300 2121 1370 2194 quia
1384 2137 1441 2176 non
1456 2125 1501 2176 est
1516 2121 1638 2186 bonum.
1655 2119 1711 2175 nisi
1727 2119 1928 2192 quodlaetetur

222 2207 397 2276 distamen
412 2210 576 2268 ostenditur
591 2209 685 2278 nobis,
703 2210 780 2283 quod
806 2210 891 2282 Juxta
918 2207 1047 2280 corporis
1101 2209 1190 2267 homo
1205 2209 1235 2266 in
1252 2226 1338 2284 opere
1353 2226 1418 2277 suo,
1434 2209 1503 2282 quia
1518 2208 1577 2264 hac
1592 2213 1636 2265 est
1664 2225 1732 2282 pars
1757 2209 1834 2280 ejus.
1863 2209 1927 2274 Quis

220 2295 409 2370 fragilitatem
424 2315 528 2372 pecora
543 2315 657 2356 sumus.
674 2297 755 2355 Sicut
765 2299 935 2370 jumentum
957 2295 1046 2353 mori·
1101 2297 1179 2355 enim
1195 2299 1322 2354 adducet
1333 2315 1410 2365 eum,
1428 2302 1460 2352 nt
1475 2297 1582 2364 videat,
1599 2296 1640 2369 id,
1651 2296 1728 2370 (pund
1743 2297 1927 2355 futurumest

219 2389 278 2454 tur,
295 2386 337 2444 ita
352 2387 485 2458 moritur,
500 2392 529 2444 et
543 2387 641 2455 homo,
658 2391 687 2444 et
700 2404 777 2444 unus
796 2387 935 2443 omnibus
959 2385 1047 2441 llatus
1101 2392 1167 2460 post
1181 2387 1302 2460 ipsuml
1318 2409 1331 2437 υ
1354 2386 1431 2443 418
1446 2386 1500 2443 Pro
1516 2402 1549 2442 co
1564 2387 1641 2459 quod
1669 2405 1723 2444 nos
1749 2389 1922 2462 posuimus:

219 2479 275 2544 est,
290 2480 319 2532 et
334 2492 382 2531 aer
397 2475 452 2533 iste
467 2493 526 2548 quo
541 2477 658 2533 alimur.
675 2477 734 2533 lloc
749 2475 827 2533 enim
844 2475 903 2532 ait:
929 2475 962 2530 Et
988 2476 1046 2546 api·
1101 2499 1115 2526 c
1132 2475 1168 2532 Ut
1179 2476 1275 2531 videat
1289 2476 1318 2530 id
1348 2476 1425 2548 quod
1455 2475 1585 2531 futurum
1614 2479 1659 2531 est
1686 2481 1753 2550 post
1781 2477 1918 2551 ipsum,-

217 2567 289 2620 ritca
304 2580 376 2620 anus
392 2565 528 2632 omnibus,
545 2573 570 2621 et
584 2567 705 2636 arreptius
720 2565 861 2622 dominio
870 2564 1046 2637 pccorcnr'lu't
1101 2565 1230 2638 apertius
1259 2565 1467 2637 interpretatus
1495 2567 1540 2621 est
1568 2564 1774 2638 Symmachus,
1805 2565 1919 2623 dicens:

216 2661 268 2710 cat.
289 2652 371 2716 Quod
387 2669 423 2708 nc
437 2657 608 2725 putaremus
619 2653 675 2710 dici
691 2655 779 2710 etiam
794 2655 830 2710 do
845 2653 954 2722 anima,
969 2652 1046 2709 intu-
1101 2677 1115 2705 «
1133 2655 1167 2710 Ut
1176 2654 1274 2709 vident
1287 2670 1321 2710 en
1336 2669 1400 2725 que
1428 2653 1527 2709 lutura
1553 2657 1623 2710 sunt
1637 2658 1704 2725 post
1719 2653 1780 2710 bac
1796 2655 1817 2710 ⁸.
1847 2653 1922 2711 Nihil

219 2741 269 2798 lit:
287 2741 386 2798 Omnia
399 2743 669 2813 soctcacaidetcrra
680 2748 884 2800 ctreccrtcrrtrtr
895 2744 1044 2798 interram.
1100 2746 1145 2802 est
1158 2759 1226 2816 ergo
1247 2745 1355 2798 bonum
1367 2743 1397 2798 in
1414 2742 1473 2797 vita
1487 2741 1555 2807 ista,
1571 2742 1628 2798 nisi
1639 2743 1716 2816 quod
1733 2741 1851 2800 letatur
1874 2743 1923 2800 ho-

217 2829 257 2886 lle
268 2833 345 2887 terra
355 2835 452 2887 autem
464 2831 535 2888 nibil
548 2830 627 2888 aliud
644 2831 812 2904 nisicorpus
824 2833 933 2886 lactum
944 2833 999 2886 est.
1011 2829 1047 2885 lat
1101 2849 1148 2887 mo
1163 2832 1194 2886 in
1209 2847 1295 2904 opere
1309 2848 1373 2898 suo,
1391 2831 1500 2886 iaciens
1513 2829 1739 2904 eleemosynam,
1753 2836 1782 2889 et
1811 2831 1924 2888 loturos

217 2919 370 2992 signanter
383 2920 419 2976 de
434 2936 553 2993 corpore
568 2920 693 2979 dicitur:
710 2923 844 2988 termes,
860 2927 885 2974 et
899 2921 1045 2974 interram
1100 2921 1155 2976 sibi
1171 2920 1325 2977 thesauros
1340 2919 1369 2975 in
1386 2936 1476 2990 regno
1491 2919 1631 2975 coelorum
1647 2937 1829 2993 preparans.
1844 2921 1920 2977 Hanc

216 3008 459 3081 reuerteriaffien.
485 3026 529 3079 ur,
559 3008 614 3082 ll).
643 3009 724 3076 Quod
740 3012 838 3064 autem
853 3007 1045 3064 videturesse
1100 3009 1351 3065 solamhabemus
1370 3009 1544 3081 portionem,
1568 3009 1790 3082 quamneclur
1814 3010 1923 3067 necla-

217 3095 446 3170 blasphemum:
463 3121 477 3147 «
494 3096 565 3162 Quis
580 3097 740 3171 cognoscit,
771 3097 892 3168 spiritus
916 3095 1044 3153 filiorum
1099 3096 1310 3162 trovalet,ncc
1336 3101 1479 3170 tyrannus
1503 3097 1626 3166 auferre,
1642 3101 1749 3170 etque
1776 3116 1831 3156 nos
1860 3103 1921 3172 post

217 3184 383 3252 bominum,
399 3185 424 3240 si
440 3187 514 3241 m
532 3186 672 3242 ascendat
686 3185 748 3257 ipse
772 3202 904 3253 sursum,
932 3189 960 3240 ct
984 3174 1081 3256 spi-C
1102 3190 1225 3242 mortem
1242 3190 1391 3257 sequntur.
1408 3186 1465 3242 Nec
1480 3186 1557 3242 enim
1573 3201 1744 3260 possumus,
1767 3203 1836 3243 cum
1865 3187 1922 3244 bac

217 3271 291 3328 ritus
302 3272 441 3345 jumenti,
457 3274 481 3330 si
501 3274 659 3331 descendat
672 3275 736 3348 ipse
764 3275 900 3331 deorsum
930 3274 959 3329 in
983 3279 1040 3329 ter·
1097 3277 1154 3331 rita
1179 3275 1267 3330 luerit
1290 3272 1443 3342 dissoluta,
1473 3291 1591 3332 rursum
1634 3275 1743 3332 nostris
1772 3274 1921 3332 laboribus

216 3361 305 3418 ram?
326 3383 340 3411 »
356 3377 415 3417 non
428 3361 506 3418 inter
516 3363 643 3435 pecudes
657 3369 684 3420 et
701 3363 849 3420 hominem
878 3365 1041 3420 secundum
1097 3363 1216 3436 pertrui,
1233 3367 1285 3419 aut
1299 3363 1373 3419 scire
1387 3379 1451 3435 que
1466 3363 1566 3420 futura
1581 3363 1640 3418 sint
1655 3363 1919 3436 inmundopostea.

215 3448 322 3506 animae
337 3448 510 3524 dignitatem
539 3451 612 3508 nibil
641 3451 783 3510 interesse
808 3453 967 3517 contendit,
989 3451 1040 3508 sed
1096 3452 1200 3509 Aliter:
1219 3451 1366 3524 Superiori
1383 3468 1480 3507 erroro
1505 3452 1653 3519 turbatus,
1682 3453 1760 3524 quod
1789 3458 1919 3526 putarem

215 3537 459 3614 adjiciendopcr's,
476 3540 677 3598 difficultatem
695 3539 735 3597 rei
751 3540 841 3597 voluit
856 3541 1041 3597 demonstra·
1096 3542 1318 3598 interhomincs
1341 3539 1580 3596 cthcstiasnihil
1609 3540 1761 3611 interesse,
1792 3543 1822 3597 in
1849 3541 1920 3598 banc

214 3643 257 3683 re.
288 3627 453 3684 Pronomsn
481 3631 541 3704 puis
572 3629 602 3685 in
630 3631 791 3703 Scripturis
829 3630 941 3686 sanctis
982 3645 1040 3684 non
1096 3629 1270 3688 sententiam
1286 3646 1374 3704 prava
1386 3630 1523 3702 opinione
1539 3627 1918 3700 deductussunt⁵‚utnibil

215 3731 266 3788 pro
281 3716 469 3791 impossibili,
486 3719 535 3776 sed
566 3736 618 3792 pro
643 3718 872 3792 dificilisempcr
886 3719 1039 3792 accipitur.
1095 3718 1414 3787 aliudbonidiccrem‚
1441 3718 1498 3775 nisi
1527 3723 1699 3791 presentem
1727 3733 1847 3793 carpere
1874 3735 1919 3775 vo·

215 3805 252 3862 Ut
278 3805 338 3863 ibi:
367 3807 574 3866 Generatimtcm
615 3809 674 3880 eja:
704 3811 766 3883 quis
803 3809 946 3865 enarrabit
973 3809 1037 3877 (leo.
1094 3808 1246 3881 luptatem.
1263 3807 1361 3880 Neque
1376 3795 1453 3864 enim
1468 3825 1536 3864 cum
1552 3806 1641 3864 semel
1658 3823 1711 3864 nos
1740 3807 1918 3864 dissolvisset

213 3895 341 3965 n111,8)?
374 3895 410 3950 llt
436 3897 466 3952 in
493 3895 606 3970 psalmo
635 3902 739 3969 quarto
767 3898 898 3954 decimo:
918 3899 1039 3966 doctrine,
1095 3898 1240 3966 interitus,
1258 3913 1343 3970 posse
1358 3896 1405 3953 bis
1418 3895 1693 3969 pertrui,aquibus
1719 3897 1919 3954 recederemus

215 3983 277 4054 quta
291 3983 428 4040 habitavit
441 3986 471 4040 in
486 3986 660 4043 tabernaculo
679 3995 734 4054 tuo,
749 3995 774 4044 et
788 3989 921 4043 tumente
947 3990 1040 4043 sancto
1094 3985 1211 4060 ingrati.
1226 3985 1282 4041 alii
1297 3986 1333 4041 ds
1348 3985 1402 4041 boc
1416 3985 1494 4058 quod
1509 3985 1563 4042 ait:
1583 4007 1597 4035 a
1612 3984 1683 4051 Quis
1698 3985 1776 4041 enim
1793 3985 1921 4041 adducet

214 4071 438 4144 tco(Psnl.x1v‚
456 4073 507 4142 ll‘l
530 4079 559 4131 ot
584 4082 689 4131 caetera
717 4093 781 4149 qua
806 4081 980 4148 sequuntur.
1006 4080 1041 4131 at
1094 4093 1172 4143 sum,
1193 4079 1226 4130 ut
1238 4074 1334 4130 videat
1347 4091 1390 4145 ea,
1407 4091 1470 4147 ques
1495 4079 1565 4130 sunt
1593 4075 1690 4130 lutura
1715 4077 1780 4148 post
1793 4091 1836 4143 se,
1852 4095 1867 4125 a
1884 4071 1918 4129 ad

213 4157 244 4214 in
267 4158 405 4229 teremia,
420 4161 487 4220 licet
501 4162 530 4218 in
558 4163 676 4221 Hebreo
706 4164 790 4222 aliter
815 4165 854 4221 sit
870 4165 897 4221 ¹:
914 4167 947 4220 Et
962 4163 1040 4222 bomo
1094 4164 1176 4221 illam
1192 4162 1413 4237 intelligentiam
1429 4162 1603 4232 retulerunt,
1631 4167 1665 4218 ut
1692 4162 1844 4220 dicerent:
1861 4163 1918 4220 lde·

213 4251 379 4322 eramus
398 4261 536 4322 cognoscet
562 4269 624 4309 com
649 4253 756 4326 (terem.
779 4271 860 4321 xvur,
889 4253 938 4325 att
962 4253 1040 4311 lntcr
1094 4253 1230 4310 liusesse
1246 4253 1309 4310 suis
1337 4253 1487 4309 hominem
1517 4250 1668 4308 laboribus
1697 4251 1822 4324 pertrui;
1853 4249 1920 4326 quia

215 4337 349 4397 homines
365 4338 454 4413 igitur
465 4344 494 4397 et
513 4341 622 4398 bestias
643 4343 703 4399 hacc
729 4341 793 4400 sola
807 4348 852 4399 est
866 4343 1038 4412 differentia,
1094 4343 1148 4399 boc
1164 4342 1260 4398 solum
1274 4341 1309 4398 de
1324 4342 1490 4398 substantia
1512 4357 1567 4398 sua
1583 4343 1682 4414 posset
1696 4341 1822 4398 auterre.
1846 4343 1919 4400 Cum

214 4427 291 4499 quod
316 4427 437 4500 spiritus
454 4427 583 4486 bominis
596 4432 727 4488 ascendit
742 4432 772 4487 in
793 4430 908 4498 carlum,
934 4437 963 4488 et
979 4433 1039 4505 spi·
1095 4447 1173 4487 mors
1189 4430 1309 4498 venerit,
1321 4429 1434 4487 nescire
1448 4430 1525 4500 quali
1543 4429 1582 4488 sit
1610 4429 1724 4488 herede
1747 4429 1919 4498 moriturus,

215 4515 290 4572 ritus
301 4515 430 4586 tumenti
444 4517 596 4576 descendit
610 4519 640 4576 in
654 4523 773 4590 terram,
802 4525 831 4577 et
858 4537 924 4578 crum
953 4537 1078 4610 cornel)
1095 4525 1195 4576 utrum
1210 4519 1327 4592 dignus,
1343 4537 1380 4576 an
1396 4518 1546 4592 indignus,
1558 4518 1921 4592 suisopibusperlruatur.

215 4601 401 4661 dissolvitur:
420 4605 444 4662 si
460 4610 558 4664 tamen
575 4607 664 4680 hujus
693 4608 732 4665 rei
752 4607 919 4682 viraliquis
947 4609 1037 4666 ecclc·
1129 4608 1208 4681 (Gap.
1239 4609 1296 4682 IV).
1327 4609 1390 4665 «ut
1418 4623 1576 4665 conversus
1600 4625 1667 4664 sum
1690 4623 1756 4682 ego,
1778 4613 1814 4686 pt
1837 4603 1922 4666 vidi⁸

214 4690 354 4751 siasticus
377 4697 407 4750 et
433 4694 598 4768 disciplinis
636 4697 805 4754 coelestibus
838 4698 984 4768 eruditus,
1013 4704 1042 4756 et
1096 4697 1424 4754 universascalumnias
1448 4697 1673 4770 quatiuntsub
1701 4697 1774 4768 sole,
1805 4702 1834 4754 et
1858 4711 1922 4754 coco

213 4781 300 4856 quasi
315 4783 411 4840 dubie
427 4783 469 4840 rei
497 4791 593 4842 certus
622 4791 750 4844 assertor
765 4787 812 4845 sit.
829 4787 894 4844 llaec
924 4787 1040 4844 interim
1094 4785 1228 4859 lacryma
1250 4785 1416 4858 eorumqui
1439 4784 1617 4842 calumniam
1645 4787 1806 4856 sustinent,
1820 4789 1849 4844 et
1864 4799 1918 4840 nnn

214 4873 299 4944 juxta
313 4871 455 4930 litteram.
1095 4879 1139 4932 est
1156 4875 1207 4948 qui
1220 4873 1388 4932 consoletur
1402 4890 1464 4944 sos,
1478 4879 1507 4931 et
1523 4873 1553 4930 in
1583 4875 1720 4932 manibus
1740 4874 1916 4932 calumnian-

249 5031 258 5066 ¹
275 5033 348 5089 Licet
364 5035 395 5090 in
409 5035 518 5093 Hebraeo
532 5037 615 5094 aliter
638 5039 682 5093 sit.
703 5037 733 5093 ln
752 5037 869 5094 Hebraeo
895 5043 939 5094 est
964 5047 1040 5099 ussat
1130 5037 1232 5095 ³ldem
1248 5037 1386 5107 Palatin,
1398 5045 1480 5094 otest
1492 5037 1581 5094 bomo.
2004 5089 2005 5099 ,

213 5110 268 5160 ata
288 5119 407 5162 veonusc
420 5107 467 5174 tc,
483 5116 508 5166 ct
522 5109 702 5165 inenatabile
730 5111 831 5178 ipsum,
858 5111 917 5165 sicc
945 5119 970 5165 ct
989 5127 1041 5166 on·
1131 5110 1285 5166 ‘Rursum
1301 5109 1379 5166 idem
1395 5125 1451 5165 ms.
1471 5110 1502 5165 llt
1531 5109 1626 5165 trident
1653 5114 1747 5181 calca,
1770 5123 1833 5183 qum
1859 5109 1918 5162 nott

215 5173 296 5229 ciam
315 5177 418 5246 ipsam,
431 5179 461 5234 id
476 5185 521 5236 est
536 5183 724 5237 acromatum.
742 5186 776 5236 Se
800 5181 932 5254 tunginta
943 5186 1040 5238 nutem
1095 5185 1193 5256 futore
1205 5199 1211 5238 :
1224 5197 1386 5254 perperam.

216 5257 268 5326 pro
297 5261 394 5312 natac,
420 5249 557 5323 legebant
581 5269 654 5322 enos,
686 5253 762 5325 quod
779 5199 920 5308 lominus
950 5253 1041 5327 signi·
1133 5253 1249 5310 ⁵Penes
1263 5251 1378 5316 Alcuin,
1394 5267 1481 5324 praec
1495 5251 1625 5323 opinione
1640 5251 1766 5310 seductus
1779 5269 1849 5310 sam.
1897 5317 1904 5328 ι

215 5313 294 5378 trost,
312 5316 400 5373 uode.
417 5321 539 5379 Ettrcmc
553 5328 601 5380 est.
613 5324 756 5380 blancana.
1132 5325 1352 5386 “Martianaeus
1369 5325 1401 5378 ut
1414 5337 1559 5378 conticesco
1588 5338 1648 5392 epo,
1678 5325 1746 5392 vicli,
1773 5323 1919 5381 renuenti·

228 5383 402 5470 l—llraudni
418 5390 606 5456 lucrantem<
634 5395 703 5452 LXX
732 5396 839 5452 oedem
862 5394 892 5450 in
923 5395 1042 5452 Hebraeo
1097 5398 1230 5453 bustum
1251 5392 1838 5467 nostris,quibusillcususestmss.et
1858 5391 1921 5448 Flo·
2003 5431 2004 5462 ,

215 5451 450 5529 lrtterce,qurbus
475 5469 504 5519 et
529 5465 651 5523 lcomcet
679 5467 833 5522 incurabile
862 5467 928 5539 qaid
953 5468 1042 5525 deno·
1097 5467 1221 5524 centinis
1237 5483 1363 5540 quoque,
1379 5482 1453 5538 quos
1468 5464 1570 5521 laudat
1583 5465 1740 5524 Victorius.
1852 5533 1858 5546 ἣ
1898 5528 1904 5540 ,
2003 5481 2004 5507 t

216 5530 305 5583 tatur.
1135 5569 1167 5579 -
1183 5539 1217 5593 et
1235 5555 1380 5595 conversus
1407 5554 1471 5593 som
1499 5552 1556 5608 cpe.
1580 5537 1611 5591 ln
1627 5543 1713 5594 antea
1728 5539 1813 5596 editis
1838 5533 1921 5591 libris

176 5621 182 5632 ·
238 5599 399 5684 ''Palatin
435 5601 508 5658 alter
533 5621 600 5661 vnce
638 5610 858 5678 repromissionis
884 5617 1042 5684 expuncta,
1098 5613 1234 5682 corrupte
1253 5609 1732 5684 legimus.Eteonvcrticpo,etc.‚
1749 5617 1920 5686 proconeso

217 5671 369 5738 substituit
383 5673 512 5732 secunda
524 5690 615 5734 manu
626 5679 856 5750 mosomensem.
1098 5700 1143 5744 scs
1154 5697 1216 5744 scm
1230 5697 1288 5756 epo,
1304 5682 1381 5744 sicut
1394 5679 1497 5758 legunt
1507 5695 1610 5742 omncs
1624 5697 1696 5742 mss.
1711 5681 1848 5742 mamas.
