4072 6164
107 374 178 446 m
422 397 425 403 ,
665 366 1277 437 mnsouumsnuusnnmns.
1760 367 1822 460 ⁷⁶⁰,

107 511 144 584 iil
157 524 268 586 pauca
285 505 386 584 inqut,
403 503 646 580 descriptoribus
662 503 902 562 manifestissime
914 503 1020 559 dicam.
1041 505 1136 560 Verius
1151 503 1227 558 illud
1240 503 1309 560 uitio
1324 498 1481 560 uertendum
1507 501 1618 578 subtel,
1647 506 1721 579 quod
1742 507 1821 565 Hila-

107 604 187 660 rium
199 603 360 659 Romanurn
372 595 537 670 Pontificem
550 612 609 668 cap.
624 593 739 651 recaredo
767 597 910 661 metueret,
938 593 987 664 qui
1000 591 1028 648 S.
1058 593 1143 647 Leoni
1155 593 1294 660 suecessit,
1323 598 1350 647 et
1360 591 1410 647 diu
1435 599 1498 664 post
1523 601 1641 650 mortem
1660 597 1822 670 Hieronymi

108 691 259 748 inclaruit.
275 687 328 745 Sed
342 687 480 742 bominem
494 699 579 756 usque
594 683 659 740 adeo
675 683 792 738 bardum
806 697 837 737 ae
851 681 1001 754 stupidum,
1032 682 1079 752 qui
1093 680 1150 736 boec
1178 682 1328 749 inauraret,
1344 681 1417 736 bunc
1437 683 1522 752 tuisse
1535 699 1590 739 nou
1617 691 1703 756 puto‚·
1717 688 1821 757 factum

109 794 175 836 uero
192 776 377 833 librariorum
390 773 483 844 eulpa,
499 777 529 829 ul
543 773 663 844 episcopi
676 775 775 826 nomeu
788 770 923 840 irreperet
935 769 1007 843 quod
1021 771 1078 842 ipse
1104 785 1161 826 nou
1174 771 1293 840 scripsit.
1321 769 1398 826 Certe
1420 771 1563 827 Hilarium
1586 773 1739 830 Humanum
1759 775 1820 832 dia-

110 883 217 925 conum
231 865 418 936 Lumterianae
431 869 511 920 sectae
524 865 687 918 assertorem
699 862 786 931 ferme
808 861 991 931 praecipuum,
1008 859 1082 930 quod
1096 865 1122 914 et
1147 859 1329 928 Hieronymus
1343 864 1420 914 notat
1446 875 1505 931 cop.
1520 860 1566 931 95,
1581 869 1607 917 et
1634 863 1681 916 eui
1708 864 1738 918 in
1758 866 1823 937 Lpi-

112 956 218 1014 stolum
229 954 264 1010 nd
279 955 409 1010 Romanos
425 951 625 1008 commentarii
638 949 809 1019 tribuuntur,
827 947 939 1004 laudari
954 949 1014 1020 ipsa
1028 947 1100 1003 mibi
1112 945 1277 1020 persuadent
1298 947 1398 1018 priora
1419 947 1503 1004 uerba
1520 950 1619 1020 quibus
1643 953 1753 1025 Lucifer
1766 955 1823 1026 ipse

115 1043 301 1101 calaritanus
313 1040 468 1098 alluditur:
485 1039 623 1109 Hilarius,
640 1039 739 1110 inquit,
763 1036 878 1094 Lucifer
902 1037 1112 1094 Romanorum.
1137 1041 1205 1092 Hae
1225 1035 1357 1106 dixerim,
1373 1053 1408 1090 ue
1430 1053 1514 1108 srrpra
1528 1055 1612 1110 quam
1634 1040 1745 1112 uidetur
1756 1059 1823 1114 pro·

110 1125 228 1203 nur-eri,
244 1133 367 1189 masuris
380 1133 478 1186 auctm
490 1127 690 1201 pseudonymus
704 1129 860 1183 venaretur.
878 1125 1014 1182 Ceterum
1028 1126 1081 1182 bac
1104 1141 1160 1182 unc
1174 1129 1232 1198 sere
1259 1125 1291 1180 de
1305 1141 1388 1181 causa
1416 1125 1493 1181 bocee
1507 1127 1568 1198 ejus
1596 1131 1759 1199 opusculum
1773 1131 1824 1188 od·

105 1223 209 1296 jungo,
224 1228 251 1277 et
263 1219 299 1276 ad
313 1235 377 1276 mu.
393 1233 499 1291 quoque
512 1215 593 1288 pidem
606 1214 721 1272 subinde
734 1216 824 1287 enipo,
839 1230 875 1271 ne
896 1215 962 1286 quid
986 1214 1058 1287 quod
1084 1213 1120 1270 ad
1135 1215 1331 1286 Hieronymum
1356 1216 1505 1286 pertineat,
1521 1215 1605 1272 lector
1632 1221 1680 1273 out
1694 1219 1818 1276 eruditus

111 1315 165 1368 out
180 1307 341 1367 ineruditus
351 1306 494 1365 diuideret.

508 1883 589 1936 ⁰⁸¹
622 1873 1039 1971 HIERONYMUS
1080 1874 1437 1970 DESIDERIO.

148 2298 211 2357 Vis
227 2313 306 2355 nunc
319 2297 433 2368 uenter,
448 2296 489 2352 mi
504 2297 593 2354 frater
603 2296 744 2368 Desideri,
754 2296 850 2353 ullibi
861 2294 947 2368 quasi
960 2301 989 2370 Α
1004 2313 1089 2358 secus
1103 2298 1181 2354 viam
1195 2297 1206 2331 ³
1221 2295 1362 2354 cecidisse
1375 2295 1551 2370 potuissent,
1576 2302 1676 2356 tamen
1697 2302 1734 2358 ab
1748 2319 1781 2361 eo
1796 2304 1827 2360 in

108 2390 146 2448 dc
164 2387 382 2459 luminaribus,
398 2403 464 2458 qum
487 2390 547 2442 loto
569 2386 754 2442 firmamento
778 2384 882 2441 mundi
904 2399 949 2440 re·
1005 2387 1165 2462 Scripturis
1180 2385 1285 2443 messis
1300 2389 1399 2443 exorta
1413 2390 1588 2460 estmagna.

106 2479 246 2554 fulgent,
262 2492 355 2549 pauca
369 2475 405 2532 de
419 2474 622 2549 scriptoribus,
638 2473 689 2547 qui
702 2474 788 2534 nobie
803 2472 896 2530 multa
915 2473 950 2528 de
1040 2477 1089 2534 lli.
1103 2477 1244 2550 Origenes
1258 2474 1464 2548 Adamantius,
1480 2475 1585 2534 altiora
1611 2483 1699 2552 atque
1714 2482 1828 2555 majora

107 2565 365 2637 obscuritatibus,
381 2581 445 2638 qua
459 2568 577 2638 propter
591 2564 738 2621 cerastem
760 2567 889 2620 mentem
903 2561 948 2618 in·
1005 2566 1147 2639 cogitans,
1164 2564 1375 2638 propriumque
1390 2563 1540 2638 ingenium
1567 2567 1642 2625 ferre
1666 2587 1723 2627 non
1743 2573 1828 2629 suill-

106 2655 316 2731 teiligeuliam
330 2652 505 2728 impedium,
522 2655 559 2710 ad
572 2654 760 2726 splendorem
780 2652 951 2712 considera·
1004 2655 1084 2712 ciens
1094 2655 1115 2727 ⁴,
1131 2655 1202 2710 dum
1218 2653 1298 2710 aliud
1310 2652 1451 2726 loquitur,
1467 2671 1519 2728 per
1532 2655 1612 2713 aliud
1628 2675 1660 2717 se
1678 2659 1779 2718 nectit.
1794 2663 1830 2720 nt

107 2746 210 2805 tionis
226 2741 412 2817 spiritualem
437 2742 566 2814 prolerre
587 2745 754 2816 potuerunt,
776 2740 950 2798 manifestis
1005 2761 1072 2801 cum
1088 2744 1149 2800 hac
1163 2741 1252 2799 nimis
1268 2743 1375 2800 mentis
1389 2743 1492 2801 ardore
1507 2745 1673 2819 cogitasset,
1690 2749 1829 2808 oneribus

107 2839 194 2895 aime
209 2833 320 2890 dicam.
334 2831 390 2888 Sed
405 2846 507 2888 vercor
519 2831 660 2888 Susanna
681 2830 805 2888 Helchiee
821 2829 897 2903 filiu,
913 2845 949 2887 ne
1004 2833 1167 2906 majoribus
1183 2832 1329 2888 caricebat
1355 2848 1396 2903 se,
1423 2836 1452 2889 et
1467 2850 1533 2890 cnm
1556 2834 1599 2891 sic
1620 2835 1755 2895 incedere
1769 2855 1827 2896 non

108 2927 139 2984 in
154 2938 213 2982 me
229 2919 378 2980 sententia
392 2919 493 2993 iniquo
504 2919 616 2992 judicio
632 2920 869 2992 presbyterorum
893 2919 949 2975 im·
1005 2921 1158 2997 potuisset,
1175 2921 1260 2977 ruina
1273 2921 1686 2997 megnailiucdevoiutusest,
1696 2929 1730 2985 ut
1741 2928 1827 2985 ruina

108 3015 249 3090 plentur,
269 3008 433 3067 dicentis:
461 3009 607 3082 Angustia
637 3008 710 3066 mihi
739 3009 871 3083 undique
895 3007 948 3082 [rit.
1005 3013 1200 3084 ejusparuret
1227 3010 1375 3068 doctrinas
1402 3025 1455 3083 per
1482 3010 1597 3084 aliquas
1621 3014 1827 3074 seductiones⁸

111 3101 246 3177 ubique]
262 3103 343 3158 suut.
359 3099 395 3156 nt
408 3097 481 3154 mihi
496 3096 633 3155 similiter
654 3101 725 3154 eunt
746 3098 898 3172 angustia.
920 3097 950 3154 Si
1005 3100 1131 3175 ineptes,
1159 3099 1327 3172 multosque
1355 3098 1390 3156 de
1404 3099 1451 3156 via
1479 3105 1558 3158 rocla
1584 3101 1614 3158 in
1639 3103 1728 3162 aliam
1747 3105 1825 3162 viam

113 3195 201 3253 onim
217 3187 339 3248 voluero
355 3186 483 3260 aliquem
498 3203 532 3244 ex
545 3187 593 3244 his
607 3187 828 3261 reprehendere,
851 3188 950 3244 adver·
1005 3189 1139 3264 perducit
1164 3193 1193 3246 el
1215 3205 1360 3246 venenum
1390 3189 1441 3256 [it.
1470 3192 1625 3264 venenose]
1652 3193 1716 3265 ejus
1741 3196 1826 3268 quasi

115 3275 513 3352 saricsatqueinimicitias
537 3275 610 3332 mihi
636 3276 766 3349 undique
788 3276 950 3332 concitabo.
1006 3277 1130 3335 tinnulis
1157 3277 1287 3348 vocibus,
1318 3277 1548 3352 Sirenarumque
1575 3281 1708 3355 canticis,
1728 3283 1828 3357 plures

116 3373 151 3430 Si
168 3373 275 3426 autem
290 3364 423 3438 noluero,
439 3379 590 3437 nunquam
615 3381 679 3437 quse
703 3363 858 3439 postulasti
877 3364 954 3421 inve·
1007 3383 1110 3424 necare
1125 3367 1230 3441 potuit.
1246 3365 1346 3423 Melior
1368 3367 1505 3424 omnibus
1534 3368 1564 3425 in
1592 3369 1688 3444 honis,
1704 3373 1831 3446 pejoris

118 3461 203 3520 aies.
229 3455 287 3514 Sed
308 3454 397 3511 unius
420 3458 536 3512 tuntum
559 3453 740 3511 voluntatem
759 3453 953 3511 condemnare
1007 3455 1105 3514 maiis.
1121 3455 1227 3530 Aliqua
1240 3471 1308 3512 vero
1320 3471 1372 3528 per
1386 3473 1454 3513 eum
1474 3473 1559 3515 secus
1586 3459 1663 3516 νίιιιι
1686 3461 1832 3520 seminata

107 3549 198 3606 m
215 3559 306 3618 quam
320 3542 483 3599 mullorum
499 3542 620 3600 consilia
634 3543 759 3599 transire
779 3543 825 3599 vei
848 3542 931 3615 duspi
1008 3550 1087 3618 sunt,
1104 3545 1190 3601 multi
1203 3549 1303 3601 tamen
1311 3543 1426 3616 aliquos
1436 3547 1501 3618 ejus
1514 3547 1659 3620 pessimos
1670 3548 1830 3624 discipulos

110 3651 200 3706 cere,
217 3630 323 3688 molius
337 3647 400 3689 ease
414 3631 542 3702 videtur,
552 3633 837 3706 quieunusquisqus
848 3647 949 3688 corum
1009 3635 1120 3692 mulla⁸
1133 3650 1279 3691 venenosa
1294 3634 1349 3690 sub
1364 3634 1429 3705 ejus
1443 3635 1561 3693 nomine
1575 3637 1702 3694 edidisse
1717 3643 1831 3696 lestan-

112 3726 150 3782 in
169 3719 331 3794 Scripturis
344 3720 453 3779 sanctis
468 3719 624 3794 diiigenter
638 3720 751 3778 laudari
766 3721 883 3793 meruit,
898 3721 948 3777 ssd
1005 3728 1063 3781 tur.

112 3808 561 3882 omnesbmviterlevilerque¹
578 3809 742 3866 cumomni
766 3825 866 3866 amore
885 3813 949 3866 lan·
1040 3812 1088 3870 lV.
1103 3811 1244 3869 Eusebius
1268 3809 1464 3884 Caesariensis,
1485 3810 1575 3869 clavis
1599 3813 1828 3889 scripturarum,

109 3917 203 3978 gam,
225 3903 427 3972 ututrumque
441 3897 562 3972 pacifice
576 3898 726 3972 impleam.
1004 3906 1148 3974 culosque
1161 3901 1233 3958 Novi
1247 3901 1437 3972 Testamenti,
1463 3899 1567 3957 multis
1590 3903 1686 3974 major
1708 3903 1738 3961 in
1761 3922 1829 3962 con-

151 3995 177 4047 l.
196 3987 385 4062 Augustinus
409 3987 564 4061 episcopus
586 3987 688 4044 volans
726 4004 778 4061 per
803 3986 951 4044 montium
1004 3989 1215 4063 scriptionibus
1231 3989 1371 4046 stiracis
1396 3989 1613 4061 comprobatur.
1635 3993 1759 4067 Scripsit
1776 3999 1830 4052 ca·

111 4076 381 4149 cacumiuaquasi
409 4075 518 4147 aquila,
548 4080 577 4132 et
599 4092 634 4132 ea
657 4093 721 4149 qum
745 4075 774 4132 in
803 4075 951 4132 radicibus
1004 4095 1097 4136 nonos
1125 4083 1252 4151 quatuor
1279 4075 1514 4152 Evangeliorum‚
1544 4083 1573 4135 st
1609 4081 1746 4139 undecim
1774 4085 1828 4158 [rit.

112 4167 272 4226 montium
287 4165 374 4235 flunt,
390 4180 449 4221 non
473 4163 672 4237 considerans,
693 4165 787 4221 multa
810 4164 950 4220 emiorum
1005 4167 1187 4242 quindecim]
1203 4166 1295 4224 libros
1310 4165 1444 4224 Historia
1460 4167 1679 4241 Ecclesiasticus,
1708 4171 1758 4243 qui
1774 4173 1830 4229 No-

111 4258 229 4333 spatia,
246 4260 453 4327 terrarumque
477 4253 563 4324 situs,
585 4259 613 4312 et
635 4271 780 4328 aquarum
796 4253 950 4325 circulum,
1004 4273 1074 4314 vum
1089 4258 1313 4314 Testamentum
1341 4259 1462 4313 narrant
1490 4261 1578 4330 atquc
1606 4258 1785 4333 custodiunt,
1801 4265 1831 4318 et

110 4347 200 4406 claro
229 4359 369 4402 sermone
400 4344 580 4416 pronuntiat.
611 4343 665 4408 Qui
694 4343 818 4400 enimin
837 4342 951 4416 liguum
1006 4345 1148 4422 iipourutr,
1164 4345 1193 4402 id
1209 4349 1254 4402 est
1281 4348 1451 4418 temporum
1474 4345 1662 4416 breviarium.
1691 4347 1756 4404 Hac
1776 4349 1832 4407 tria

111 4437 313 4494 fructuosum
329 4430 487 4489 accudere
502 4430 575 4503 vuit,
592 4431 733 4505 paulatim
749 4431 785 4489 ad
801 4431 953 4504 superiora
1006 4439 1077 4492 sunl
1091 4433 1240 4508 preclara,
1257 4449 1321 4507 qua
1336 4431 1367 4489 in
1381 4433 1520 4507 operibus
1549 4434 1613 4506 ejus
1640 4438 1788 4494 testantur
1804 4441 1833 4494 et

111 4530 144 4583 et
175 4524 296 4597 majora
324 4536 443 4594 carpere
471 4535 560 4594 poma
579 4521 708 4592 festinat,
740 4524 952 4578 remorantem
1006 4541 1060 4581 nus
1081 4529 1148 4582 unte
1163 4523 1263 4582 omnia
1291 4522 1493 4596 ejusscsligia
1518 4523 1568 4596 qui
1593 4523 1703 4582 imitari
1719 4526 1832 4598 poluis-

110 4611 275 4688 proximos
290 4608 421 4684 parvulis
436 4608 586 4683 relinquit.
600 4613 659 4666 Nos
669 4612 768 4666 aulem
779 4609 829 4683 qui
840 4607 953 4682 parvuli
1006 4613 1081 4684 set⁷,
1098 4629 1250 4686 nunquam
1267 4611 1441 4686 reperimus.

112 4717 243 4772 sumus,
259 4697 431 4770 infirmique
445 4702 533 4772 atque
549 4699 687 4771 minores,
698 4699 723 4755 si
738 4698 953 4755 inferioracon·
1041 4701 1076 4758 V.
1092 4700 1265 4758 Heliodorus
1282 4703 1442 4775 presbyter,
1467 4701 1588 4758 domum
1616 4701 1833 4776 amplissimam

112 4786 241 4866 gregari
256 4786 446 4858 curarimus,
463 4787 618 4845 nobiscum
633 4788 707 4844 bene
722 4791 835 4860 agetur.
1007 4805 1059 4864 per
1075 4789 1224 4847 modicum
1239 4791 1371 4848 foramen
1382 4789 1553 4864 respiciens,
1569 4795 1748 4864 tentansque
1758 4793 1835 4850 ostia

163 4875 247 4934 m
269 4877 304 4932 H.
334 4873 464 4933 Hilarius
492 4875 648 4950 episcopus
676 4877 895 4932 Romanorum¹
910 4873 953 4930 lu·
1008 4878 1155 4950 concluse,
1172 4878 1326 4952 clavesque
1342 4896 1399 4936 non
1415 4879 1538 4951 habens,
1555 4880 1602 4937 vix
1617 4895 1711 4953 pauca
1737 4880 1773 4936 ad
1790 4883 1834 4938 iu·

113 4967 202 5026 cifer
228 4963 406 5036 lucernaque
434 4963 642 5036 Hccicsiarum,
659 4969 687 5022 et
714 4964 861 5039 pretiosus
875 4963 953 5037 lapis
1008 4984 1071 5024 cem
1087 4968 1209 5041 prodere
1239 4967 1395 5040 conualuit,
1425 4969 1564 5040 serique
1593 4968 1832 5043 potuitnarrare,

114 5057 156 5114 nd
170 5071 264 5129 quem
281 5052 419 5111 mortalia
432 5053 480 5110 uix
494 5054 658 5111 ascendunt
659 5053 804 5128 ,pulchro
820 5039 991 5110 sermonsC
1009 5055 1280 5114 fidelilernarruvit.

113 5159 277 5218 aureoque
290 5158 342 5200 cre
356 5141 493 5200 univorsa
510 5142 651 5216 loquitur.
676 5143 737 5199 iitsi
762 5140 957 5213 animalique
1046 5149 1096 5203 Vl.
1103 5145 1377 5203 Ambrosiuefrutcr
1378 5145 1833 5222 ,profundorumpinnareptus,

157 5339 315 5397 ¹1nmss.
342 5339 625 5412 Lmilerleuitorque
1046 5341 1153 5412 ⁸ilisa,
1172 5343 1203 5399 Ht
1218 5340 1371 5412 rainarius
1383 5343 1519 5412 parasset
1542 5339 1577 5396 ad
1600 5340 1754 5397 doctrinam
1776 5345 1834 5416 ejus

154 5412 296 5470 ’iidem
307 5381 365 5484 ὲρι·
471 5412 551 5484 Luci!
551 5427 582 5466 er
609 5413 802 5477 Romanorum,
822 5411 954 5468 Ecclesia·
1010 5414 1120 5486 aliquas
1134 5413 1310 5483 seductiones,
1326 5415 1381 5467 cte.

274 5415 551 5540 annumero!
520 5482 700 5566 superiorem
714 5498 878 5540 censuram.
1045 5486 1056 5521 ⁸
1084 5488 1164 5555 tiss,
1193 5483 1272 5539 Hulli
1295 5487 1386 5540 tonan
1412 5481 1610 5555 discipulorum
1637 5484 1697 5556 ejm
1718 5486 1835 5554 pessimi

113 5482 378 5626 mffimffl
313 5553 345 5610 Si
356 5553 416 5625 ejus
430 5554 525 5638 aliqua
538 5569 614 5611 secus
628 5555 711 5626 uiam,
725 5559 780 5610 etc.
1010 5555 1107 5626 multo,
1119 5558 1174 5611 etc.

113 5629 277 5769 ηἰτὶὲἓὲἰ
287 5599 458 5754 Picfflw
484 5626 595 5696 inperio
622 5642 678 5683 nen
704 5599 852 5698 insaniens,
876 5623 956 5680 atiud
1008 5627 1060 5772 ml
1067 5631 1148 5756 lgtecs
1141 5627 1197 5696 iit
1209 5641 1305 5683 omnm
1317 5641 1376 5698 erus
1404 5627 1584 5698 uestigioque
1612 5627 1715 5683 iterare
1725 5629 1834 5698 potuu-
