4056 6170
78 341 156 406 riae
519 288 527 301 '¹
586 339 901 420 concensemus
919 339 963 402 in
981 337 1288 402 ⁴ncocusnsrnn.
1366 356 1370 362 ·
1695 343 1772 414 isai

75 471 253 540 corneolos:
270 474 320 530 aut
334 471 507 546 generaliter
521 475 555 530 de
571 473 708 530 omnibus
722 473 833 540 stultis,
845 473 897 546 qui
911 476 936 541 Α
953 478 982 530 et
996 477 1121 529 voterem
1139 472 1282 544 piscinam
1297 472 1442 541 averterit,
1460 472 1570 546 eligens
1591 476 1647 533 sibi
1657 478 1774 536 tluente

73 561 213 636 ignorent
230 565 329 632 Deum,
348 567 398 618 aut
413 561 578 634 specialiter
592 563 627 618 de
642 562 784 618 hereticis
794 562 899 635 dispu·
954 560 1146 627 bacisamat
1174 560 1304 634 gurgites
1334 562 1477 618 [lamasci.
1504 565 1537 618 lit
1561 565 1640 635 dabo,
1664 566 1772 638 inquit,

75 654 117 704 tat
146 653 165 706 ¹.
183 651 258 722 Lege
274 649 424 708 Platonem
441 650 625 722 ;Aristotelis
640 649 898 718 revolveersutias,
948 649 1061 720 jaoenos
1074 650 1212 720 principes
1228 665 1332 714 eoram,
1355 658 1380 705 et
1409 651 1535 707 illusores
1556 651 1775 712 dominabantur

72 741 218 796 Zenonem
248 743 277 795 et
304 741 482 796 Carneadem
520 739 691 812 diligentius
718 740 841 807 intuere,
871 744 900 794 et
953 739 1275 810 etstlsa.1u,t).Lege
1299 738 1410 802 Daniel,
1437 744 1467 794 st
1489 743 1770 800 vetustumdierum

72 826 899 900 probabisverumessequoddicitur.‹ababorstulto
955 825 1083 881 invenies
1111 825 1202 881 Deum
1243 826 1325 897 (dori.
1367 829 1427 896 vu).
1469 828 1543 899 Lege
1570 829 1773 902 Apocalypsin]

74 931 141 970 rum
157 915 268 988 allliget
283 933 342 982 eos,
360 939 374 966 n
390 917 549 973 Veritatem
563 916 605 971 illi
617 915 736 988 quidem
747 916 827 971 omni
840 919 900 970 stu·
953 915 1084 978 loannis,
1096 921 1124 969 et
1139 920 1227 986 caput
1240 914 1397 972 salvatoris
1410 915 1569 971 candidum
1585 921 1617 972 ut
1631 918 1737 988 nivem,
1749 923 1778 976 et

74 1004 338 1076 dloquaesierunt3
359 1005 496 1076 sedquia
518 1021 575 1060 non
601 1004 900 1071 habueruntdacem,
955 1001 1039 1073 quasi
1071 1001 1170 1056 lanam
1200 1000 1295 1058 albam
1323 1002 1449 1073 reperies
1476 1003 1566 1075 (ipos.
1589 1008 1619 1074 r).
1634 1005 1777 1064 ieremias

74 1097 104 1148 et
119 1093 258 1164 previum
274 1092 399 1164 itineris,
414 1098 443 1149 et
459 1092 597 1148 humanis
612 1091 749 1148 sensibus
766 1091 821 1147 rati
832 1095 902 1147 eunt
955 1106 1072 1161 quoque
1086 1089 1156 1161 quia
1171 1090 1288 1162 sapiens
1302 1096 1375 1157 crat,
1392 1094 1420 1146 ct
1434 1091 1498 1146 cani
1514 1093 1578 1162 eJ'us
1593 1092 1623 1150 in
1633 1095 1779 1166 sapientia

74 1197 108 1236 se
122 1180 370 1253 comprehendere
385 1197 470 1253 posse
494 1181 680 1254 sapientiam,
701 1180 737 1234 ad
754 1179 900 1236 civitatem
955 1179 1175 1250 reputabantur,
1202 1177 1373 1250 prohibetor
1390 1179 1528 1249 juvenem
1554 1196 1665 1239 essese
1680 1183 1778 1242 dicore

74 1269 198 1324 minimo
219 1274 423 1342 pervenerunt,
438 1269 473 1326 do
497 1287 556 1342 qua
580 1270 610 1324 in
635 1268 751 1324 Psalmo
774 1267 899 1324 dicitur:
955 1267 1064 1338 (terem.
1082 1266 1112 1338 1).
1132 1267 1179 1322 Vae
1193 1282 1260 1339 ergo
1277 1271 1359 1322 terrae
1383 1269 1469 1339 euJ'us
1492 1285 1541 1324 rex
1562 1275 1607 1324 est
1629 1269 1776 1338 diabolas,

75 1359 199 1428 Domine,
216 1359 370 1414 incivitate
385 1360 732 1430 icaimapincmipsoram
755 1355 900 1428 dissipabis
956 1355 1006 1426 qui
1034 1371 1150 1426 semper
1178 1371 1319 1411 novarum
1357 1372 1455 1412 rerum
1483 1358 1609 1428 cupidus
1637 1359 1725 1415 etiam
1746 1360 1777 1416 in

75 1447 163 1516 (Paul.
180 1463 265 1514 cxxii,
282 1447 338 1518 20).
356 1447 464 1504 Omnes
488 1446 568 1502 enim
584 1445 703 1502 umbras
723 1449 752 1500 et
770 1444 901 1500 diversos
955 1444 1115 1500 Abessalon
1131 1443 1270 1500 adversus
1283 1448 1432 1515 parentem
1444 1444 1581 1502 rebellet:
1595 1446 1782 1518 quaejudires

74 1534 220 1606 imagines
235 1539 323 1606 atque
339 1551 489 1607 personas,
517 1550 590 1607 quas
613 1534 668 1590 eibi
685 1533 715 1588 in
731 1531 819 1588 variis
835 1533 903 1604 dog·
956 1536 985 1588 et
1000 1532 1147 1603 principes
1162 1547 1212 1587 ecs
1227 1531 1325 1598 habet,
1337 1532 1388 1603 qui
1403 1539 1502 1588 ament
1516 1534 1606 1604 hujus
1616 1536 1715 1592 seculi
1729 1553 1780 1592 vo-

77 1625 208 1680 matibus
220 1623 390 1688 induerunt,
406 1623 436 1678 in
452 1623 524 1680 urbe
554 1639 609 1678 sua
622 1621 764 1678 Dominus
776 1620 902 1692 dissipa·
958 1619 1095 1692 luptates,
1105 1615 1777 1692 quiantequamslies'mortisadveniat,dicunt:

79 1712 134 1766 bit.
157 1713 194 1768 De
220 1729 278 1784 qua
306 1717 334 1768 et
360 1711 428 1768 alibi
445 1710 601 1768 scribitur:
633 1711 769 1767 Flaminis
786 1712 902 1780 impetos
958 1707 1154 1764 Manducemus
1169 1712 1195 1763 et
1211 1709 1356 1769 litaniam·
1369 1725 1430 1764 cras
1449 1711 1524 1766 enine
1545 1713 1697 1768 inoriemar
1711 1713 1778 1783 (tea.

79 1800 203 1870 latificat
227 1802 364 1856 cievitatem
393 1803 443 1856 Dei
458 1801 544 1872 (Paul.
569 1817 644 1868 xcvi,
659 1801 698 1871 5).
715 1799 748 1854 ei
763 1798 793 1854 in
809 1799 903 1854 livua·
957 1813 1026 1864 sxu,
1044 1797 1098 1868 13).
1116 1801 1238 1852 Econtca
1254 1797 1338 1852 beata
1360 1801 1437 1852 terra
1461 1797 1604 1868 Ecclesiae,
1631 1800 1716 1870 cujus
1731 1817 1781 1858 rex

76 1887 171 1960 gelio:
201 1890 260 1944 tlon
287 1892 372 1962 potest
400 1891 499 1945 ciuitas
528 1888 657 1944 abscondi
684 1895 901 1960 capremontem
958 1889 1003 1942 est
1021 1884 1156 1940 Christus
1184 1884 1275 1942 Filius
1304 1886 1529 1958 ingenuorum:
1558 1888 1594 1944 de
1621 1888 1781 1959 Abraham,

71 1978 327 2049 pessimantes,
353 1979 407 2048 tt).
439 1978 514 2033 llis
545 1977 708 2048 lsaia:lipo
741 1977 902 2047 ciuitatis·
960 1975 1098 2038 lssac,et
1120 1972 1220 2042 Jacob,
1246 1973 1453 2045 prophetarum
1480 1991 1598 2047 quoque
1621 1981 1781 2035 etssncto·

74 2068 246 2134 ma,cioitas
267 2083 326 2138 qnae
349 2067 551 2139 oppugnatar²
579 2067 642 2137 (len.
673 2066 821 2134 xxvn‚30,
851 2080 902 2120 sec.
958 2078 1023 2118 rum
1041 2061 1172 2116 omnium
1188 2063 1279 2134 stirpe
1294 2063 1486 2130 descendens,
1506 2065 1615 2135 quibus
1631 2075 1779 2137 peccatum

75 2156 162 2223 liti).
185 2155 336 2228 Siquidem
363 2158 437 2212 benc
462 2155 633 2210 veritatiset
656 2153 807 2225 sapientiae
835 2153 904 2208 civi-
960 2167 1016 2206 non
1032 2151 1088 2205 tuit
1103 2151 1285 2205 dominatum
1299 2168 1305 2217 ;
1321 2156 1350 2206 ot
1364 2153 1400 2206 ob
1415 2150 1443 2206 id
1465 2168 1531 2207 vere
1553 2154 1672 2210 luerunt
1685 2155 1779 2212 liberi.

75 2249 180 2313 tatem,
196 2260 263 2299 oum
280 2245 363 2300 firmo
378 2245 417 2300 sit
431 2249 459 2300 et
475 2244 605 2312 robusta,
628 2259 730 2298 omnes
746 2247 774 2298 et
788 2241 903 2313 sapien·
959 2239 999 2293 Ex
1026 2238 1134 2309 quibus
1163 2243 1230 2294 nats
1259 2243 1305 2294 est
1331 2238 1419 2311 Virgo
1446 2239 1566 2296 liberior
1592 2247 1695 2298 sanct-e
1717 2244 1781 2302 bla-

76 2331 903 2405 tessaeculiethaereticiimpugnareconantur.lltquod
958 2327 1011 2396 rio,
1052 2327 1125 2382 ΛΠ
1171 2325 1285 2381 ”Ullum
1324 2326 1436 2382 habens
1478 2327 1623 2397 slulisseffli
1665 2330 1781 2388 nullum

76 2423 115 2478 de
132 2420 316 2494 philosophis
331 2421 470 2490 diximus,
488 2421 542 2476 hoc
557 2420 635 2476 idern
657 2420 747 2476 etiam
763 2419 798 2474 da
814 2418 904 2474 haare-
959 2431 1078 2488 germen
1094 2431 1128 2470 ex
1144 2414 1251 2482 latere;
1279 2417 1328 2470 sed
1359 2420 1437 2472 totus
1465 2416 1577 2472 tractus
1605 2418 1670 2488 ejus
1685 2420 1782 2492 erupit

76 2510 147 2565 ticis
169 2510 366 2581 sentiendum,
393 2510 471 2582 quod
496 2508 605 2564 trustra
631 2506 764 2564 laborent
786 2512 815 2563 et
829 2506 904 2561 atlli-
960 2505 989 2559 ia
1006 2503 1117 2572 llorem,
1134 2502 1300 2575 loquentem
1315 2503 1345 2558 in
1370 2504 1486 2560 Cantica
1513 2505 1712 2563 cantieorum:
1727 2509 1782 2580 Epo

78 2602 191 2672 gantur
206 2597 234 2652 in
250 2597 347 2653 studio
363 2597 593 2668 scripturarum,
619 2610 686 2650 cum
709 2593 862 2650 ambulent
875 2593 904 2650 in
959 2593 1008 2662 {los
1022 2593 1123 2662 campi,
1140 2599 1165 2646 et
1181 2591 1273 2646 titiam
1286 2593 1455 2648 convallium
1478 2593 1568 2665 (Cant.
1595 2611 1627 2662 11,
1643 2596 1681 2668 1).
1698 2596 1780 2652 Prin-

76 2690 208 2757 deserto,
237 2691 266 2742 et
297 2685 442 2742 civitatem
479 2684 609 2740 invenire
638 2681 835 2739 nonvaleant.
865 2681 906 2738 Dc
939 2680 1039 2751 ¹cipes
1059 2681 1253 2752 quoqueejus
1277 2681 1484 2753 suntapostoli
1509 2687 1537 2738 et
1558 2685 1781 2755 omnesssncti,

76 2791 207 2847 quorum
225 2790 322 2830 errore
337 2779 366 2830 et
380 2773 538 2830 Psalmista
560 2775 770 2828 commemorat
785 2770 904 2827 dicens:
960 2769 1116 2841 quiregem
1127 2767 1547 2842 habenttllinmingenuorum,
1560 2771 1653 2827 tilium
1663 2771 1780 2841 liberm

74 2867 250 2922 Erraaerant
272 2865 303 2918 ia
329 2863 433 2919 deserto
460 2870 485 2918 et
500 2863 528 2916 in
552 2861 683 2932 inaquoso
699 2861 772 2916 aiam
788 2860 907 2914 ciuitatis
961 2873 1018 2913 non
1038 2858 1073 2914 dc
1088 2856 1292 2930 ancilladgar‚
1317 2858 1367 2914 sed
1392 2860 1427 2914 de
1450 2860 1527 2916 Sere
1549 2860 1681 2918 libertate
1694 2877 1780 2934 gene·

75 2957 107 3009 et
129 2953 311 3008 habitationis
338 2953 397 3023 ejas
425 2966 480 3007 non
508 2951 673 3004 inuenerant
689 2949 778 3016 (Psoi.
795 2963 851 3017 cvr,
867 2947 905 3019 t).
960 2944 1142 3001 ratumNec
1168 2949 1325 3002 comedunt
1354 2963 1448 3014 mane,
1479 2965 1531 3004 nec
1558 2949 1702 3006 velociter.
1719 2951 1782 3006 Non

115 3038 367 3105 fidelisimi,
385 3044 473 3108 terra,
502 3039 587 3109 cujus
617 3054 665 3092 rex
684 3035 864 3101 adolescens,
879 3039 908 3091 et
961 3035 1039 3090 eninr
1061 3034 1089 3088 in
1104 3035 1240 3106 praesenti
1255 3035 1361 3091 soeculo
1376 3044 1511 3106 querant
1527 3038 1717 3111 voluptatem,
1730 3039 1782 3095 sed

76 3131 230 3206 principes
245 3128 288 3184 tui
304 3143 390 3184 mano
408 3127 578 3183 concedunt.
594 3127 682 3182 Beata
697 3131 775 3182 terra
787 3126 808 3193 ³,
822 3125 907 3196 cnjus
962 3129 1091 3195 tempore
1106 3139 1159 3178 suo
1175 3123 1395 3180 manducabant
1408 3141 1475 3180 cum
1490 3126 1692 3184 retributionis
1706 3133 1782 3184 tem·

76 3238 131 3276 rex
146 3224 218 3274 tuus
245 3217 325 3272 tilius
352 3216 559 3288 ingenuorum,
589 3221 617 3270 et
647 3214 793 3286 principes
817 3213 859 3270 tui
874 3203 941 3268 inC
961 3228 1017 3284 pus
1028 3211 1188 3278 advenerit,
1199 3217 1228 3267 et
1239 3213 1781 3284 manducabuntintortitudine,etnon

76 3317 214 3381 tempore
229 3306 396 3372 comedunt,
415 3303 627 3360 infortitudine
643 3308 671 3358 et
691 3320 747 3358 non
763 3303 792 3358 in
808 3304 908 3358 cont'u-
960 3301 992 3356 in
1007 3300 1186 3357 conclusione.
1201 3301 1416 3358 omnebonum
1445 3303 1595 3376 pressantis
1609 3303 1707 3360 seculi
1723 3320 1782 3360 noa

76 3399 174 3454 sione.
194 3419 204 3446 ι
223 3396 345 3451 Videtur
360 3394 479 3466 quidem
496 3394 650 3466 reprobare
666 3393 808 3463 juvenum
824 3392 906 3464 prin·
963 3389 1037 3445 lusio
1053 3393 1107 3458 est,
1123 3390 1215 3444 taturi
1239 3393 1379 3462 perpetua
1404 3390 1552 3447 tortitudo.
1576 3391 1644 3448 ‘lale
1668 3392 1740 3465 quid
1754 3399 1783 3452 et

76 3488 224 3560 cipetum,
241 3493 268 3541 et
283 3483 449 3540 luxuriosos
466 3482 582 3554 jndices
606 3481 813 3546 condemnare,
828 3480 906 3551 quod
961 3478 991 3533 in
1009 3479 1083 3534 leuia
1097 3479 1220 3534 dicitur:
1250 3479 1317 3534 Ecce
1343 3481 1393 3549 qai
1418 3482 1541 3536 serviant
1567 3481 1782 3550 mibi,manda-

77 3581 111 3632 in
130 3570 606 3646 alteroperietatemsitinfirma
628 3566 907 3640 sapientia,inaliie
962 3568 1103 3626 salonit:
1133 3583 1179 3622 *aas
1206 3575 1299 3622 autem
1329 3569 1463 3622 esurietis.
1497 3569 1532 3623 nt
1558 3569 1685 3625 iterum:
1715 3574 1783 3630 Ecce

85 3663 182 3718 etiam
197 3667 309 3718 matura
325 3665 395 3716 aetas
406 3658 518 3716 deliciis
528 3662 690 3714 enervetur.
702 3655 907 3714 discontraria
962 3661 1010 3732 pai
1036 3657 1159 3712 serviant
1184 3657 1264 3722 mibi,
1294 3656 1475 3716 torreantur:
1503 3672 1548 3711 eos
1571 3661 1661 3713 aatem
1672 3660 1784 3730 pudebit

79 3749 247 3824 principem
276 3750 399 3822 probare
428 3747 512 3804 bonis
542 3747 684 3814 moribus,
702 3750 736 3800 et
751 3743 909 3800 liberaliter
963 3749 1027 3820 (loo.
1045 3762 1108 3816 axv,
1129 3745 1161 3800 13
1174 3744 1267 3814 etti).

78 3839 274 3906 institutum;
290 3841 319 3894 et
333 3854 383 3893 eos
393 3837 509 3908 judices
535 3834 702 3907 praedicare,
726 3833 776 3906 qui
798 3849 908 3904 aequa·
1000 3859 1014 3888 «
1031 3835 1063 3891 ln
1079 3833 1205 3906 pigritiis
1221 3830 1423 3888 humiliabitur
1444 3835 1633 3906 contignatio,
1649 3841 1678 3894 et
1692 3839 1722 3895 in
1737 3840 1782 3896 in·

76 3945 176 4002 quam
193 3927 369 3999 voluptatem
386 3924 511 3998 negotiis
535 3923 642 3979 civium
667 3923 838 3994 proterant:
856 3922 908 3978 sed
963 3924 1100 3981 firmitate
1112 3937 1252 3978 manuam
1264 3921 1387 3976 stillabit
1397 3922 1512 3978 domus.
1526 3945 1540 3972 a
1552 3929 1783 4004 tJomusnostra,

77 4022 151 4091 post
168 4014 295 4072 multum
311 4014 440 4070 laborem
464 4018 492 4070 et
515 4010 797 4068 administrationem
812 4011 908 4084 reipu-
963 4033 1025 4088 quaa
1041 4029 1109 4068 cam
1124 4015 1201 4066 statu
1225 4010 1353 4066 bominis
1378 4016 1473 4067 erecta
1494 4013 1547 4083 [dt.
1564 4019 1669 4084 creata]
1686 4023 1740 4089 est,
1756 4025 1785 4077 et

74 4107 178 4176 blicis,
190 4104 289 4159 cibum
300 4119 401 4175 cepero
413 4103 498 4174 quasi
510 4099 682 4157 necessitate
694 4103 845 4172 cogentur.
856 4100 910 4156 Ve-
964 4101 1104 4162 habitatio
1119 4116 1208 4172 quam
1224 4099 1368 4155 babemus
1385 4100 1413 4156 in
1429 4099 1520 4172 coelis,
1536 4102 1560 4158 si
1577 4104 1652 4177 pigri
1667 4123 1783 4176 sumus,
1852 4133 1857 4143 „

73 4211 146 4252 rum
165 4192 239 4248 milii
251 4192 395 4248 sacratius
411 4190 481 4262 quid
505 4192 593 4245 tatere
618 4187 733 4242 videtur
757 4187 786 4242 ia
802 4186 908 4254 littera,
964 4199 991 4250 et
1002 4193 1036 4249 ad
1054 4191 1228 4261 bonoopera
1242 4188 1394 4259 tardiores,
1407 4189 1622 4248 humiliabitur.
1638 4195 1674 4250 tlt
1686 4196 1784 4252 omnis

71 4283 159 4356 quot
173 4282 298 4351 juvenes
323 4279 459 4335 dicantur
482 4277 512 4332 ia
536 4276 697 4348 Scriptura,
725 4275 776 4346 qui
791 4293 808 4332 a
821 4276 909 4332 veteri
964 4279 1143 4354 contignatio
1158 4295 1221 4350 qum
1238 4277 1324 4334 debet
1338 4278 1455 4334 culmen
1473 4283 1588 4350 portare
1601 4282 1632 4337 in
1646 4282 1783 4352 sublime,

70 4371 255 4428 auctoritate
270 4368 448 4438 desciscunt,
465 4373 493 4422 et
508 4382 581 4421 cana
596 4367 739 4436 precepta
753 4369 909 4436 parentum
964 4371 1000 4426 ad
1017 4375 1124 4426 terram
1140 4383 1289 4434 corruens,
1306 4366 1499 4422 habitatorem
1525 4385 1612 4426 suum
1627 4371 1783 4444 opprimet.

69 4459 295 4518 contemnunt:
312 4456 362 4528 qui
387 4454 516 4528 neglecto
541 4453 591 4509 Dei
616 4453 765 4522 mandato,
788 4452 911 4524 cupiunt
964 4463 1094 4530 Cumque
1110 4455 1251 4512 auxilium
1267 4451 1783 4533 manuumvirtutumquetorpuerit,

69 4553 212 4606 statuere
241 4543 411 4601 traditiones
441 4543 605 4599 hominurn.
637 4541 677 4596 lle
705 4540 813 4612 quibus
838 4544 866 4596 et
879 4541 1065 4624 inpomnes
1080 4544 1206 4614 desuper
1226 4547 1424 4614 tempestates,
1449 4543 1784 4606 etnimboramadnos

67 4637 154 4695 lseia
175 4641 247 4707 (cap.
271 4633 334 4704 vm)
360 4630 460 4687 Israeli
484 4630 627 4687 Dominus
652 4631 859 4696 comminatur,
875 4644 908 4686 eo
963 4633 1049 4688 turbo
1064 4630 1238 4702 prorumpit.
1254 4631 1431 4703 Porroquod
1448 4632 1477 4687 in
1492 4634 1611 4690 homine
1625 4636 1784 4694 uaointer·

67 4725 156 4800 quod
176 4722 304 4780 notuerit
318 4737 425 4794 aquarn
436 4718 521 4790 Silue,
536 4736 599 4792 ques
612 4716 691 4774 vadit
701 4734 767 4774 cum
780 4716 907 4790 silentio,
963 4721 1067 4795 prelati
1079 4736 1193 4788 sumus,
1211 4719 1316 4776 melius
1328 4725 1423 4792 potest
1433 4737 1522 4793 super
1532 4722 1660 4780 Ecclesia
1670 4724 1761 4798 accipi
1774 4743 1781 4796 ;

111 4951 148 4960 --
167 4917 291 4972 Vanitati
307 4916 437 4983 lamella,
451 4919 508 4972 etc.
529 4912 710 4970 Corbeieneie
726 4914 816 4969 codex
830 4915 909 4968 vetu—
962 4919 1146 4992 oppugnator.
1162 4915 1224 4972 Vid.
1241 4914 1363 4987 epistola
1377 4917 1412 4972 30
1435 4917 1470 4972 od
1491 4919 1619 4987 Pontion,
1636 4935 1717 4977 num.
1738 4921 1783 4978 tt,

67 4990 245 5054 citissimus,
267 4989 297 5044 Et
312 4989 394 5058 finem
409 4987 536 5059 leonardi
559 4988 682 5040 sonitore
703 4986 870 5040 tamaltaosa
883 4988 909 5040 et
999 5021 1031 5030 -
1046 4990 1148 5043 Ciuitas
1162 5003 1222 5058 paae
1237 4996 1420 5058 oppugnator.
1437 4989 1468 5044 la
1485 4989 1541 5044 fine
1556 4991 1686 5062 epletole
1700 4993 1735 5047 30
1745 4994 1782 5050 ad

67 5061 262 5134 impendentia,
279 5075 373 5115 miore
386 5060 566 5119 caremtenam
583 5056 656 5112 alter
679 5056 765 5110 etiarn
783 5055 906 5122 Cochen,
964 5059 1084 5116 Paulam
1098 5059 1133 5114 da
1146 5059 1308 5129 alphabeto
1325 5059 1464 5115 ltebraiao
1487 5075 1553 5116 curn
1575 5062 1718 5133 particula
1733 5081 1784 5122 ne·

66 5131 237 5206 lrnpadenti
250 5147 343 5188 errore
362 5131 542 5189 coercebant:
568 5127 638 5184 editi
663 5143 728 5184 voro
752 5127 865 5182 llrasm.
881 5131 909 5182 et
963 5133 1069 5204 gallaa,
1094 5131 1161 5198 Qiee
1184 5145 1238 5183 aon
1260 5138 1451 5200 oppugnatam
1468 5132 1537 5202 quia
1557 5137 1708 5192 conanus
1723 5151 1785 5191 ser-

65 5204 202 5262 btarian.
235 5203 361 5258 Vanitate
398 5218 460 5256 cnm
493 5200 578 5255 mietio
614 5215 707 5254 errore
734 5198 905 5254 eoiairolonnt.
964 5204 1059 5260 monis
1085 5201 1268 5273 negationem
1294 5201 1392 5272 exigit,
1417 5199 1492 5256 sicot
1514 5208 1543 5257 et
1563 5203 1784 5276 inepistolaad

65 5281 224 5332 Mennian-
962 5275 1111 5346 Alpinium,
1123 5277 1225 5344 quiesi.
1235 5273 1374 5326 secunda.
1388 5273 1446 5329 Nisi
1457 5275 1528 5328 t'orto
1538 5281 1782 5348 prooppapnatar,

109 5369 118 5400 ¹
138 5365 271 5420 Rursum
281 5377 349 5416 cum
362 5361 466 5416 iisdem
478 5357 565 5415 editis
577 5355 700 5413 Palatia.
714 5357 798 5412 codd.
809 5357 909 5412 lieto-
963 5349 1004 5404 ibl
1019 5345 1175 5416 legendum
1191 5343 1240 5411 sit,
1255 5358 1310 5396 ”On
1325 5349 1509 5414 expugnator.
1528 5347 1668 5404 ΜΛΜΙΛΝ.

66 5437 174 5494 reticio
189 5433 431 5504 disputationibus.
450 5431 581 5487 vatican.
609 5435 648 5485 tle
661 5430 797 5486 liceroticis
812 5429 907 5500 dispa-
997 5415 1114 5497 ³Vtffliss·
1130 5419 1157 5469 ⁰2
1173 5413 1296 5480 Palatia,
1313 5415 1394 5496 Bell-¹}
1410 5425 1440 5471 lu
1454 5420 1541 5488 terra,
1558 5425 1618 5504 elo..
1775 5491 1780 5503 1

65 5515 179 5567 tonas.
194 5503 322 5574 ntroin,
342 5503 554 5576 disputantibus.
997 5489 1146 5544 ‘Priorem
1172 5485 1250 5540 buno
1275 5501 1309 5540 ex
1333 5485 1408 5541 laeta
1433 5487 1529 5544 locum
1556 5492 1671 5550 codices
1690 5495 1785 5549 nostri

111 5580 123 5616 ²
141 5575 387 5634 {acclinandum
411 5592 478 5632 cum
503 5590 575 5630 mss,
596 5571 680 5628 libris
695 5576 783 5644 atquo
803 5571 901 5630 aditis,
961 5575 1063 5618 omnes
1081 5559 1319 5632 pretermittant.
1342 5557 1485 5620 lictorius
1508 5562 1599 5634 addit,
1613 5565 1689 5623 Bona
1702 5579 1781 5620 mao-

63 5647 156 5712 artat
171 5651 268 5704 temen
286 5645 359 5722 legit
374 5646 437 5722 ipse
448 5647 655 5724 Hieronymus,
668 5641 907 5718 controniano
960 5635 1107 5694 distabunt·
