4056 6156
154 275 212 348 itl
776 279 808 352 S.
831 279 988 355 ausonii
1010 283 1233 358 sidobrim
1797 287 1857 358 iis

152 419 213 474 tem
228 413 357 476 haeredes
372 417 433 491 Dei,
449 419 612 478 coheredes
622 427 719 478 autem
735 422 842 478 Christi
858 423 883 479 si
897 440 974 480 com-
988 432 1017 500 Α
1030 426 1143 482 cordari
1172 430 1271 484 autom
1286 443 1318 484 εε
1343 425 1549 485 misericordie
1564 428 1594 484 et
1608 422 1750 484 virtutum
1779 425 1856 500 ejus,

152 507 312 580 patiuntur,
329 515 360 566 ut
375 515 403 567 et
417 510 627 584 conglorificari
642 512 668 568 ei
683 529 716 568 ex
741 513 911 585 passionum
927 530 973 569 so·
1031 513 1179 585 inquiunt,
1197 515 1227 570 in
1244 515 1383 572 omnibus
1403 533 1467 589 que
1488 515 1623 572 retribuit
1637 514 1688 586 eis,
1704 530 1761 574 uon
1773 515 1857 586 juxta

153 594 257 653 εἰειειε
269 613 444 655 mercamur.
1027 601 1173 673 justitiam
1188 618 1284 672 suam,
1300 604 1350 660 sed
1360 605 1445 677 juxta
1455 603 1687 660 misericordiam
1698 607 1727 660 et
1742 603 1856 660 bonitu-

189 686 232 742 is.
250 686 356 744 Verum
381 687 450 760 quio
465 693 493 744 et
507 689 562 745 hoo
574 690 659 760 juxta
681 691 710 745 id
725 691 802 763 quod
827 689 977 762 potuimus
1030 693 1090 748 tem
1106 689 1181 761 ejus,
1210 679 1320 763 qui'est
1344 692 1437 764 judex
1451 691 1551 748 domui
1577 691 1697 760 videnti,
1713 695 1742 748 et
1757 690 1856 748 sensui

151 773 327 832 edissertum
348 780 403 842 est,
421 793 619 850 proponamus
642 779 789 851 prophetae
815 776 977 850 capitulum
1032 778 1142 834 mundo
1158 779 1245 835 corde
1260 778 1391 835 cernenti
1401 779 1558 835 Dominum
1576 780 1624 852 (i).
1642 778 1855 852 llocsiquidom

153 862 286 934 quedam
299 863 333 919 de
348 864 458 937 Spiritu
470 870 570 922 sancto
585 866 747 934 continens,
760 877 791 921 m
806 881 863 922 non
880 866 976 922 solum
1031 881 1066 922 ex
1080 866 1198 922 Hebreo
1214 881 1347 924 sermone
1360 865 1391 922 in
1406 867 1507 941 lingua
1522 871 1622 924 nostra
1647 866 1858 940 inierpretatur
1970 899 1982 914 -

153 951 188 1007 de
204 952 292 1020 Novo,
305 970 406 1010 rerum
423 955 511 1010 etiam
527 955 563 1010 de
578 955 674 1010 Veteri
686 956 874 1012 Testamento
889 970 978 1026 super
1031 951 1132 1021 lsrael,
1162 953 1260 1018 idest,
1288 953 1640 1026 muscidmsltsumffi).
1672 952 1752 1010 Licet
1777 955 1856 1011 enim

152 1040 216 1112 ejus
232 1042 288 1097 fide
303 1041 512 1115 intellectuque
528 1043 694 1098 doceamur.
710 1043 783 1098 Nam
798 1047 827 1100 et
841 1041 976 1116 superius
1030 1045 1186 1109 tormenta,
1200 1046 1238 1109 et,
1255 1040 1404 1098 cruciatus
1415 1041 1504 1112 judex
1531 1058 1728 1115 nonunquam
1752 1043 1858 1100 inierat

152 1128 302 1201 prelocuti
318 1147 433 1197 sumus,
450 1131 479 1186 in
494 1131 632 1187 omnibus
648 1131 769 1198 sanctis,
790 1136 851 1187 tarn
865 1131 912 1188 his
927 1129 977 1202 qui
1026 1130 1173 1203 judicium
1181 1129 1371 1198 merentibus,
1385 1129 1539 1202 tamcnqni
1547 1145 1652 1187 causae
1663 1145 1761 1187 rerum
1770 1130 1858 1189 altius

152 1223 220 1290 post
235 1219 390 1274 adventum
405 1219 521 1274 Domini
534 1219 624 1275 nostri
637 1221 764 1287 luerunt,
777 1235 865 1292 quum
877 1219 975 1276 etiam.
1030 1219 1172 1287 intuetur,
1181 1218 1284 1275 videns
1297 1216 1706 1291 propositumbonitstisejus,
1715 1217 1857 1298 quicupit

152 1311 240 1370 retro,
257 1307 286 1361 in
302 1305 475 1377 patriarchis
490 1306 625 1364 videlicet
639 1313 667 1365 et
683 1307 843 1382 prophetis,
854 1306 978 1380 Spiritus
1031 1307 1176 1380 corrigere
1190 1311 1371 1379 peccantem,
1397 1310 1505 1363 bonurn
1519 1305 1604 1363 illum
1630 1307 1797 1378 confitetur,
1812 1307 1857 1365 di·

153 1393 247 1450 sonoti
264 1395 388 1466 gratiam
400 1394 490 1452 fuisse
510 1400 666 1464 versutum,
681 1396 898 1453 eteosdiversis
909 1395 977 1451 oba·
1032 1411 1114 1452 cene:
1132 1393 1278 1452 «luterens
1293 1395 1344 1466 [ct.
1360 1393 1480 1466 inieras]
1497 1395 1582 1450 nobie
1592 1395 1679 1466 juxta
1693 1395 1858 1454 misericor·

153 1481 325 1542 rismatibus
339 1483 554 1557 virtutibusque
563 1484 735 1557 complesse.
744 1483 978 1552 Quomodoenim
1031 1483 1111 1540 diam
1127 1497 1221 1538 susm.
1240 1481 1298 1538 »Si
1320 1481 1398 1542 euim
1412 1481 1582 1554 iniquitates
1605 1499 1705 1540 eorum
1721 1500 1796 1557 quos
1805 1485 1859 1558 ju-

154 1570 300 1628 uniusDei
315 1572 493 1646 etUnigeniti
505 1574 569 1642 ejus
583 1573 977 1647 gratiampoesidentes,tam
1032 1571 1247 1627 dicatattsndat
1256 1570 1411 1635 Dominus,
1422 1570 1489 1643 quis
1498 1569 1678 1628 sustinebit?
1689 1571 1774 1629 Porro
1789 1574 1859 1646 quia

151 1659 181 1716 hi
197 1659 331 1731 quiante,
343 1660 579 1733 quarnetiamilli
597 1663 647 1736 qui
659 1663 891 1734 postadventum
903 1661 979 1732 ejus,
1034 1659 1112 1732 apud
1128 1659 1285 1715 Dominum
1302 1657 1469 1732 propitiatio
1483 1661 1538 1727 est,
1568 1658 1713 1717 Dominus
1727 1659 1860 1719 videlicet

147 1747 270 1820 justitiae
295 1764 410 1806 erexere
424 1748 574 1819 vexillum,
589 1750 720 1806 veritatis
739 1754 808 1806 sunt
822 1749 978 1806 scientiam
1034 1751 1133 1805 nomer
1146 1752 1233 1820 atque
1247 1745 1478 1804 Salvatorinlert
1492 1747 1577 1804 nobis
1587 1748 1752 1806 secundum
1770 1749 1860 1808 mise-

150 1838 316 1906 consecuti;
341 1838 383 1894 sic
398 1843 428 1894 et
441 1839 566 1912 Spiritus
581 1839 675 1896 sancti
700 1838 825 1912 gratiam
841 1835 977 1911 posside·
993 1805 1017 1871 B
1032 1835 1187 1894 ricerdism
1204 1851 1299 1904 suam,
1311 1835 1484 1909 omniaque
1495 1852 1549 1892 nos
1559 1835 1720 1908 provehant
1727 1838 1763 1894 ad
1778 1837 1859 1895 salu·

150 1925 233 1994 bunt,
250 1924 979 1999 quiainseparabilumal’atreetllillioeese,Spi·
1032 1928 1102 1982 tem.
1119 1925 1250 1980 lnierens
1275 1939 1391 1996 quoque
1417 1924 1501 1995 juxta
1514 1923 1858 1997 misericordiamsuam,

149 2014 239 2072 ritum
255 2020 390 2072 sanctum
405 2016 434 2072 in
459 2015 561 2073 multis
580 2034 670 2091 supra
696 2015 768 2073 locis
783 2015 976 2072 ostendimus·
1031 2017 1060 2069 et
1074 2012 1128 2069 hoc
1144 2013 1252 2070 iaciens
1266 2012 1296 2069 in
1307 2011 1478 2086 judiciottl),
1495 2029 1563 2070 cum
1577 2012 1694 2086 justitia
1704 2014 1788 2072 nobis
1802 2015 1858 2072 tri-

149 2103 296 2175 Scriptum
312 2107 356 2159 est
370 2121 439 2178 argo
454 2105 484 2160 in
498 2105 655 2178 propheta:
673 2128 687 2155 o
702 2102 905 2162 Misericordia
920 2102 975 2159 Do·
1030 2101 1106 2166 buit,
1122 2117 1186 2174 que
1202 2101 1330 2158 admista
1354 2101 1561 2160 misericordia
1589 2102 1718 2162 bonitate
1733 2103 1858 2178 largitus

150 2191 222 2248 mini
249 2193 418 2249 recordatus
433 2211 510 2260 eum,
527 2198 556 2250 et
567 2194 683 2251 virtutis
706 2194 770 2264 ejus
784 2194 815 2248 in
838 2190 975 2247 omnibus
1029 2193 1084 2247 est.

150 2297 214 2354 quae
231 2280 367 2337 retribuit
381 2282 476 2338 nobis.
495 2282 635 2338 Dominus
649 2283 737 2354 judex
758 2281 854 2337 bouus
873 2277 975 2335 domui
1065 2279 1203 2336 11145.
1220 2279 1394 2352 arguendus
1409 2283 1455 2337 est
1468 2295 1503 2335 ex
1516 2279 1652 2353 prasenti
1676 2281 1804 2354 capitulo
1818 2282 1858 2356 (7)

150 2368 249 2436 lsrael,
264 2370 392 2425 inferens
403 2371 581 2441 nobiajuxta
596 2369 826 2428 misericordiam
836 2384 933 2434 suam,
947 2373 976 2426 et
1028 2365 1329 2437 hereticorumerrcr,
1339 2367 1562 2440 quibonitstem
1574 2384 1591 2424 a
1597 2368 1717 2441 justitia
1724 2386 1860 2444 separan-

146 2457 232 2530 juxta
247 2457 467 2515 multitudinem
486 2459 612 2530 justitias
631 2477 700 2515 sue.
716 2461 751 2515 iit
766 2457 853 2515 dixit:
874 2457 974 2513 Nonne
1027 2455 1861 2528 tes,aliumDeumbonum,aliumjustumlinxeruntlicce

150 2545 278 2618 populus
307 2564 390 2604 meus
416 2546 469 2602 tilii
482 2552 511 2604 et
535 2565 593 2605 non
621 2547 851 2620 pravaricabunt
864 2547 912 2617 (3).
938 2546 974 2601 Et
1027 2544 1106 2600 enim
1121 2544 1151 2599 in
1166 2545 1389 2617 presentiarum
1404 2542 1467 2617 ipse
1491 2549 1537 2601 εει
1551 2549 1638 2612 Deus,
1660 2549 1690 2602 et
1705 2547 1810 2616 bonus,
1827 2552 1858 2606 et

150 2634 246 2691 factus
267 2638 311 2692 est
338 2634 396 2690 illie
421 2637 450 2690 in
480 2635 604 2692 salutem
634 2637 762 2692 exomni
786 2633 974 2692 tribulatione
1023 2631 1267 2706 judex,etjuxta
1293 2631 1525 2689 misericordiam
1543 2649 1628 2690 suam
1647 2634 1859 2708 justitiamque

150 2736 266 2788 eorum;
283 2738 341 2778 nou
357 2721 481 2795 legatus,
498 2741 592 2796 neque
604 2725 738 2797 angelus,
749 2725 799 2780 sed
810 2722 974 2796 ipsasalva·
1027 2719 1193 2788 restituens,
1210 2725 1238 2778 et
1252 2721 1363 2794 pariter
1377 2721 1473 2778 bonus
1496 2723 1658 2794 justusque
1678 2724 1856 2782 subsistens.

150 2809 191 2866 vit
206 2826 266 2876 eos,
281 2826 314 2866 eo
325 2810 403 2882 quod
414 2811 546 2869 dilexerit
556 2829 615 2884 eos,
627 2819 655 2870 et
667 2813 828 2887 pepercerit
839 2813 892 2868 eis.
910 2813 974 2884 lpse
1028 2807 1148 2864 Frustra
1163 2808 1253 2881 igitur
1268 2807 1404 2882 iniquum
1420 2809 1528 2882 dogma
1542 2808 1728 2878 simulantes,
1742 2810 1855 2868 bonum

151 2897 275 2954 redemit
290 2915 350 2966 eos,
366 2899 628 2972 etsusueperiieos,
644 2906 673 2958 et
687 2900 877 2958 exaltaviteos
896 2900 969 2956 m
1026 2895 1119 2952 Deum
1135 2893 1292 2970 Evangelii,
1308 2901 1337 2953 st
1350 2896 1464 2953 Veteris
1474 2897 1777 2970 Testamentijustum
1791 2916 1859 2957 esse

152 2985 182 3042 in
189 2985 326 3042 omnibus
334 2986 436 3044 diebus
447 2987 555 3044 saculi.
572 2989 583 3045 l
599 2989 763 3046 sivercnon
775 2987 972 3046 crediderunt.
1027 2982 1190 3040 detendunt
1204 2983 1330 3058 (8),quia
1343 2983 1717 3058 etinplurimisaliislocis,
1734 2991 1764 3044 et
1777 3005 1858 3044 nuuc

152 3075 802 3150 etirritaveruntSpiritnmeanctumejos;'et
817 3093 973 3134 conversus
1029 3071 1059 3126 iil
1076 3072 1223 3144 pr0phsstae
1251 3089 1396 3144 sermone,
1424 3074 1540 3148 «judex
1565 3075 1690 3132 bonus»
1719 3075 1859 3132 scribitur

152 3167 197 3220 esi
211 3162 253 3220 eis
268 3164 303 3219 au
319 3163 512 3222 inimicitiam.
531 3166 760 3238 ipsedebeiiavir
773 3181 823 3222 eos
838 3170 867 3221 et
881 3170 1008 3238 recorc
1028 3159 1115 3227 osus,
1132 3165 1161 3215 st
1175 3177 1190 3218 e
1205 3164 1350 3218 contrario
1366 3162 1443 3234 quos
1454 3161 1568 3231 nolunt,
1584 3162 1613 3218 in
1631 3161 1710 3220 rauii
1724 3163 1851 3236 apostoli

151 3252 237 3310 datus
251 3257 296 3310 est
311 3253 426 3310 dierum
441 3255 640 3328 antiquorum.
658 3256 711 3321 Qui
728 3254 828 3311 eduxit
842 3254 878 3310 dc
893 3256 972 3320 terra
1027 3246 1157 3320 llpistola
1171 3249 1234 3322 (qui
1248 3254 1326 3306 certe
1339 3249 1410 3306 Novi
1424 3250 1604 3308 Testamenti
1620 3250 1859 3324 predicatorest)

150 3345 297 3414 pastorem
321 3342 429 3409 ovium,
446 3344 495 3414 qiu
512 3344 611 3414 posuit
625 3344 655 3399 in
681 3344 724 3400 eis
737 3342 878 3417 Spiritum
903 3358 972 3398 san·
1026 3335 1105 3392 Deus
1115 3337 1200 3407 J'utos
1211 3338 1302 3410 judex
1326 3339 1459 3396 relcrtur.
1488 3363 1503 3391 α
1519 3340 1656 3412 lteposita
1680 3345 1725 3398 εει
1738 3339 1823 3409 mibi,
1840 3363 1857 3392 n

149 3433 240 3498 ctum,
255 3443 436 3504 congregans
447 3431 565 3488 dextera
580 3432 698 3506 Moysen
712 3433 745 3490 ⁸⁴.
763 3453 777 3482 ε
1025 3419 1132 3496 inquit,
1150 3445 1164 3475 o
1179 3441 1286 3482 corona
1295 3426 1430 3498 justitie,
1446 3443 1535 3500 quam
1552 3427 1653 3485 reddet
1669 3428 1741 3484 mihi
1758 3428 1860 3486 Domi·

184 3519 229 3576 lt.
254 3519 307 3585 Qui
337 3519 506 3592 frequenter
524 3521 575 3576 Dei
604 3521 702 3593 adepti
732 3525 801 3576 sunt
828 3519 972 3576 beneficia
1026 3511 1853 3590 nusinilladiejustusjudex⁸⁸.uldemeetergolicetno·

148 3605 272 3664 scientes
286 3606 379 3680 gratia
405 3608 552 3681 magis‚0t
579 3609 779 3666 misericordia
793 3609 867 3680 ejus,
883 3624 972 3680 quam
1026 3598 1091 3664 lini,
1108 3600 1179 3656 Novi
1194 3607 1222 3658 ei
1232 3602 1345 3660 Veteris
1356 3602 1534 3662 Testamenti
1551 3605 1639 3673 Deus,
1655 3604 1855 3664 visibilium&

149 3695 274 3768 propriis
285 3713 320 3752 ex
334 3713 365 3753 se
381 3697 471 3754 luisse
480 3697 616 3770 operibus
628 3705 807 3765 consecutos,
819 3696 903 3770 quasi
914 3712 972 3754 uno
1026 3685 1217 3747 invisibilium
1228 3691 1370 3760 conditor,
1388 3691 1535 3749 Salvatore
1549 3693 1638 3750 etiam
1653 3694 1682 3750 in
1697 3692 1857 3767 evangetio

147 3799 250 3840 omncs
260 3791 448 3855 consenso,et
461 3787 559 3844 animo
575 3789 785 3844 concordantes
799 3785 970 3856 loquuntur.
1021 3777 1138 3848 justum
1154 3783 1182 3835 ει
1198 3780 1308 3838 bonum
1325 3781 1436 3836 Patrem
1451 3779 1563 3854 liquido
1578 3785 1748 3840 attestante:
1766 3806 1779 3834 a
1796 3783 1856 3839 Pa-

148 3894 159 3921 ·
189 3872 393 3929 Misericordia
422 3876 535 3931 Domini
562 3877 731 3934 recordatus
758 3891 835 3930 som.
854 3899 864 3927 i
884 3873 971 3946 Cogi·
1026 3865 1173 3936 terjuste,
1190 3869 1319 3926 mundus
1348 3870 1675 3943 unoncoguovitm
1703 3870 1858 3928 Dtinalio

145 3963 240 4016 lantes
256 3961 334 4017 enim
350 3978 415 4034 qun
429 3963 466 4018 ab
482 3980 515 4019 eo
537 3963 704 4036 frequenter
723 3963 753 4020 in
773 3963 871 4036 Moyse
894 3962 970 4018 dona
1025 3958 1103 4015 loco:
1121 3979 1135 4007 «
1152 3957 1242 4013 Nemo
1258 3957 1364 4026 bonus,
1381 3957 1438 4013 nisi
1454 3973 1531 4014 unus
1546 3958 1666 4016 Deuell.
1683 3981 1697 4010 n
1710 3959 1807 4016 Sedet
1823 3959 1857 4016 in

144 4049 337 4120 susceperint,
354 4050 619 4123 gratiasrclerunt‚
636 4057 746 4112 etcum
760 4049 970 4117 misericordia,
1023 4044 1399 4118 acterilegeslibijustus,
1429 4044 1500 4103 alibi
1517 4045 1612 4104 bonus
1640 4047 1858 4104 dieiturDeus.

142 4135 387 4194 ctiamvirtutum
417 4138 533 4197 Domini
550 4141 751 4207 recordantur,
778 4137 971 4196 sivemirabi-
1026 4137 1057 4191 ln
1074 4132 1206 4200 Psalmis,
1225 4132 1356 4190 «iustus
1385 4133 1571 4203 Dominus»
1597 4135 1859 4209 inquit‚«etjus·

45 4255 48 4268 ι
141 4223 227 4295 lium,
243 4242 306 4298 quae
322 4227 422 4283 crebro
438 4245 489 4300 pro
506 4228 547 4286 cis
563 4229 630 4286 fecit
644 4230 672 4284 iu
683 4227 810 4301 populis,
828 4227 886 4282 sive
901 4243 969 4298 pro·
1024 4223 1106 4280 titius
1124 4221 1224 4279 dilexit
1234 4221 1268 4277 ⁸⁸.
1285 4243 1299 4271 n
1320 4223 1355 4278 iii
1369 4223 1514 4279 contrario
1530 4223 1560 4278 in
1574 4223 1711 4292 Jeremlu,
1727 4244 1742 4274 «
1757 4224 1861 4282 Bonus

68 4317 74 4332 ·
142 4312 272 4370 iactuum
289 4315 516 4388 animae,quibus
531 4335 583 4390 per
598 4318 701 4384 leuem,
717 4323 745 4372 et
756 4314 924 4388 prophetas,
941 4318 970 4370 et
1024 4310 1280 4383 Dominushisqui
1291 4311 1439 4368 sustinent
1449 4327 1516 4366 eum
1528 4311 1559 4366 ⁸⁰.
1578 4333 1592 4360 u
1607 4315 1720 4369 Rursus
1733 4314 1762 4368 in
1777 4311 1863 4370 Psal-

140 4407 286 4474 praecepta
299 4405 363 4472 ejus
387 4404 516 4460 salubria
541 4405 648 4460 eruditi
664 4409 742 4460 sunt.
760 4402 911 4474 Siquidem
940 4403 969 4456 in
1025 4401 1096 4458 mis:
1115 4424 1129 4452 u
1151 4401 1243 4465 Quam
1259 4399 1353 4456 bonus
1365 4399 1441 4456 Deus
1453 4400 1553 4469 lsrael,
1568 4400 1616 4458 his
1627 4401 1678 4475 qui
1690 4407 1769 4459 recto
1784 4409 1861 4458 sunt

139 4488 295 4560 scripturis
310 4507 415 4546 nornen
432 4491 547 4546 virtutis
564 4497 720 4562 utrrinrque
741 4489 896 4563 significat.
913 4490 968 4545 lte-
1024 4489 1110 4546 corde
1125 4490 1158 4543 ὀ.
1177 4511 1191 4538 o
1208 4487 1310 4544 dthaec
1321 4487 1441 4561 quidem
1457 4487 1575 4546 elatcre
1592 4488 1860 4549 contraheretieos

175 4603 197 4636 ⁸⁸
213 4603 268 4658 lea.
285 4605 456 4671 r.x111,7-l2.
491 4605 513 4639 ⁸⁵
529 4606 552 4661 ll
575 4605 650 4660 Tim.
667 4623 704 4672 iv,
721 4607 748 4662 8.
780 4607 802 4640 ⁸⁸
826 4605 996 4672 loamxvn,
1017 4606 1060 4662 li.
1098 4606 1120 4640 ⁸⁷
1150 4605 1239 4661 Marc.
1267 4619 1295 4670 x,
1325 4602 1370 4659 l8.
1415 4603 1437 4638 ⁸⁸
1467 4603 1540 4662 Psal.
1573 4621 1600 4660 x.
1639 4607 1666 4661 8.
1692 4606 1715 4642 ⁸⁸
1742 4605 1859 4666 Thron-

140 4690 183 4742 ui,
200 4675 244 4740 25,
261 4674 283 4708 ⁰⁰
300 4673 373 4730 Psal.
391 4693 476 4743 exuri,
494 4676 518 4730 l.

175 4791 213 4863 (3)
228 4789 287 4845 Erit
301 4807 393 4862 opere
410 4791 535 4862 pretium
558 4791 703 4864 insignem
720 4793 810 4850 istum
826 4793 906 4848 isaie
923 4793 966 4849 lo·
982 4794 1005 4860 Ι)
1021 4797 1084 4850 turn
1100 4793 1299 4850 Milevitanum
1315 4789 1446 4847 invenies
1463 4791 1513 4848 lib.
1531 4811 1561 4860 11,
1578 4794 1608 4850 in
1625 4793 1691 4864 tine,
1707 4797 1737 4852 et
1751 4793 1855 4852 Hiero·

140 4879 207 4920 oum
224 4863 348 4918 recolere
365 4863 401 4919 ad
415 4863 548 4920 Graecum
566 4861 722 4936 cantuplum
735 4866 771 4919 ad
782 4866 867 4920 cu'os
879 4865 965 4922 sidem
1024 4882 1143 4939 nymum
1171 4881 1288 4937 quoque
1303 4881 1338 4920 ex
1352 4860 1477 4919 aliorum
1507 4881 1607 4922 sensu.
1623 4866 1677 4932 Oui
1701 4869 1800 4922 autem
1814 4882 1856 4924 ex

139 4932 258 5014 nonullo
273 4935 504 4992 emendavimus.
522 4937 574 4991 Pro
590 4959 603 4986 o
627 4935 728 4992 Nonne
742 4881 867 5008 popuius
884 4953 968 4994 meus
1023 4953 1057 4994 ea
1071 4955 1139 4994 voce
1154 4921 1269 5002 L>tritri
1289 4933 1409 5015 extundi
1425 4936 1529 5006 possit,
1546 4935 1615 4992 alibi
1632 4935 1771 4994 diximus.

140 5005 287 5060 filiiierut
321 5007 446 5079 negandi
476 5024 606 5062 sensu«
636 5011 698 5062 Non
730 5008 854 5080 populus
883 5024 967 5064 meus
1057 5006 1853 5092 (diverbarethoclaciensoinlteginemes.expun-

138 5075 199 5140 olii,
218 5095 231 5121 n
247 5081 347 5132 contra
363 5095 435 5133 mss.
461 5079 574 5151 Reginae
591 5081 619 5134 et
633 5079 762 5135 Vaticani
789 5079 887 5135 fidem.
904 5081 965 5134 Grae
1020 5085 1143 5152 guntur:
1162 5098 1229 5138 mcx
1242 5078 1347 5144 Vatic,
1365 5099 1379 5128 κ
1395 5074 1481 5132 nobie
1496 5078 1609 5144 tribuit,
1626 5078 1696 5152 quia
1710 5095 1744 5136 eo
1762 5083 1853 5150 Juxta

137 5163 189 5202 cue
203 5159 320 5216 quoque
337 5147 397 5202 057.
414 5150 427 5202 ι
444 5145 511 5212 λαός
527 5169 589 5222 μου,
607 5154 659 5206 ctc.
1019 5151 1225 5210 misericordiae
1238 5149 1399 5206 bonitatem
1415 5144 1541 5220 largitus
1555 5155 1609 5206 est.
1628 5172 1641 5200 a

173 5213 212 5288 (t)
242 5215 330 5272 Vetus
356 5220 456 5286 editio,
489 5245 498 5270 ι
522 5225 552 5276 ει
581 5237 667 5278 sensu
697 5221 807 5278 mundo
832 5222 962 5278 cernenti
1053 5223 1092 5297 (7)
1108 5225 1181 5282 Hinc
1195 5219 1430 5281 tertiumlibrum
1446 5221 1769 5294 auspicantureditores
1783 5220 1849 5290 alii,

138 5291 241 5343 Deum.
273 5309 286 5334 υ
1017 5297 1124 5365 quade
1140 5314 1169 5354 re
1185 5291 1420 5370 supradiximus
1436 5286 1467 5346 iu
1495 5293 1614 5366 prefixa
1627 5290 1848 5350 admonitione.

171 5360 209 5432 (5)
227 5357 334 5414 Vitiosa
349 5362 378 5414 et
392 5364 492 5416 contra
508 5378 579 5417 mss.
596 5363 683 5418 fidem
698 5367 783 5420 antea
797 5367 858 5418 erat
876 5383 889 5416 s
905 5363 959 5418 Do-
1014 5365 1167 5424 absonum
1183 5384 1250 5424 vero
1262 5364 1450 5430 estmaxime,
1461 5364 1540 5438 quod
1556 5364 1681 5420 emedio
1694 5365 1774 5422 lsaie
1789 5363 1848 5422 loci

135 5430 259 5486 minum.
282 5429 959 5560 ullaecporronoininislsraeletymolopriasive
1014 5439 1195 5509 expositione
1216 5437 1388 5510 inceperint.

133 5503 196 5563 νοῦς
211 5504 282 5576 ὁρῶν
299 5499 373 5568 esto,
391 5502 497 5558 Grecis
513 5505 658 5585 precipua
686 5511 793 5572 arrisit,
810 5505 957 5579 Dympio·
1047 5510 1086 5580 (8)
1103 5511 1217 5585 Regina
1231 5510 1316 5576 liber,
1332 5531 1347 5558 «
1363 5507 1473 5566 bonum
1484 5508 1519 5564 de
1530 5505 1697 5581 Evangelio,
1708 5510 1737 5564 et
1748 5506 1832 5564 devo

132 5573 203 5630 doro
241 5573 270 5628 in
298 5590 386 5645 capr
414 5571 594 5630 Ecclesiaste.
639 5575 759 5631 Leontio
799 5577 836 5630 De
866 5579 955 5644 sectis,
1010 5579 1660 5655 teriTesmentojustumessedetendunt.»

132 5644 302 5719 Theophani
318 5644 454 5701 Ceramco
465 5643 598 5716 aliisque.
616 5649 645 5700 li.
659 5645 774 5702 Latinis
784 5647 862 5718 apud
872 5648 955 5720 Opta-
