4056 6170
608 323 975 396 annuntiaremus
997 333 1136 398 nanta.
1159 331 1342 398 annnam.

637 613 1309 807 saranatis

814 907 905 965 ΤΟΜΙ
920 909 960 965 111
980 907 1125 967 OPERUM

410 1071 478 1176 S·
543 1073 913 1179 nusum
984 1075 1544 1182 ntnnomt

485 1308 574 1430 IN
605 1309 1002 1435 EDITIONE
1032 1310 1463 1435 VALLARSI

796 1646 928 1734 PARS
959 1647 1150 1737 PRIMA.

225 1828 260 1884 ΙΝ
277 1828 345 1892 OUA
363 1827 458 1885 LIBRI
474 1829 643 1888 NOMINUM
660 1829 915 1886 HEBRAICORUM
931 1830 1286 1888 INTERPRETATIONES
1302 1832 1426 1888 GRAECE
1443 1830 1714 1888 Racausatttttu.

863 2113 1077 2172 ADMONITIO.

152 2405 290 2463 Subneaa’
316 2405 473 2478 torreqinis
496 2405 657 2464 Graecarum
682 2405 784 2476 Αὲξεων
808 2423 860 2463 ms.
885 2408 1026 2480 exemplar
1046 2409 1076 2463 in
1090 2409 1243 2465 Parisienn
1259 2408 1422 2465 titttortecn
1450 2407 1534 2478 Reqia
1548 2410 1643 2463 nactus
1656 2415 1695 2464 est
1708 2408 1825 2466 lindia-

116 2511 208 2564 naeus,
237 2499 263 2550 el
289 2495 395 2566 publici
418 2496 493 2567 juris
516 2495 624 2567 primus
645 2497 718 2566 iecit,
740 2501 767 2551 et
777 2495 818 2552 'de
841 2496 901 2567 ejus
924 2497 1040 2553 raritate
1053 2513 1085 2553 ac
1098 2500 1258 2569 prestantia
1271 2499 1364 2554 multis
1379 2498 1518 2554 disseruit.
1535 2499 1567 2553 Et
1583 2513 1645 2553 ocro
1658 2499 1722 2568 tecit
1736 2515 1826 2572 operte

111 2587 247 2657 pretium,
277 2583 489 2654 Hieronymiano
520 2584 591 2640 titre
616 2584 648 2640 de
677 2584 852 2642 ttetrseorum
886 2586 1033 2641 Nominum
1056 2588 1281 2660 interpretatione
1312 2586 1364 2642 nac
1391 2602 1496 2660 quoque
1524 2595 1646 2642 ostentm
1672 2588 1827 2645 Graecorum

114 2675 281 2743 traqmenla
308 2680 464 2737 annectens,
493 2675 520 2728 el
547 2689 610 2728 cnm
635 2674 736 2744 primis
758 2673 812 2729 duo
837 2675 946 2745 inleqra
973 2675 1099 2744 Oriqenis
1120 2675 1240 2731 lenita:
1255 2674 1390 2747 siquidem
1399 2675 1460 2746 jam
1475 2675 1555 2730 tiretn
1568 2690 1603 2730 ea
1619 2675 1732 2731 illorum
1746 2692 1826 2732 sensu

113 2762 237 2817 rationes
261 2776 356 2816 uacum
378 2760 540 2832 expendere,
566 2761 740 2833 adquorum
760 2762 912 2834 judicium,
940 2779 1003 2819 cum
1025 2764 1083 2835 ejus
1106 2763 1173 2819 titri
1196 2765 1347 2820 versionem
1369 2765 1551 2835 ttieronqmns
1570 2763 1731 2834 adornaret,
1746 2781 1827 2822 suam

111 2865 190 2922 soepe
204 2849 286 2922 fidem
299 2850 435 2906 liberauit.
456 2851 551 2907 Verum
566 2854 624 2906 tam
634 2853 665 2930 *el
680 2852 769 2906 mulla
783 2858 809 2907 et
821 2853 919 2923 qruuia
940 2851 1096 2908 insederant
1110 2854 1141 2907 in
1159 2853 1208 2908 illo
1232 2853 1388 2924 exemplari
1411 2852 1530 2909 Graculi
1553 2854 1731 2908 amanuensis
1745 2856 1826 2919 vilia,

112 2940 299 3008 traiectiones,
324 2939 439 3010 lacunae,
467 2943 498 2995 ut
518 2941 659 3014 nequitum
686 2956 757 3011 sape
777 2942 942 3011 facesserent
965 2940 1142 2998 Benedictino
1163 2943 1275 3006 editori,
1291 2943 1341 3014 qui
1355 2949 1448 3002 tennes
1462 2957 1497 2997 ere
1511 2942 1668 2998 litterarum
1683 2944 1827 3000 vicinitate

111 3029 285 3096 coniecturas
302 3044 454 3101 supponere
466 3044 572 3086 necesse
595 3028 708 3084 latrat:
725 3045 811 3100 reque
835 3032 895 3101 ipsu
916 3031 974 3086 nisi
994 3030 1108 3086 alterius
1122 3030 1222 3087 eodnis
1234 3047 1285 3086 ms.
1302 3046 1351 3102 ope
1364 3029 1507 3087 emendari
1519 3031 1680 3102 potuissent,
1697 3031 1827 3087 utilitatis

112 3118 227 3188 eaiqnoe
251 3115 287 3170 ad
309 3117 374 3173 illas
393 3117 568 3190 etymoloqias
593 3117 773 3190 explicandas
804 3118 1053 3192 componendasque
1082 3135 1145 3174 cum
1169 3119 1390 3191 Hieronymiana
1423 3119 1648 3190 interpretatione
1671 3117 1823 3174 uidebatur.

110 3206 224 3262 lteliori
249 3204 303 3262 luae
334 3209 378 3260 nti
403 3208 525 3278 fortuna,
554 3205 628 3278 quad
658 3221 830 3279 summopere
855 3209 885 3263 in
908 3210 976 3263 uotis
1000 3215 1071 3278 erat,
1098 3207 1169 3263 mitt
1188 3207 1282 3263 datum
1295 3214 1334 3263 est
1350 3208 1491 3264 Vaticaaos
1505 3205 1824 3279 pluteosseduloperue-

111 3296 242 3364 stipanti,
259 3296 305 3350 cui
317 3309 372 3350 non
388 3295 529 3367 antiquius
543 3295 644 3362 solum,
659 3298 707 3350 aul
715 3296 799 3367 paulo
812 3296 949 3353 dantauat
963 3297 1144 3367 emendatius,
1160 3296 1207 3353 sed
1221 3297 1299 3368 loaqe
1324 3297 1587 3368 prudentissimum
1600 3295 1826 3367 eaernplarmen,

112 3387 284 3439 traaaoeum
298 3385 428 3454 occurrit,
444 3383 515 3455 quod
528 3392 554 3441 et
568 3383 627 3440 daec
642 3385 702 3456 ipsa
712 3385 875 3455 plessemata
904 3387 1004 3443 rectius
1028 3386 1108 3457 tonqa
1121 3387 1239 3455 caditat,
1254 3393 1279 3441 et
1293 3387 1424 3457 pleraque
1437 3385 1495 3441 alia
1509 3400 1651 3440 sacrorum
1665 3385 1827 3440 Nominum·

111 3489 179 3545 quae
206 3471 329 3528 nondum
357 3473 385 3528 in
414 3471 502 3528 lucem
518 3471 690 3545 prodierunt,
715 3471 837 3528 adteuil:
864 3473 979 3545 denique
1001 3473 1098 3528 multis
1122 3475 1291 3544 arqnmentis
1319 3475 1410 3544 ipsum
1431 3488 1460 3528 se
1471 3473 1563 3544 prodit
1577 3487 1633 3528 esse
1647 3471 1829 3544 aret-ctypum

113 3577 155 3617 ea:
167 3577 221 3634 quo
235 3562 335 3631 neptas
351 3560 424 3616 liter
438 3569 568 3632 exceptus
581 3565 631 3630 est,
646 3562 757 3616 tametsi
770 3563 801 3615 in
814 3561 963 3634 plerisque,
978 3560 1048 3632 quod
1070 3563 1216 3617 usuvenire
1237 3559 1308 3616 solet
1329 3561 1508 3632 rescripseris
1531 3561 1651 3625 inscitia,
1678 3575 1739 3614 enm
1755 3560 1828 3616 mab

112 3652 233 3720 reserat.
260 3651 306 3705 Est
332 3665 414 3722 porro
441 3649 513 3706 idem
541 3651 598 3723 ipse
621 3649 707 3706 codex
728 3652 777 3721 qui
799 3650 909 3706 Eusetii
928 3649 1030 3706 litorum
1053 3649 1116 3724 napi
1129 3651 1183 3702 τῶν
1199 3650 1338 3714 Τοπικῶν,
1351 3646 1503 3720 ὀνομάτων,
1521 3649 1578 3704 siue
1593 3647 1628 3702 de
1644 3645 1726 3702 locis
1741 3644 1829 3701 Palae-

115 3738 216 3803 sana,
230 3739 361 3807 continet,
376 3737 410 3794 de
423 3739 501 3810 cujus
512 3739 619 3794 eximia
632 3739 753 3795 raritate
766 3737 889 3794 dicimus
905 3739 936 3794 in
950 3739 1118 3809 Prniatione
1127 3753 1137 3799 ,·
1152 3737 1262 3810 fuitque
1281 3738 1348 3793 otim
1371 3736 1541 3792 celeberrimi
1563 3734 1717 3791 cardinalis
1731 3733 1830 3789 Srrleti

115 3827 194 3902 quod
220 3828 276 3899 ipse
301 3843 389 3883 manu
413 3829 528 3900 propria
557 3829 587 3882 in
610 3829 714 3899 prioris
737 3829 851 3900 popinae
878 3826 940 3884 cilia
964 3830 1076 3883 testatus
1095 3828 1152 3882 est:
1181 3841 1256 3880 nnnc
1283 3825 1313 3878 in
1339 3825 1470 3879 Vaticana
1485 3821 1650 3879 titliotlieea
1663 3839 1741 3879 num.
1757 3822 1828 3879 tt50

111 3916 276 3974 denotatur.
310 3917 353 3972 Ea
376 3915 425 3972 lcac
450 3918 536 3989 iqilur
559 3932 627 3973 novo
648 3916 765 3989 quodum
787 3915 957 3988 autaqrapto
972 3915 1079 3972 libellas
1093 3915 1157 3970 istos
1177 3929 1212 3970 en
1227 3914 1519 3984 inteqrorepraesento,
1535 3913 1679 3983 ipsamque
1692 3909 1759 3967 aclea
1775 3911 1827 3966 la·

115 4009 211 4062 tinam
239 4007 505 4076 interpreutlionem,
536 4022 619 4077 qnam
646 4005 825 4062 ttartianaeus
854 4003 1044 4070 adornaverat,
1068 4003 1104 4059 od
1127 4008 1197 4058 tane
1216 4002 1350 4057 amussim
1376 4015 1447 4073 supe
1460 4001 1564 4070 saepins
1578 4000 1660 4068 enias
1674 4003 1824 4070 etcastiqo.

113 4095 255 4151 Continuo
269 4095 329 4165 ejus
352 4094 547 4151 Annotdiones
569 4093 706 4164 subnecto,
731 4109 797 4162 non,
819 4093 1046 4166 quemadmodum
1067 4093 1096 4148 in
1120 4091 1226 4146 celeris
1240 4090 1320 4146 libris
1333 4091 1438 4160 tactum
1451 4096 1499 4156 est,
1514 4104 1546 4144 nc
1557 4091 1689 4161 perpetuo
1701 4087 1829 4160 deinceps

112 4185 176 4254 fiet,
191 4197 241 4238 eas
256 4196 361 4252 quoque
375 4181 410 4236 ad
425 4183 492 4237 tomi
515 4183 616 4238 calcem
642 4182 755 4253 rejicio;
780 4195 842 4236 cum
865 4183 939 4237 enim
957 4179 1056 4253 oppido
1069 4179 1163 4236 matta
1175 4179 1241 4248 sint,
1257 4193 1290 4233 ac
1303 4175 1417 4233 sntinde
1430 4177 1547 4249 reliquis
1560 4175 1758 4246 ditiqentiores,
1775 4177 1833 4247 ipsa

112 4271 206 4327 etiam
225 4269 350 4342 periculo
373 4267 467 4337 didici,
490 4271 516 4325 si
537 4270 644 4341 lonqius
666 4269 893 4338 amandarentur,
917 4285 953 4326 ec
974 4285 1070 4325 earum
1095 4283 1218 4332 occursu,
1242 4280 1304 4338 qua,⁰
1323 4267 1354 4321 in
1376 4266 1562 4337 eopnominem
1577 4263 1679 4319 libram
1696 4264 1831 4334 Hierony-

112 4361 248 4416 nuiunum
275 4359 386 4430 scripte
411 4363 487 4425 sunt,
517 4358 649 4430 confundi
676 4359 758 4414 tonas
785 4359 895 4415 tectores
922 4374 1007 4427 posse.
1034 4358 1104 4414 Meas
1127 4356 1312 4413 Samacenicis
1325 4355 1399 4410 notis
1420 4353 1564 4410 distinctas
1582 4351 1712 4424 adjunqo,
1728 4365 1790 4424 quoe
1804 4365 1834 4421 sq

110 4449 264 4522 pauciores
290 4448 407 4518 tortasse
433 4446 579 4503 uideantur
600 4463 683 4522 qnam
711 4449 860 4504 Nominum
889 4449 1004 4504 istorum
1032 4448 1103 4502 ratio
1129 4453 1210 4517 atque
1237 4445 1387 4500 obscuritm
1400 4443 1549 4513 postulent,
1565 4443 1644 4508 scias,
1661 4445 1688 4496 et
1700 4440 1774 4497 nillil
1788 4455 1832 4496 ase

110 4544 301 4610 praetermss.
316 4534 399 4606 fidem
409 4539 577 4607 pertentare,
598 4543 625 4593 et
647 4534 770 4592 camdem
793 4534 945 4592 subdititiis
969 4535 1049 4592 libris
1065 4551 1097 4590 ac
1119 4534 1248 4604 penninis
1271 4548 1382 4606 operam
1405 4547 1460 4588 noa
1474 4530 1649 4604 impendere:
1664 4529 1737 4585 nulli
1749 4527 1830 4584 deni·

112 4641 172 4700 quc
184 4624 332 4684 industrie
344 4627 446 4683 nostrae
459 4632 588 4682 tenenata
607 4625 726 4700 praeripi
740 4624 827 4682 locum
851 4624 1023 4698 restituendi,
1048 4626 1075 4682 si
1098 4639 1152 4698 qua
1179 4622 1278 4693 desint,
1293 4626 1341 4680 utel
1367 4620 1483 4678 nnttora
1495 4618 1653 4694 reponendi.
1676 4619 1702 4676 si
1715 4619 1828 4675 inuenta

111 4716 237 4788 suerint.
