4064 6158
274 279 356 370 ,235
921 307 954 370 S.
976 307 1133 374 nusum!
1153 307 1376 378 utnaortttss
1900 321 1914 384 l

298 431 376 485 sicut
389 446 439 488 eos
462 431 622 492 invenisset
644 437 728 503 fides,
757 442 786 494 ct
808 455 1052 515 unumquemque
1075 443 1120 500 vel
1133 445 1162 513 Α
1175 445 1334 517 Christum,
1350 448 1376 506 si
1391 449 1583 510 circumcisus
1598 453 1718 512 vocatus
1744 467 1773 512 es
1793 454 1914 522 abunere,

298 517 441 592 coelibem,
457 523 500 580 rel
515 523 655 580 maritum
680 526 720 582 itu
741 527 847 585 durare
874 533 907 586 ut
921 535 999 587 esset
1013 530 1120 588 Christi
1175 533 1279 593 coelebs
1308 553 1373 594 eras
1389 557 1396 596 ε
1414 539 1474 596 noli
1493 540 1599 599 ducere
1623 559 1753 611 uxorem,
1773 543 1819 600 hoc
1838 547 1883 614 cst,
1904 561 1914 598 r

297 608 475 680 baptismate
500 611 710 685 deprehensus,
735 616 824 674 inient
843 618 943 675 subito
966 619 1120 692 parabolus
1174 625 1914 705 adducerepreputium,necircumcisioniaetpudici

298 697 375 756 25⁸
390 699 555 758 circumcisi
570 708 599 760 et
623 704 741 774 ethnici,
757 706 833 764 servi
851 712 880 763 et
894 707 998 764 liberi:
1021 712 1050 764 et
1064 709 1119 766 suh
1172 709 1337 771 libertatem
1361 731 1464 776 oneres
1492 718 1608 774 sarcina
1626 718 1801 792 nuptiarum.
1815 723 1914 775 lturaun

298 789 470 861 metaphora
484 807 585 848 earum
601 794 636 850 de
660 793 760 866 nuptis
785 795 917 867 disputat
931 800 960 852 ct
974 797 1117 870 innuptis.
1173 800 1203 857 in
1224 803 1366 875 preputio
1381 805 1447 878 quis
1470 811 1589 864 vocatus
1605 812 1659 878 ast,
1674 824 1733 864 uon
1752 808 1914 865 circumcidat

300 876 482 936 Circumcisus
497 881 599 952 uliquis
616 887 725 939 uerutus
738 888 788 951 est,
808 901 864 941 non
878 883 995 940 adimet
1006 901 1119 958 praepu·
1173 891 1317 961 Habebas,
1341 893 1447 967 inquit,
1473 911 1604 965 uxorem,
1629 913 1697 954 cum
1729 897 1885 954 credidisti:
1906 915 1914 954 r

298 969 378 1022 tium.
402 969 433 1023 lu
455 972 591 1042 praeputio
614 981 723 1028 eurotias
745 983 797 1044 est,
826 989 881 1029 neu
895 973 1116 1030 circumcidatur.
1173 981 1261 1037 tidem
1277 981 1384 1040 Christi
1400 989 1633 1056 putarecausum
1651 985 1774 1056 dissidii,
1789 987 1849 1058 quia
1862 987 1914 1059 inp

299 1056 474 1114 Circumlata
499 1058 573 1114 nitit
596 1064 645 1124 eti,
673 1065 699 1115 et
709 1061 879 1132 praeputium
901 1061 974 1117 nihit
997 1065 1060 1124 eti:
1074 1062 1119 1117 ted
1172 1070 1284 1126 vocavit
1297 1087 1351 1128 nos
1364 1076 1450 1128 Deus.
1467 1073 1642 1130 circumcisio
1667 1075 1739 1131 nihil
1765 1078 1844 1144 estet
1863 1091 1914 1148 prae

298 1148 448 1203 obseruatio
477 1148 671 1205 mandatorum
699 1150 757 1206 liei.
791 1151 978 1223 deterruitque
1006 1153 1036 1205 in
1065 1167 1119 1222 qua
1173 1161 1241 1214 tium
1269 1158 1342 1216 nihil
1369 1165 1433 1222 eet:
1457 1162 1505 1218 aed
1535 1163 1685 1220 obseruatio
1715 1163 1892 1220 nmntoterum

297 1239 569 1304 recoctioneuoeotus,
593 1242 643 1304 est,
661 1239 690 1293 in
710 1255 742 1294 eo
763 1247 933 1308 permoneat.
949 1242 1050 1295 Seruus
1077 1255 1120 1296 re
1173 1247 1251 1316 (itud.
1280 1247 1335 1318 ta).
1360 1249 1439 1306 Nihil
1464 1251 1542 1306 enim
1577 1253 1696 1324 prodest
1716 1251 1820 1325 absque
1841 1255 1914 1326 operi

296 1332 371 1380 cotue
387 1340 424 1392 ee,
440 1340 495 1379 non
509 1327 544 1380 sit
558 1327 610 1381 tibi
624 1342 708 1384 curae.
725 1327 776 1383 Sed
789 1336 815 1384 et
833 1330 858 1384 ei
870 1332 946 1401 petre
962 1329 1032 1384 tiber
1045 1329 1118 1398 fieri,
1173 1335 1336 1403 caelibatus,
1351 1342 1381 1394 et
1395 1339 1588 1411 nuptiae,cum
1603 1340 1693 1396 stium
1707 1340 1788 1409 hdes,
1798 1358 1854 1413 que
1864 1359 1914 1414 pro]

295 1414 384 1483 medie
399 1421 483 1469 elete-
501 1415 555 1480 Oui
569 1417 643 1470 enim
661 1417 691 1470 ιίι
704 1417 819 1472 Domine
834 1426 941 1474 vocatus
961 1421 1000 1473 est
1013 1433 1116 1484 serum,
1172 1423 1404 1482 Christianorum
1419 1431 1472 1494 est,
1489 1427 1515 1483 si
1531 1445 1618 1501 opera
1637 1444 1695 1485 non
1714 1428 1849 1498 habuerit,
1864 1447 1914 1486 mot

297 1501 410 1557 tidertm
426 1509 465 1558 eet
488 1504 608 1559 Domini.
639 1505 773 1561 Similiter
800 1507 888 1577 etqui
914 1506 985 1562 liber
1006 1510 1118 1562 vocotus
1172 1529 1237 1572 esse
1250 1513 1373 1582 dicatur,
1390 1520 1419 1571 et
1441 1516 1496 1572 hee
1519 1516 1583 1590 lege
1606 1516 1734 1591 virgines
1756 1519 1914 1591 quoquove

296 1598 342 1660 eet,
369 1606 461 1646 servus
486 1601 525 1648 est
555 1592 665 1649 Christi.
689 1597 782 1650 Pretio
809 1599 896 1667 empti
918 1597 1003 1651 estis:
1033 1595 1118 1652 notite
1172 1607 1201 1658 et
1220 1602 1346 1659 ,lunonis
1372 1603 1491 1661 univira)
1513 1604 1542 1662 in
1568 1608 1737 1662 sanctarum
1762 1611 1914 1678 queantur(

294 1679 358 1748 fieri
371 1683 444 1736 cerei
457 1681 609 1738 hominum.
628 1684 815 1755 Unusquisque
829 1685 914 1755 erqo¹
934 1686 1116 1755 inquorum·
1172 1691 1320 1748 numerari
1337 1707 1344 1746 :
1363 1693 1551 1765 Unrnan'sqne
1573 1696 1604 1749 in
1628 1711 1682 1766 qen
1713 1696 1844 1752 eventione
1874 1713 1914 1751 uec

294 1771 338 1824 let
351 1771 390 1824 etl
404 1771 500 1840 irater·
531 1772 561 1826 ²¹²2
575 1787 605 1827 ιθ
626 1777 784 1843 Ptlldsstssstl
806 1773 881 1845 alid
904 1774 989 1828 Deum
1014 1772 1115 1845 (1⁶⁰st
1131 1811 1156 1880 Β
1172 1789 1220 1848 εει,
1236 1781 1265 1836 iu
1288 1795 1321 1836 eo
1341 1786 1502 1852 permanent
1525 1783 1617 1855 (lete,
1642 1783 1699 1854 et).
1716 1784 1831 1850 Quando
1851 1787 1911 1841 cred

295 1874 345 1926 vn,
363 1859 396 1913 18
409 1861 504 1932 seqq).
527 1861 566 1916 hc
592 1862 733 1934 primum,
762 1862 833 1933 quia
861 1860 1018 1918 nonnullos
1040 1861 1117 1918 hene
1171 1869 1230 1926 sira
1246 1868 1382 1939 hahebat,
1397 1871 1457 1926 sive
1472 1886 1529 1926 non
1545 1869 1671 1928 habehat
1684 1889 1810 1943 uxorem,
1825 1872 1853 1929 in
1867 1892 1914 1947 ecj

295 1949 520 2022 intelligentiam
555 1951 784 2022 reprehensuros
824 1951 958 2020 arbitror,
992 1951 1116 2006 interro·
1171 1963 1298 2027 maneat,
1322 1959 1351 2014 in
1375 1974 1432 2032 quo
1454 1962 1575 2016 vocatus
1597 1963 1650 2016 ast.
1669 1961 1907 2034 heperhoenon

293 2055 363 2113 gare
386 2039 536 2112 libetque
565 2039 604 2096 sit
632 2039 850 2114 consequentia,
880 2045 913 2096 ut
940 2040 976 2096 de
1002 2040 1116 2095 moritis
1170 2047 1298 2120 virgines
1313 2047 1391 2120 cogit
1406 2051 1439 2104 ut
1452 2047 1575 2116 nubant,
1591 2063 1681 2121 quam
1699 2050 1819 2124 repudia
1840 2051 1914 2123 probi

295 2136 324 2188 et
338 2130 477 2188 uxoribus
497 2130 661 2203 disputans,
685 2133 803 2202 repente
817 2128 957 2186 transiret
979 2129 1015 2185 ad
1036 2145 1115 2184 eom·
1170 2136 1205 2192 ut
1224 2137 1300 2192 sicut
1318 2136 1494 2194 habentibus
1513 2153 1617 2194 uxores
1640 2136 1717 2195 tollit
1730 2137 1873 2197 licentiam
1887 2141 1914 2197 di

294 2221 476 2294 parationem
492 2219 585 2275 Judaei
611 2223 639 2274 et
667 2218 786 2285 ethuici,
803 2217 878 2274 servi
899 2221 928 2273 et
953 2215 1055 2272 liberi:
1086 2221 1116 2272 et
1170 2225 1250 2282 tondi
1265 2241 1325 2296 err,
1342 2225 1384 2282 rie
1398 2226 1562 2299 virginibus
1578 2227 1706 2284 nubendi
1722 2233 1852 2301 amputat
1869 2230 1911 2286 lac

294 2326 425 2378 rursum,
437 2308 490 2364 hac
502 2307 700 2377 disputatione
712 2306 804 2373 finite,
819 2305 926 2362 rediret
937 2306 972 2362 ed
988 2305 1115 2379 virgines
1169 2319 1229 2371 tem
1245 2331 1252 2370 :
1268 2313 1365 2370 Serena
1379 2323 1488 2372 vocotus
1502 2332 1541 2384 er,
1555 2331 1611 2372 non
1625 2317 1661 2373 cit
1679 2317 1731 2373 tibi
1752 2333 1844 2382 curse:
1857 2320 1903 2375 sed

293 2400 412 2456 dicens:
428 2399 467 2453 De
480 2397 636 2467 uirqiuibus
651 2400 742 2452 numm
756 2403 922 2468 prereptum
937 2396 1048 2451 Domini
1060 2410 1115 2450 uun
1167 2409 1242 2482 poter
1269 2406 1338 2461 liter
1360 2405 1433 2477 fieri,
1449 2407 1538 2475 moqis
1560 2414 1644 2462 utere.
1662 2406 1756 2463 Etiam
1779 2407 1804 2464 si
1823 2408 1910 2465 babes

293 2490 376 2546 habet>
393 2490 416 2560 (¹
428 2489 488 2544 ⁶⁰²¹·
508 2503 560 2557 VH,
584 2489 623 2555 5).
647 2484 722 2549 Quid
747 2484 803 2542 Sibi
826 2483 887 2540 tull
911 2485 987 2540 iulet
1011 2484 1115 2555 ⁰⁰sst'11·
1170 2495 1244 2568 quit,
1260 2497 1427 2561 uxoremst
1440 2493 1483 2549 illi
1495 2493 1631 2567 alligatus
1645 2511 1686 2564 es,
1703 2499 1732 2552 et
1746 2495 1833 2553 solvis
1844 2496 1914 2553 debit

294 2575 605 2651 glaetvlrginitttlem,
621 2575 715 2630 Judaei
743 2579 773 2630 til
799 2573 918 2643 ethnici,
943 2571 1018 2630 servi
1043 2572 1114 2629 libe·
1169 2588 1271 2639 elnon
1290 2583 1381 2640 habes
1405 2581 1449 2638 tui
1470 2584 1601 2657 eorporis
1619 2587 1813 2656 potestatem
1831 2591 1914 2658 atque

293 2669 377 2739 rique
392 2665 531 2722 collatio?
547 2664 680 2720 Secundo
704 2664 851 2735 quomodo
872 2663 966 2735 possit
979 2660 1114 2734 intelligi,
1170 2671 1356 2728 manifestius
1371 2670 1485 2745 loquar)
1501 2689 1603 2729 servus
1618 2673 1717 2729 uxoris
1730 2689 1773 2744 es,
1785 2674 1844 2730 noli
1871 2691 1914 2747 pr(

294 2757 476 2812 circumcisus
491 2755 592 2826 eliquit
617 2757 727 2809 vocatus
749 2760 799 2824 est,
814 2767 869 2808 neu
897 2751 1013 2808 addecet
1040 2765 1114 2822 prae·
1169 2760 1224 2816 hcc
1239 2760 1346 2817 habere
1359 2759 1581 2829 tristitiam,nac
1596 2761 1752 2820 deamissa
1764 2761 1914 2835 virginitat

291 2848 401 2918 putrem
417 2843 496 2917 (thid.
513 2843 577 2915 18l‘?
592 2841 728 2914 Nunquid
753 2840 804 2913 qui
819 2839 908 2896 semel
929 2843 1114 2913 amputatum
1170 2849 1341 2922 spirasset
1357 2849 1445 2906 etiam
1461 2849 1486 2906 si
1501 2853 1584 2922 potes
1604 2866 1709 2906 causus
1724 2849 1838 2922 aliquas
1861 2851 1914 2906 invi

293 2935 381 2993 habet
395 2933 582 3008 preputium,
598 2933 714 3004 poteet'
728 2929 752 2988 ei
768 2931 838 2987 velit
861 2947 964 2986 rursus
979 2927 1051 2984 illud
1068 2929 1116 2986 ed·
1170 2937 1311 3006 dissidiis,
1328 2943 1360 2994 ut
1373 2937 1506 2994 libertate
1522 2938 1668 3010 pudicitia
1683 2938 1854 3013 pertruaris,
1871 2939 1914 2995 nol

294 3024 421 3082 ducere?
450 3022 559 3079 Deinde
586 3036 747 3093 quoseness
776 3019 979 3091 exponendum
996 3017 1044 3085 Sil,
1062 3017 1116 3086 Qui
1170 3028 1261 3084 lutam
1276 3031 1357 3084 tuam
1375 3043 1440 3083 cum
1455 3024 1575 3084 alterius
1595 3027 1714 3084 interitu
1731 3030 1913 3100 quererellt

292 3121 367 3177 euim
381 3119 412 3171 t'u
427 3115 543 3172 Domino
564 3115 674 3168 vocatus
696 3113 734 3166 est
757 3125 861 3180 servet,
877 3108 990 3164 libertus
1008 3110 1113 3166 ettilo·
1169 3115 1318 3191 paulisper
1332 3132 1463 3184 uxorem,
1480 3132 1532 3172 nec
1554 3133 1713 3189 praecurras
1737 3121 1903 3174 morantem

289 3209 381 3266 mini?
406 3204 540 3261 Similiter
570 3203 619 3273 qui
650 3199 719 3255 tiber
743 3201 852 3254 uocetur
880 3201 929 3267 eet,
954 3213 1048 3253 seruus
1075 3177 1150 3254 ert
1169 3211 1269 3280 spreta
1293 3206 1363 3261 dum
1388 3205 1532 3277 sequitur.
1551 3204 1581 3261 Si
1605 3205 1699 3279 egeris
1714 3205 1871 3278 patienter,
1888 3223 1913 3261 ct

295 3297 398 3354 Christi
414 3289 590 3366 (lleid.,22)?
606 3290 724 3356 Quarto,
750 3287 896 3359 quomodo
912 3286 960 3343 ille
976 3287 1025 3358 qul
1041 3303 1113 3359 prae·
1169 3294 1331 3354 mutabitur
1345 3293 1374 3349 in
1390 3309 1520 3350 sororem
1537 3310 1544 3349 ς
1562 3295 1616 3364 Qui
1629 3296 1703 3350 enim
1724 3296 1754 3350 in
1775 3295 1893 3351 Domino

291 3387 369 3459 cepit
387 3383 478 3440 servis
493 3379 610 3438 obedire
620 3377 748 3434 dominis
772 3375 950 3444 carnalibus,
976 3391 1054 3432 nunc
1068 3377 1113 3432 di·
1166 3389 1210 3442 ens
1223 3389 1375 3454 estruem,
1393 3381 1506 3439 tibertus
1529 3391 1571 3439 est
1585 3384 1695 3440 Dornini
1709 3402 1719 3439 .-
1733 3385 1873 3440 similiter
1893 3401 1913 3460 q

290 3479 356 3531 cat:
374 3475 462 3530 Nolite
475 3472 536 3542 ficri
557 3469 628 3524 serui
656 3467 798 3522 hominum
821 3464 902 3538 (thid.
917 3465 988 3536 est?
1011 3464 1053 3519 Ad
1069 3481 1114 3520 ex·
1169 3475 1214 3531 der
1236 3475 1345 3530 voratur
1368 3475 1416 3540 ert,
1441 3487 1534 3528 rmus
1554 3475 1593 3527 ert
1618 3471 1734 3528 Christi,
1757 3472 1867 3528 Reddit
1892 3489 1913 3528 rr

289 3571 429 3631 tremum,
446 3560 515 3633 quid
532 3561 675 3630 pertineat
689 3556 725 3613 ed
737 3555 918 3622 servitutem,
930 3554 974 3610 vel
989 3555 1113 3610 eircum-
1167 3580 1220 3620 cur
1243 3561 1315 3618 nolit
1337 3576 1443 3617 uxeres
1466 3560 1572 3617 deseri.
1587 3559 1695 3616 Idcirco
1716 3560 1758 3616 ait
1775 3578 1781 3616 :
1799 3561 1912 3634 Praeip

290 3654 444 3718 cisionem,
461 3649 648 3721 Unusquisque
663 3647 693 3700 iu
717 3661 769 3716 quo
793 3648 953 3700 crocatusert
968 3647 1065 3709 irater,
1082 3645 1112 3698 in
1167 3653 1197 3709 in
1215 3651 1364 3708 Christum
1388 3649 1424 3706 de
1456 3649 1620 3722 gentilitate
1653 3649 1806 3706 credentes
1829 3649 1909 3706 inita

288 3759 318 3800 eo
332 3747 492 3815 permoneat
505 3737 578 3810 opud
594 3737 701 3792 Deum?
724 3734 797 3789 Nam
822 3737 851 3788 ct
872 3732 1052 3788 contrarium
1066 3735 1112 3788 est
1166 3741 1254 3797 tldem
1270 3737 1458 3795 matrimonia
1471 3754 1530 3793 non
1554 3736 1723 3810 relinquant
1740 3737 1834 3811 :quia
1851 3739 1905 3811 qui

289 3829 432 3903 superiori
448 3826 608 3883 sententiae.
623 3823 653 3879 si
668 3823 747 3878 enirn
762 3821 835 3878 illud
856 3821 1109 3878 audivlnruszlto-
1165 3845 1284 3887 uxorem
1308 3827 1421 3884 habens
1440 3825 1572 3896 credidit,
1598 3843 1655 3885 non
1689 3831 1773 3883 tanto
1802 3827 1854 3883 Dei
1880 3845 1912 3884 aa

289 3915 338 3974 lite
352 3918 414 3987 fieri
428 3917 500 3972 serui
514 3915 664 3980 hominum,
676 3930 735 3985 qua
744 3913 856 3969 ratione
867 3927 1026 3986 possumus
1037 3911 1110 3968 inea
1164 3918 1319 3987 detinetur,
1335 3921 1444 3989 quanto
1468 3915 1596 3990 virgines
1617 3920 1646 3972 ct
1666 3916 1819 3988 innuptae;
1849 3917 1904 3972 sed

288 4021 459 4082 permanere
473 4003 622 4060 vocatione
638 4018 695 4074 qua
708 4001 803 4060 vocati
813 4018 927 4070 sumus,
940 4017 1007 4057 cnm
1023 4000 1108 4057 multi
1164 4007 1320 4064 dammodo
1336 4010 1381 4062 est
1393 4004 1521 4074 liberior,
1534 4009 1562 4061 et
1572 4004 1721 4062 servitutis
1732 4003 1777 4060 illi
1796 4003 1908 4061 trenel

287 4095 467 4154 crediderint
493 4093 633 4149 babentes
662 4091 794 4148 carnales
823 4091 969 4160 dominos,
1000 4089 1108 4163 quibus
1162 4099 1229 4162 tur;
1247 4099 1275 4150 ct
1297 4095 1369 4150 dum
1392 4092 1490 4148 uxoris
1514 4097 1559 4149 est
1584 4109 1696 4163 servus,
1714 4093 1807 4150 ntita
1833 4092 1912 4148 dicat

287 4202 368 4242 nunc
381 4184 489 4242 servire
504 4181 718 4256 prohihentur?
737 4179 823 4236 Porro
851 4181 887 4235 ud
908 4179 1107 4236 circumcisio·
1162 4183 1263 4239 bertus
1277 4181 1457 4238 estilomini.
1474 4181 1562 4238 Porro
1577 4181 1626 4254 qui
1647 4198 1768 4239 uxorem
1790 4198 1855 4239 non
1873 4181 1912 4237 ha

287 4291 355 4332 nem
371 4274 440 4347 quid
457 4273 524 4328 tacit
538 4286 710 4344 permanere
725 4269 754 4326 in
771 4285 805 4325 aa
817 4267 976 4336 vocatione,
997 4268 1026 4323 in
1048 4284 1107 4339 qun
1162 4273 1296 4341 credidit,
1311 4275 1340 4328 et
1353 4270 1455 4328 libera
1470 4271 1608 4328 servitute
1623 4271 1754 4346 conjugii
1773 4276 1908 4329 vocatus

286 4363 380 4421 vocati
404 4379 518 4428 sumus,
544 4360 655 4416 cumin
671 4359 727 4414 alio
753 4356 815 4414 loco
843 4356 922 4412 idam
950 4355 1105 4428 Apostolus
1161 4361 1294 4429 Domino,
1310 4359 1360 4416 ille
1374 4375 1441 4416 vere
1456 4375 1557 4417 servus
1572 4365 1616 4417 cat
1644 4359 1763 4418 Christi.
1781 4363 1909 4427 Quanta

285 4452 438 4508 clamitet:
469 4452 536 4508 Ecce
575 4448 682 4505 Paulus
713 4446 772 4503 dico
809 4445 893 4512 vebis,
923 4446 1053 4516 quoniam
1081 4447 1106 4501 si
1160 4450 1243 4520 citus,
1260 4467 1316 4506 non
1342 4449 1441 4505 uxoris
1471 4465 1588 4506 servum
1614 4465 1688 4517 esse,
1704 4451 1757 4506 sed
1783 4449 1905 4506 Christi

284 4539 531 4606 circumcidemini,
559 4539 682 4593 Christus
707 4536 783 4591 vohis
804 4535 877 4590 nihii
892 4534 1014 4606 proderit
1040 4535 1104 4608 (tle-
1119 4544 1143 4610 Ι)
1158 4539 1239 4595 carni
1255 4538 1372 4604 servire,
1389 4537 1439 4594 sed
1459 4537 1597 4610 spirituli
1615 4538 1667 4607 Qui
1690 4541 1768 4594 euim
1789 4538 1911 4594 adhaere

283 4631 333 4686 tot.
349 4647 377 4696 v,
393 4627 445 4700 ult
471 4627 570 4682 Restat
595 4627 693 4698 igitur,
720 4628 750 4680 ut
776 4623 961 4680 circumcisio
982 4625 1058 4682 ΜΔ
1077 4630 1107 4681 et
1160 4629 1246 4695 utino,
1262 4643 1334 4682 unua
1358 4627 1474 4699 spiritus
1499 4633 1537 4683 cat
1561 4628 1586 4696 (l
1604 4627 1664 4684 Cor.
1685 4642 1725 4696 vr,
1743 4627 1803 4700 17).
1823 4629 1867 4683 Ac
1885 4644 1911 4682 nt

282 4717 470 4794 praeputium,
482 4713 853 4787 servusetliber‚superiori
866 4715 1106 4788 sensuicoapten·
1160 4717 1247 4773 sitam
1260 4716 1289 4771 in
1304 4731 1348 4782 co,
1365 4715 1443 4789 qnod
1460 4714 1683 4788 supradixerat,
1700 4716 1808 4772 Seruus
1829 4733 1911 4772 uocet

283 4815 344 4879 tur,
360 4813 388 4866 et
405 4809 440 4864 de
455 4803 694 4863 antecedentibus
718 4803 872 4876 pendeant.
899 4803 1105 4860 Circumcisus⁸
1158 4805 1541 4863 nonsitsilricuraetsedet
1561 4807 1587 4860 si
1617 4809 1691 4876 poter
1711 4805 1784 4861 tiber
1803 4805 1886 4876 fieri,

283 4900 390 4970 utiquie
418 4900 527 4953 vocetur
565 4897 614 4960 cst,
643 4907 697 4948 riou
722 4891 838 4947 adducet
858 4894 1036 4965 preputium.
1054 4894 1102 4965 Eo,
1157 4902 1243 4961 utere,
1259 4894 1432 4969 suggillasse
1444 4894 1654 4951 continentiam
1668 4893 1838 4962 videretur,
1858 4899 1891 4950 et

280 4987 386 5060 inquit,
413 4993 543 5060 temporo
567 4985 816 5058 qncvocatuaea,
846 4986 875 5038 et
899 4981 1049 5038 credidisti
1072 4982 1102 5038 in
1158 4984 1302 5042 mulctum
1316 5001 1370 5042 uos
1384 4983 1541 5041 tradidisse
1563 4983 1733 5056 conjugum,
1751 4983 1854 5040 inlcrt
1884 4999 1911 5040 se

215 5183 220 5192 ⁴
314 5199 479 5257 ¹Voculam
508 5219 570 5274 erqo
599 5219 652 5260 nce
681 5203 798 5259 Grecus
825 5201 922 5270 hahet,
950 5218 1002 5258 nec
1027 5217 1099 5259 mss.
1156 5197 1593 5283 Vidac‘uslociinterpretem
1653 5271 1658 5284 ¹
1750 5271 1756 5283 ·

277 5271 506 5342 hieronymiani,
531 5278 595 5329 tum
618 5277 718 5345 tratres
742 5273 869 5347 plurium
892 5289 1025 5340 numero,
1041 5290 1099 5330 nou
1172 5275 1201 5356 ‚⁸
1216 5219 1416 5356 lnltcronenar
1431 5274 1462 5326 et
1474 5270 1660 5328 Cratercrensr
1675 5287 1820 5354 omniurn
1848 5275 1909 5327 ant

270 5345 367 5416 -q'roter
382 5342 491 5399 habent
514 5343 561 5399 bic
587 5349 674 5415 atque
698 5347 774 5402 intra
790 5361 856 5402 cum
883 5347 982 5402 Graeco
997 5344 1098 5401 itidem
1155 5360 1240 5426 armis
1263 5341 1668 5425 mss31stbaecsubduntur:
1689 5342 1760 5399 «ne
1788 5359 1910 5400 crrcun

278 5411 402 5498 adeleni.
419 5414 548 5484 Denique
564 5431 615 5488 pro
635 5431 697 5498 quoej
710 5419 746 5472 sit
768 5421 970 5488 consequentia,
987 5416 1097 5490 legunt,
1155 5432 1201 5472 ms
1216 5417 1469 5541 cognominapone
1484 5413 1571 5540 tergas
1586 5413 1910 5542 Ιιξειᾱιειεθάἒξξιέοῗὲ

276 5491 832 5629 qufsselrii‘inssgqlieer'isrlilirniffig'putium
847 5575 905 5615 non
921 5575 1017 5631 posse,
1033 5576 1099 5618 con·
1153 5501 1769 5642 {illisiseglflglelsscertrdlizcssgrissultsrmciilpse
1794 5503 1891 5614 igere
1907 5556 1910 5613 ἶ

276 5636 322 5698 tre
342 5649 429 5708 quam
445 5576 513 5690 eligi
538 5629 607 5709 plus
621 5629 745 5688 tortasse
761 5643 851 5702 quam
867 5629 939 5688 satis
954 5631 1095 5692 diximus.
1151 5645 1268 5710 nqmus,
1284 5627 1389 5688 ducem
1396 5643 1476 5706 prim
1487 5629 1576 5706 serres
1587 5635 1761 5704 nuptiarum.
