4096 6164
126 317 185 399 tta
498 327 695 401 ciaconus
717 323 874 400 cotila
895 321 1156 402 saladinus.
1173 331 1459 406 -ιιιιιιοιιιιιο,
1771 335 1833 414 tlt

124 454 309 540 anima'sjua.
320 459 575 546 (iratisestlapis,
589 467 675 528 elvia
687 467 948 543 portabilisareua;
965 470 992 538 Α·
1007 470 1116 539 surde,
1128 475 1156 528 ct
1171 471 1337 530 obturantis
1352 484 1440 531 auree
1460 491 1540 544 enas,
1562 473 1631 550 bue·
1648 493 1706 537 non
1732 481 1835 540 audiit

124 557 174 614 ee'd
187 557 233 614 ire
248 557 329 616 m
353 558 437 616 stulti
462 558 580 634 gravior
602 561 737 632 utroque,
762 557 889 616 medelis
909 561 955 615 est
1009 573 1109 615 vocem
1125 558 1351 631 incantantium,
1363 565 1392 618 et
1401 563 1520 620 vaneflci
1531 563 1709 625 incantantis
1720 571 1836 644 snpien-

123 645 298 720 indignatio,
314 651 345 704 et
358 651 445 705 acuta
458 647 503 704 ira
517 651 546 704 et
559 646 641 705 aelus
654 647 813 721 impatiens
827 649 882 704 est.
899 648 955 703 Im·
1009 651 1064 704 ter.
1082 649 1158 704 Dens
1172 651 1302 706 conteret
1313 649 1415 708 dentes
1429 667 1531 710 aarum
1553 654 1583 710 ia
1606 671 1655 712 ore
1679 656 1833 731 ipsorumt

124 735 190 810 pirre
206 735 410 794 calumniatur
422 751 584 810 pauperes:
598 739 628 794 et
641 736 693 810 qui
709 735 830 793 confidit
844 735 874 791 in
889 751 953 792 cor·
1010 734 1105 792 meles
1119 733 1237 792 leonum
1252 739 1415 812 confringet
1437 741 1581 800 Dominus
1602 743 1656 815 [At.
1675 743 1773 819 Deus).
1791 747 1833 805 ad

124 825 172 883 dia
187 825 313 882 audacia
325 825 379 900 [Al.
396 825 542 900 avaritia]
560 822 756 883 stultissimus
773 829 828 881 est.
849 825 953 881 rosam
1011 823 1137 880 nihilum
1154 826 1316 896 devenient,
1339 831 1481 901 tanquam
1504 847 1578 902 aqna
1601 833 1835 893 decurrens-lu·

128 915 208 972 iram
232 931 314 972 mam
337 915 447 988 profert
472 913 634 988 insipiens:
662 914 781 986 sapiens
803 913 957 987 dispensat
1010 913 1105 969 tendit
1118 929 1219 970 arcum
1235 927 1335 983 suum,
1351 916 1652 978 doneaiuflrmentur.
1664 921 1745 980 Sicut
1757 937 1834 994 cera,

128 1005 161 1060 in
185 1007 290 1084 partes.
310 1003 403 1061 iilius
424 1004 521 1060 malua
549 1002 663 1078 gladios
691 1002 793 1059 dentes
812 1001 910 1071 habet,
927 1006 956 1058 et
1011 1001 1166 1073 quallnit,
1182 1002 1368 1060 auferentur:
1390 1007 1585 1080 supercecidit
1606 1009 1695 1084 ignis,
1725 1015 1754 1068 et
1776 1027 1836 1071 non

130 1091 239 1150 cuHros
252 1091 358 1165 molae,
374 1097 408 1149 ut
434 1097 590 1150 consumat
610 1091 745 1148 infirmos
772 1092 911 1158 deterre,
926 1093 956 1147 ct
1010 1089 1146 1146 viderunt
1176 1090 1270 1148 solem
1297 1093 1384 1160 (Paal.
1410 1109 1477 1162 ιιιι,
1510 1095 1580 1170 4-9).
1607 1119 1621 1148 n
1646 1099 1680 1154 lat
1709 1099 1835 1158 iterum

127 1197 271 1256 pauperes
294 1197 330 1238 ex
351 1181 524 1238 hominibus
545 1180 638 1254 (Pron.
664 1197 694 1250 x,
718 1183 744 1236 et
770 1182 874 1252 passim
891 1193 954 1236 aec
1013 1177 1406 1250 «Latebiturjuatns,aum
1428 1183 1532 1240 viderit
1551 1185 1709 1244 vindictam
1729 1189 1847 1264 impie,

126 1271 208 1342 m).
224 1291 241 1322 a
256 1269 309 1328 His
323 1269 394 1344 crgo
411 1271 514 1328 doetus
538 1269 690 1344 exemplis,
715 1269 796 1326 nolui
822 1269 955 1326 mordere
1010 1283 1092 1323 rum:
1104 1281 1211 1324 manus
1227 1285 1298 1326 suas
1310 1269 1455 1328 lavabiliu
1467 1273 1836 1348 sanguinepeeoatoris.llt

128 1359 326 1428 mordentem,
340 1377 394 1417 nec
407 1359 500 1417 vicem
515 1357 634 1416 talionis
648 1357 828 1432 implodere:
845 1357 956 1414 malni·
1011 1355 1088 1412 dicet
1102 1355 1210 1413 bomo:
1227 1357 1251 1414 si
1268 1359 1369 1430 utique
1383 1363 1429 1416 est
1445 1361 1556 1418 fructus
1567 1363 1662 1435 justo,
1673 1364 1776 1438 utique
1790 1369 1836 1424 aet

127 1465 184 1522 qne
197 1449 348 1505 insaniam
371 1453 525 1506 excantare
549 1447 711 1517 furibundi,
731 1450 760 1504 et
783 1445 873 1504 unius
888 1445 955 1503 libri
1013 1449 1088 1502 neus
1099 1445 1237 1518 judicans
1253 1459 1302 1504 eos
1316 1448 1346 1504 in
1360 1451 1438 1506 terre
1451 1449 1534 1522 (ibid.
1551 1451 1606 1520 le).
1627 1473 1637 1503 ι

128 1537 294 1594 antidotum
308 1541 452 1595 venenato
467 1537 577 1612 pectori
600 1535 754 1593 infundere
770 1536 825 1607 [at.
846 1535 955 1593 insere-
1047 1536 1091 1590 ll.
1108 1533 1139 1590 ln
1155 1539 1284 1592 extreme
1294 1537 1539 1609 Hpistolascribis
1552 1557 1621 1598 man
1645 1543 1698 1599 lue
1710 1543 1848 1618 :septe

128 1626 180 1698 rel.
196 1626 253 1683 Sed
268 1640 372 1683 vereor
394 1641 431 1682 ne
455 1625 528 1682 nibil
553 1623 718 1698 proficiens,
743 1623 817 1680 illud
839 1623 956 1681 Doridi·
1011 1627 1040 1678 te
1054 1637 1155 1696 paoem
1171 1623 1301 1698 diligero.
1319 1647 1333 1676 n
1349 1627 1392 1682 ad
1404 1627 1835 1707 qnodbreviterrespondebce

129 1731 195 1771 cum
220 1721 341 1773 eanmre
367 1713 536 1787 compellar,
565 1718 594 1771 et
621 1713 668 1770 bis
695 1729 743 1769 mc
770 1711 956 1771 sermonibus
1010 1711 1041 1767 Si
1057 1725 1158 1784 pacem
1175 1712 1335 1780 desideras,
1351 1730 1433 1771 anna
1451 1715 1575 1788 depone.
1590 1716 1837 1794 stannisndpoa-

130 1803 274 1861 consolari
286 1807 295 1860 ':
313 1827 327 1856 a
343 1803 469 1860 Alienati
482 1807 552 1860 sunt
566 1807 732 1876 peccatores
744 1819 760 1858 a
770 1802 865 1870 vulva,
881 1818 956 1859 erra·
1011 1817 1078 1858 sum
1090 1801 1345 1874 acquiescere,aan
1355 1803 1445 1861 timeo
1454 1805 1693 1865 comminantem.
1705 1807 1749 1865 Sit
1759 1807 1837 1867 inter

130 1897 233 1950 aarum
248 1893 287 1950 ab
300 1895 394 1950 utero.
419 1893 521 1950 Locuti
546 1895 616 1948 sunt
639 1891 724 1961 falsa,
739 1892 822 1948 furor
835 1891 894 1948 illls
910 1908 955 1948 ss-
1013 1907 1066 1947 nas
1082 1907 1140 1947 una
1154 1891 1238 1960 fides,
1254 1895 1282 1948 et
1296 1891 1372 1950 illico
1389 1901 1607 1968 persequetur.

130 1967 262 2039 eundum
289 1979 514 2040 similitudinem
543 1981 708 2054 serpentis:
739 1981 815 2037 sicut
844 1979 956 2053 aspidis

130 2131 245 2206 'tha
256 2132 322 2188 Huic
333 2132 486 2207 Hieronymi
500 2135 595 2186 contro
608 2130 746 2190 Ruinam,
761 2130 850 2186 Hullni
860 2135 959 2204 ,contra
973 2131 1166 2206 Hieronymum
1179 2132 1334 2200 epologlam
1346 2133 1463 2211 nubilet,
1472 2093 1668 2250 inagpandiaa,
1682 2091 1837 2210 affine,

132 2194 218 2246 Nobis
232 2207 303 2254 vero,
318 2208 378 2258 quia
389 2195 594 2246 Huflmanorum
611 2207 723 2260 operum
739 2194 978 2258 locupletissimam
995 2193 1140 2246 editionem
1155 2207 1184 2244 ιιι
1198 2201 1269 2246 tomo
1282 2197 1446 2260 precedenti
1459 2212 1522 2250 recu
1543 2213 1622 2262 imus,
1637 2203 1702 2254 satis
1713 2203 1762 2254 erit
1772 2203 1836 2258 illua

130 2257 259 2307 lectorem
272 2269 405 2319 macoma,
423 2269 478 2308 non
490 2256 546 2322 jam
561 2257 594 2308 ds
609 2255 705 2307 lacuna
720 2266 800 2321 quam
817 2256 860 2306 bie
874 2255 944 2306 inter
957 2268 1087 2307 numeros
1100 2257 1223 2307 crassiori
1238 2255 1389 2310 charactere
1412 2273 1552 2325 expressos
1569 2263 1782 2315 animadvertere
1796 2269 1837 2317 eal

130 2319 324 2384 marso.

1412 2457 1836 2478 Ἥ

496 2570 532 2628 ιιι
552 2533 627 2634 sao.
648 2568 828 2628 armosos
847 2568 992 2626 conans
1010 2568 1235 2628 psusennes
1253 2533 1467 2628 annoanlo.

164 2855 178 2910 l
205 2851 264 2908 via
277 2849 350 2906 dnm
366 2845 543 2922 origeniana
555 2843 680 2920 pertidia
692 2860 812 2919 quaqua
826 2845 923 2918 patuit
937 2843 1123 2902 Christianus
1137 2844 1224 2903 orbis,
1233 2845 1382 2915 damnata,
1398 2847 1575 2923 Hieronymo
1590 2851 1720 2911 manices
1731 2853 1835 2914 subdl.

130 2945 224 3010 derat,
238 2955 310 3000 cum
325 2939 423 2996 subito
438 2936 627 3010 Pelagianum
642 2935 751 2996 bellum
767 2935 915 3005 sundere,
931 2933 1077 2992 flcclesiss
1091 2935 1148 2990 late
1163 2936 1325 3008 pervagari,
1340 2941 1501 3011 natumque
1524 2940 1595 2999 adeo
1620 2942 1763 2999 monade
1779 2942 1836 3000 ell-

129 3031 233 3092 deudb
246 3031 401 3090 molerem
415 3026 589 3093 maximum,
602 3025 720 3082 tametsi
730 3026 794 3098 jam
810 3025 892 3082 senio
907 3024 1083 3094 confectum,
1100 3027 1132 3080 ul
1145 3023 1176 3080 iu
1192 3024 1283 3082 aciem
1308 3024 1505 3098 descenderet,
1525 3030 1670 3087 excitare:
1695 3031 1834 3101 utnulla,

129 3123 244 3196 opinor,
260 3119 328 3176 lans
341 3133 475 3190 anquam
490 3119 569 3173 esset
579 3113 720 3188 iugulata
735 3113 889 3182 hereseos,
915 3128 974 3185 qua
996 3111 1046 3170 ille
1069 3118 1120 3170 aut
1137 3112 1219 3170 solas
1234 3115 1475 3184 condonaretur,
1491 3121 1543 3174 aut
1557 3119 1680 3192 primus.
1695 3121 1835 3179 lineare·

129 3211 218 3269 ιιὶῑιιιι
231 3205 400 3266 doctrinam
413 3221 502 3278 quam
519 3205 618 3261 Roma
632 3202 777 3260 didicerat
791 3219 808 3258 e
821 3201 928 3258 Rufino
952 3201 1080 3274 quodam
1100 3201 1173 3274 Syro
1197 3201 1340 3276 Pelagius,
1362 3202 1549 3262 Palaestinam
1576 3206 1746 3280 importavit
1757 3209 1837 3274 stru

128 3313 242 3358 annam
255 3295 367 3354 Christi
383 3296 449 3362 4¹2,
464 3298 493 3350 ct
506 3292 713 3366 Hierosolymo
731 3291 895 3356 docnil,ubi
919 3295 1068 3347 annuente
1090 3291 1155 3363 ejus
1177 3289 1261 3347 urbis
1283 3291 1418 3366 episcopo
1433 3293 1556 3362 henne,
1571 3297 1751 3368 usqueadeo
1765 3313 1837 3371 pro.

130 3389 209 3460 feeit,
229 3383 563 3457 manutenemus
585 3382 707 3439 nomine
733 3379 960 3454 appellarentur.
987 3383 1110 3436 summa
1133 3379 1277 3437 hereseos
1304 3382 1398 3453 perid
1413 3383 1630 3457 temporisbnc
1650 3387 1838 3444 erstal’osse

130 3477 270 3536 homiues
281 3476 344 3532 siue
358 3477 479 3548 peceato
491 3487 556 3530 sese
567 3471 592 3529 si
606 3471 717 3540 relint3
733 3471 837 3527 divina
852 3469 953 3543 gratie
975 3469 1180 3526 necessitatem
1206 3469 1318 3526 arbitrii
1341 3469 1468 3530 libertati
1485 3473 1614 3541 allicere,
1630 3480 1669 3544 et,
1685 3477 1762 3548 quod
1779 3476 1837 3540 mi,-

129 3565 200 3622 nori
216 3563 315 3620 studio
328 3561 443 3620 videtm
458 3566 529 3618 tane
547 3560 651 3618 mtem
658 3562 817 3633 Jactatum,
832 3574 891 3616 non
906 3573 971 3615 esee
984 3559 1137 3616 traducem
1150 3557 1274 3630 peccati.
1294 3558 1488 3633 Hieronymus
1502 3561 1532 3618 in
1548 3561 1643 3630 libris,
1659 3579 1734 3635 quos
1747 3563 1785 3620 ab
1799 3578 1837 3624 ee

131 3659 271 3725 tempere
283 3649 434 3708 elaborarit
446 3650 581 3707 maxime·
590 3647 815 3708 commentariis
829 3646 860 3703 in
874 3647 1032 3704 leremiam
1047 3647 1249 3704 detestandam
1265 3648 1435 3720 superbiam
1449 3648 1609 3722 suggillare
1624 3655 1740 3723 arrepta
1750 3667 1835 3710 acm·

127 3743 216 3800 sisae
231 3755 289 3796 aon
303 3739 431 3809 destittl;
448 3739 499 3796 sed
528 3737 698 3795 nominibus
726 3736 866 3794 continuo
895 3735 1033 3809 pepercit,
1064 3750 1139 3807 quos
1166 3749 1211 3791 eos
1237 3735 1334 3791 mallet
1351 3735 1455 3807 corripi
1469 3751 1554 3808 paam
1567 3738 1712 3808 infamari.
1726 3739 1836 3799 Verum

123 3829 301 3902 postferme
316 3829 479 3894 biennium,
494 3833 524 3884 et
535 3827 583 3883 vix
596 3825 692 3899 primo
708 3825 784 3882 libro
798 3824 828 3881 Ιιιι
843 3823 995 3881 laudatum
1011 3821 1184 3896 prophetam
1196 3820 1320 3895 expleto,
1334 3821 1444 3895 stylum
1454 3827 1556 3882 contra
1566 3825 1836 3900 beatioomaoutt,

123 3919 266 3991 aluitque
278 3917 461 3990 (Hesipbonli
481 3914 645 3988 epistolam,
661 3929 751 3987 quam
766 3913 797 3970 in
812 3912 902 3986 priori
918 3915 998 3971 tomo
1013 3910 1186 3968 exaudimus
1201 3911 1257 3966 sub
1272 3926 1395 3967 numero
1409 3911 1472 3981 433,
1489 3913 1519 3969 in
1530 3930 1594 3986 -qna
1612 3919 1713 3973 natam
1727 3933 1743 3973 e
1757 3920 1836 3976 ιοδο·

125 4021 191 4064 rum
206 4007 376 4064 Stoicorum
392 4003 522 4061 fontibus
536 4001 664 4058 Halteras
680 4003 722 4058 ita
731 4001 863 4075 J'ugnlat,
879 4005 912 4057 ut
925 4004 1024 4057 tamen
1041 3999 1287 4056 nisi-velitatione
1310 3999 1362 4056 illa
1386 3999 1513 4058 baeretici
1535 4003 1749 4078 resipiscerent,
1766 4019 1836 4066 eoll-

122 4096 255 4152 ditcram
270 4094 411 4152 selibras
425 4091 589 4162 minitetur,
603 4091 713 4165 quibus
726 4090 824 4164 impia
840 4089 975 4146 factionis
991 4087 1143 4148 cuniculos
1165 4103 1269 4148 omnes
1291 4089 1481 4146 subverteret.
1505 4091 1545 4148 lle
1560 4091 1625 4166 ipsa
1644 4093 1724 4152 baud
1740 4096 1835 4160 multo

123 4190 192 4258 poet
203 4189 362 4258 rogatus-a
376 4181 518 4239 fratribus
531 4185 591 4237 tres
607 4181 694 4237 bosco
708 4180 801 4238 libros
816 4177 975 4252 evulgavit,
999 4178 1029 4232 in
1056 4177 1165 4251 quibus
1180 4176 1326 4234 Socratico
1353 4193 1434 4234 more
1456 4195 1492 4234 ex
1512 4185 1636 4250 unaque
1656 4186 1748 4254 parte
1764 4183 1835 4256 quid

125 4289 178 4347 pro
190 4273 297 4330 bareei
311 4271 358 4328 rel
373 4269 547 4328 contradici
561 4273 662 4343 posset
676 4285 834 4342 exponens,
860 4267 950 4324 attici
971 4271 1001 4323 et
1022 4266 1165 4324 critobuli
1186 4281 1328 4340 personas
1349 4267 1465 4323 induxit
1483 4285 1584 4326 aecum
1599 4270 1725 4327 invicem
1740 4269 1836 4329 disce·

125 4367 252 4434 miae,
269 4359 553 4417 uiatorlbodoxum
579 4359 686 4432 dogma
710 4356 818 4415 clarius
843 4360 1011 4431 exponeret,
1034 4354 1246 4413 etbereticum
1269 4355 1456 4429 impugnaret
1479 4355 1594 4416 fortius.
1619 4358 1679 4416 Hoc
1702 4359 1836 4422 venius

126 4447 355 4523 elegantissimis
368 4448 400 4504 8.
416 4448 539 4521 Prosper
553 4447 650 4504 Carra.
666 4446 699 4502 da
712 4447 833 4517 fnprotta
848 4444 1006 4517 predicet:

640 4588 806 4640 leucatium
821 4587 921 4640 bethlei
936 4586 1057 4652 preclari
1079 4587 1196 4638 nominis
1209 4586 1316 4654 boapas,

641 4651 754 4702 Hebraeo
769 4649 848 4701 simul
862 4651 889 4701 et
903 4649 989 4709 Grato,
1006 4647 1134 4714 latioque
1149 4656 1279 4701 venustus
1350 4655 1353 4662 “

641 4713 763 4778 Eloquia,
778 4725 884 4764 morum
898 4710 1060 4776 exemplum,
1075 4711 1224 4776 mundique
1234 4713 1372 4778 magister,

640 4777 809 4836 Hrnomns,
824 4774 900 4826 libris
910 4773 987 4826 valde
1001 4772 1193 4828 excellentibus
1206 4773 1311 4826 bostem

640 4838 782 4899 Dissecnil,
798 4837 928 4901 noscique
942 4835 1024 4896 dedit,
1039 4836 1112 4899 qaod
1126 4836 1234 4886 turbine
1248 4851 1339 4889 veram

640 4901 742 4952 velent
755 4903 854 4952 exortas
868 4899 956 4951 lucem
970 4899 1114 4950 obscurare
1128 4899 1247 4950 tenebra

157 5041 185 5098 Ἄ
201 5043 335 5110 Annum,
352 5053 411 5112 quo
424 5033 525 5112 scripti
540 5037 622 5104 suut,
637 5049 671 5092 cx
682 5030 779 5092 ¹Orosii
794 5030 916 5105 Hispani
930 5030 1102 5106 presbyteri,
1119 5029 1170 5103 qui
1184 5034 1257 5088 tuuc
1280 5031 1318 5088 ad
1338 5032 1500 5107 Hieronymi
1518 5035 1598 5108 pedes
1621 5034 1701 5108 aedit,
1729 5032 1835 5110 Apolo·

123 5130 173 5204 gia
184 5129 257 5191 licet
270 5127 401 5190 ediscere
412 5145 420 5198 ;
433 5127 520 5200 eujus
535 5139 652 5200 quoque
666 5137 785 5180 causam
808 5119 947 5179 brevibus
971 5138 1124 5196 exponam,
1150 5123 1182 5176 nt
1204 5119 1294 5178 simul
1318 5121 1478 5198 intelligas,
1499 5140 1563 5198 que
1576 5139 1628 5200 per
1646 5124 1676 5182 id
1689 5123 1834 5199 tempuris

120 5223 202 5278 esset
226 5217 399 5278 onbodoxa
425 5213 576 5274 sententie
603 5211 687 5283 ratio,
718 5211 785 5286 quis
806 5227 905 5268 rerum
924 5213 1020 5268 status
1046 5214 1134 5284 atque
1155 5210 1236 5280 ordo,
1266 5215 1393 5283 qaantm
1416 5209 1502 5282 vires,
1522 5227 1633 5287 quaeve
1647 5212 1704 5272 sibl
1718 5213 1835 5274 animos

123 5307 304 5382 sumpsisset
318 5305 449 5364 heresis.
467 5307 539 5361 cnm
555 5301 682 5360 multum
697 5301 727 5358 iu
743 5305 902 5374 utramque
924 5303 1037 5373 partem
1050 5299 1161 5372 agitata
1174 5298 1297 5371 quaetio
1312 5300 1348 5356 de
1362 5301 1475 5375 origine
1490 5301 1595 5359 anima
1609 5302 1682 5361 viris
1696 5301 1833 5362 sanleia·

122 5395 206 5454 sticis
220 5395 373 5470 negotium
394 5394 560 5458 facesseret,
576 5408 612 5448 ne
624 5391 736 5448 diutius
751 5389 923 5446 fluctuarent
936 5389 1064 5462 ingenia,
1076 5389 1107 5445 S.
1119 5387 1304 5461 Augustinus
1318 5388 1532 5448 consulendum
1543 5393 1658 5449 censuit
1670 5393 1833 5464 maximum

123 5485 323 5544 &simiarum
338 5484 516 5558 magistrum
531 5481 739 5554 Hieronymum
754 5497 761 5549 ;
778 5479 893 5552 ipsique
908 5479 981 5535 adeo
997 5483 1068 5534 tunc
1083 5477 1159 5549 apud
1172 5494 1203 5533 se
1218 5479 1314 5552 agenti
1329 5478 1430 5536 Oresio
1447 5487 1548 5538 auctor
1569 5482 1635 5551 fuit,
1655 5486 1689 5540 ut
1711 5481 1747 5538 ad
1762 5497 1832 5554 eum

122 5577 258 5650 pergeret
272 5572 517 5648 Hierosolymam,
533 5583 663 5644 suasque
674 5565 718 5624 illi
738 5567 910 5626 deferendas
925 5566 1037 5627 litteras
1051 5565 1132 5622 dedit
1153 5581 1186 5622 eo
1208 5582 1298 5641 super
1318 5574 1503 5644 argumnto,
1519 5587 1583 5644 qus
1598 5570 1628 5628 in
1648 5571 1659 5627 l
1677 5575 1756 5631 tomo
1775 5585 1832 5651 aa·

124 5661 217 5726 aab
232 5661 281 5724 tat
298 5659 598 5727 remeabamus:
617 5655 709 5718 libros
732 5671 849 5738 quoque
873 5656 907 5720 de
930 5657 1106 5722 foederans
1135 5655 1242 5722 mertia
1255 5659 1284 5718 et
1310 5659 1480 5736 νςιιίιιῖοιι,
1504 5664 1534 5726 ot
1559 5657 1715 5752 epbbleio
1728 5655 1833 5769 ttlflty
