4066 6162
217 285 282 380 iti
841 283 877 349 e.
899 279 1314 351 nasaniiiiiniieniiii.
1866 281 1928 348 ‘raa

222 419 334 478 creavit
347 435 382 475 ex
397 415 490 474 nihilo
514 432 593 474 nune
617 431 667 474 eas
686 417 801 489 Judieio
820 435 874 476 auo
895 419 978 476 nasci
994 419 1053 478 dis·
1066 421 1095 488 Α
1108 423 1167 494 ejas
1182 422 1243 492 quis
1256 417 1400 476 enarrabit
1412 416 1476 490 (lau.
1493 431 1552 483 iiii,
1566 413 1616 485 8)i
1640 411 1779 472 audacter
1791 413 1930 485 loquitur.

221 508 370 582 pensetin
386 522 515 580 corpore.
538 506 610 562 Tam
633 507 735 578 putide
762 511 791 564 et
811 508 932 565 contuse
957 507 1051 580 loqui·
1104 513 1134 565 ct
1154 508 1327 582 mysterium
1355 506 1494 564 omnibus
1521 509 1598 562 retro
1627 503 1741 561 seculis
1763 503 1930 578 ignoratum

224 583 284 666 tur,
300 601 333 654 ut
346 596 415 671 plus
425 611 478 669 ego
494 595 523 650 in
539 595 779 668 reprehendendo
804 597 946 670 lahorem,
962 614 1051 670 quam
1108 598 1235 656 scientim
1250 615 1310 655 saie
1324 596 1470 653 vindieat:
1486 599 1515 652 et
1529 594 1584 651 hoc
1598 593 1695 652 solum
1711 593 1839 667 ignorat,
1854 593 1929 665 quod

221 686 271 744 ille
296 686 325 742 in
358 683 522 742 scribendo.
555 685 596 740 Ad
625 690 791 742 extremum
815 687 934 758 posuit:
961 687 1051 759 «Ego
1107 682 1593 760 ignoratumcunctisacandalmn
1616 681 1931 754 iacit.Scitquomodo

219 790 287 833 vero
310 791 378 831 cuni
403 772 465 829 nse
488 771 605 845 singula
625 772 758 846 legerim,
778 796 788 822 ι
813 778 843 830 et
866 773 962 831 adhuc
978 791 1051 848 pen·
1107 780 1199 832 Deum
1214 775 1301 848 Virgo
1316 774 1480 848 generarit3
1496 777 1525 829 et
1540 772 1633 828 nescit
1647 771 1795 844 quomodo
1818 770 1883 843 ipsc
1897 770 1932 826 sit

219 864 306 920 dente
321 859 478 929 sententis,
495 861 580 934 quasi
603 877 711 918 novum
732 860 845 934 aliquid
867 864 1050 935 protulisset,
1104 867 1203 921 natus.
1220 863 1395 919 Animarum
1411 866 1608 934 etcorporum
1625 860 1806 918 conditorem
1827 859 1933 916 fatetur

218 951 345 1030 adjecit:
363 973 377 1002 (ι
394 951 453 1024 ligo
480 955 579 1005 tumen
602 949 663 1005 hec
685 949 803 1023 singula
824 955 853 1006 ct
881 949 987 1026 legisse
1003 969 1049 1009 me
1103 951 1272 1020 Dominum,
1289 952 1351 1009 sive
1365 951 1469 1009 anime
1495 953 1564 1006 ante
1588 965 1710 1022 corpora
1733 948 1854 1015 suerint,
1874 948 1932 1004 sire

221 1055 280 1096 non
296 1056 381 1114 nego,
396 1044 425 1094 et
439 1038 534 1094 adhuc
551 1037 687 1112 ignorare
707 1040 857 1096 confiteor.
875 1062 889 1090 >i
1102 1055 1169 1096 cum
1185 1056 1342 1113 corporum
1367 1043 1527 1096 nascantur
1556 1039 1694 1108 exordiis,
1716 1036 1776 1096 sive
1801 1038 1861 1110 jam
1877 1037 1932 1094 ior·

254 1129 297 1186 10.
336 1128 479 1184 Trinitatis
514 1128 677 1198 mysterium
718 1129 878 1199 ignoratum
912 1132 1047 1202 antiquis.
1102 1125 1931 1200 matisinnteroilguratisquecorporibusimmittantur.

217 1217 288 1272 —0
313 1215 446 1272 inielices
470 1215 596 1281 animas,
621 1231 684 1289 quae
709 1217 800 1274 tantis
822 1218 959 1275 vitiorum
984 1219 1049 1276 lan·
1102 1216 1133 1271 ln
1153 1216 1292 1273 omnibus
1308 1216 1443 1272 novimus
1457 1219 1610 1272 auctorem
1638 1214 1803 1273 Dominum.
1824 1215 1883 1271 Nec
1898 1215 1932 1271 de

217 1304 277 1361 ceis
306 1304 515 1362 vulnerentur!
548 1322 606 1361 non
635 1321 684 1362 eas
709 1311 779 1378 puto
800 1307 887 1378 juxta
913 1307 1048 1382 Origenis
1102 1303 1459 1378 hocnuncqumstioest,
1477 1309 1577 1360 utrum
1593 1302 1932 1361 Deusanaliuseasie·

216 1409 347 1450 errorem
362 1396 478 1450 tantuin
493 1393 656 1464 laborasse,
671 1411 739 1451 cum
766 1395 802 1452 de
822 1395 894 1453 coelo
909 1397 940 1453 in
954 1402 1047 1456 terras
1102 1393 1193 1462 cerit;
1209 1395 1260 1450 sed
1284 1411 1299 1450 e
1323 1393 1419 1450 tribus
1445 1409 1521 1465 quas
1546 1392 1656 1466 posuit,
1679 1409 1744 1465 que
1759 1392 1801 1449 sit
1815 1391 1931 1449 illarum

216 1487 392 1550 ruerent,et
405 1483 513 1540 crassis
529 1482 701 1556 corporibus
715 1485 905 1557 vestirentur,
922 1489 954 1542 ut
970 1503 1047 1542 nunc
1101 1481 1244 1538 sententia
1261 1499 1338 1550 vera,
1364 1483 1480 1538 nescire
1510 1497 1540 1538 se
1566 1481 1649 1538 dicit.
1678 1481 1752 1538 Vide
1781 1481 1931 1538 aestatim

216 1571 358 1628 etverbis
373 1575 402 1627 ct
417 1570 569 1628 sententiis
590 1570 659 1628 hinc
684 1570 753 1629 inde
772 1571 909 1642 collisas;
926 1579 958 1631 ut
972 1591 1047 1647 prs·
1099 1570 1152 1626 tibi
1168 1571 1332 1644 objiciatur,
1349 1571 1457 1628 idcirco
1475 1574 1506 1626 te
1520 1570 1612 1627 trium
1628 1569 1827 1644 ignorantiam
1843 1570 1931 1626 contl-

216 1659 377 1715 termittam
400 1659 605 1736 κακὲμφιτονί,
629 1676 687 1732 quo
716 1661 753 1717 de
774 1661 897 1718 humani
925 1663 1047 1721 seminis
1094 1659 1164 1726 teri,
1180 1677 1217 1716 nc
1231 1677 1324 1716 unuin
1339 1661 1483 1718 damnare
1504 1658 1637 1733 cogaris;
1658 1663 1687 1716 et
1710 1658 1892 1716 'Tertulliano
1905 1663 1931 1716 et

216 1748 337 1804 traduce
353 1746 477 1804 dillundi
493 1748 596 1804 anime
612 1748 762 1806 dicuntur.
779 1749 846 1806 Scio
870 1750 948 1810 inter
966 1751 1046 1808 Chri·
1100 1747 1248 1805 Lactantio
1263 1748 1327 1804 ideo
1342 1763 1477 1822 parcere,
1495 1763 1530 1804 ue
1553 1746 1709 1820 origenem
1725 1763 1791 1804 cum
1809 1745 1869 1804 illis
1881 1748 1931 1818 ju·

218 1835 331 1893 stiones
347 1837 503 1892 verborum
519 1837 662 1894 vitiancn
684 1837 777 1894 solere
793 1839 982 1912 repreliendi;
998 1842 1048 1898 sed
1109 1835 1203 1908 gulas.
1228 1839 1376 1904 Quantum
1400 1836 1542 1894 memoria
1570 1836 1712 1910 suggerit,
1744 1835 1801 1892 nisi
1834 1840 1931 1892 tamen

224 1938 259 1980 ex
270 1925 372 1997 paucis
389 1925 542 1984 ostendere
557 1924 647 1994 volui,
662 1928 750 1998 cuius
764 1927 939 1984 temeritatis
954 1930 993 1986 sit
1007 1929 1055 1986 do·
1110 1924 1203 1995 inllor,
1219 1926 1317 1982 nescio
1342 1941 1390 1982 me
1413 1925 1519 1998 legisse
1543 1925 1727 1982 Lactantium
1750 1924 1933 2000 συσπειρομὲ-

220 2027 285 2069 cerc
299 2014 377 2087 quod
401 2014 526 2085 nescias,
552 2014 679 2072 scribere
704 2016 782 2088 quod
807 2015 945 2089 ignores:
963 2023 995 2075 ut
1013 2003 1075 2076 st*
1108 2034 1157 2082 νην
1169 2015 1180 2049 ³
1194 2013 1324 2072 animam
1339 2014 1445 2071 dicere.
1461 2015 1603 2072 Getemm
1619 2015 1670 2088 qni
1694 2014 1796 2088 legisse
1814 2019 1844 2070 te
1858 2015 1933 2070 scri-

221 2099 322 2158 milem
351 2102 539 2176 prudentiam
569 2107 599 2160 et
629 2103 660 2159 in
689 2103 827 2161 sensibus
856 2106 1052 2178 requiramus.
1109 2102 1165 2170 bis,
1182 2103 1437 2176 dicinquolibro
1459 2102 1575 2176 legeris,
1599 2120 1636 2160 ne
1659 2108 1692 2160 ut
1715 2120 1760 2160 me
1785 2103 1932 2160 dormien-

220 2189 310 2246 ltittit
323 2188 490 2264 epistolam,
506 2191 536 2247 id
560 2195 615 2260 est,
639 2193 878 2250 robustissimum
902 2194 1052 2264 baculum,
1108 2197 1178 2262 tem,
1192 2191 1235 2248 sic
1249 2190 1333 2248 illurn
1349 2195 1499 2248 mortuum
1510 2191 1708 2248 calumniatus
1718 2208 1782 2249 esse
1795 2191 1931 2250 videaris.

223 2293 283 2350 qno
296 2282 435 2338 Romans
451 2279 535 2336 urbis
555 2285 688 2337 armetur
706 2281 883 2356 episcopus:
900 2283 973 2340 etin
988 2285 1054 2356 ipss
1108 2279 1163 2336 Sed
1179 2284 1208 2336 et
1222 2280 1251 2336 in
1268 2281 1322 2336 hoc
1337 2281 1558 2337 cunctabundus
1583 2280 1694 2337 incedis
1709 2283 1739 2338 et
1753 2285 1869 2338 cautus.
1885 2282 1932 2338 Di-

222 2368 395 2440 questione,
411 2386 464 2442 pro
486 2385 546 2442 qus
569 2385 656 2427 canes
671 2369 791 2440 latrent,
808 2371 880 2429 dieit
894 2389 925 2429 sc
941 2373 1053 2431 nessii-s
1108 2367 1151 2424 eis
1165 2369 1265 2426 enim:
1282 2391 1296 2420 ii
1313 2373 1386 2426 Puto
1400 2367 1477 2424 inter
1501 2369 1618 2426 Latinos
1632 2369 1847 2426 Tertullianum
1867 2387 1931 2430 sea-

222 2456 299 2528 quod
316 2458 467 2530 queritur.
481 2458 510 2514 Si
527 2456 654 2532 ignorat,
668 2475 720 2532 pro
744 2477 802 2532 quo
832 2461 888 2517 sibi
904 2461 1053 2520 calumnie
1108 2457 1194 2527 sisse,
1204 2457 1248 2515 vel
1259 2458 1453 2526 Lactantium,
1466 2458 1599 2516 fortassis
1609 2463 1638 2515 et
1648 2459 1721 2516 alios
1734 2457 1927 2516 nonnullos.-

223 2551 431 2616 commovetur,
449 2546 519 2621 quid
540 2563 661 2606 necesse
675 2552 721 2606 est
734 2547 906 2624 Apologiam
924 2551 1051 2623 mittero,
1107 2546 1181 2603 Nom
1197 2545 1294 2604 solum
1310 2549 1347 2604 de
1363 2546 1528 2604 animarum
1544 2550 1622 2604 statu
1642 2549 1770 2612 dubitas.
1785 2549 1836 2605 sed
1853 2551 1882 2604 ci
1897 2548 1931 2604 dc

223 2649 287 2706 que
302 2652 361 2692 aon
377 2636 466 2692 habet
489 2637 690 2694 defensionem
717 2638 776 2706 sui,
804 2639 855 2696 sed
881 2638 1052 2713 ignorantiis
1106 2640 1259 2698 auctorum
1282 2639 1435 2694 sententiis
1457 2643 1562 2710 putas:
1587 2641 1616 2693 et
1638 2641 1737 2694 tamea
1759 2636 1873 2711 aliquid
1888 2638 1930 2693 in-

223 2723 461 2781 contessionem?
475 2724 534 2782 Hoc
554 2730 599 2782 est
618 2725 803 2798 suspiciones
824 2726 978 2786 bominum
994 2747 1051 2788 non
1106 2727 1204 2780 teresi·
1221 2725 1261 2780 De
1287 2726 1443 2783 animabus
1466 2730 1565 2782 autam
1589 2730 1689 2799 aperte
1712 2726 1819 2797 nescis,
1841 2729 1872 2782 et
1890 2726 1932 2782 ia·

224 2811 331 2884 sopire,
348 2814 398 2869 sed
415 2829 521 2870 serere.
538 2814 609 2870 Tres
625 2830 714 2886 super
729 2815 895 2872 animarum
909 2821 988 2875 statu
1004 2835 1052 2892 pn
1106 2813 1219 2869 scitiani
1235 2813 1383 2870 confiteris
1397 2833 1403 2871 :
1416 2815 1452 2871 de
1462 2813 1631 2871 auctoribus
1643 2814 1686 2870 sic
1701 2830 1788 2871 nosse
1804 2818 1833 2870 te
1848 2814 1930 2882 dicis,

223 2901 269 2956 nit
291 2902 462 2972 sententias,
488 2907 516 2958 et
539 2902 568 2958 iii
593 2903 650 2959 tine
672 2903 870 2961 concludens:
890 2925 902 2954 i
919 2906 1050 2981 Singula,
1106 2905 1237 2976 utentes
1253 2902 1453 2976 potiusquam
1478 2919 1650 2976 presumas.
1672 2905 1703 2958 ln
1729 2903 1792 2960 solo
1807 2903 1931 2976 Origene

221 2988 330 3062 inquit,
354 3008 401 3048 me
422 2991 529 3064 legisse
553 3008 611 3048 nou
635 3007 721 3064 nego,
746 2995 775 3047 et
795 2993 892 3049 adhue
916 2994 1051 3067 ignorare
1105 3009 1163 3048 non
1178 2992 1314 3066 ambigis.
1331 2991 1409 3049 Dicis
1421 2993 1542 3067 quippe,
1553 3015 1567 3044 «
1579 2997 1638 3049 Hoc
1651 2993 1741 3049 sentit
1750 2993 1929 3065 Origenes.»

216 3079 368 3136 confiteor.
387 3102 400 3130 n
417 3080 578 3137 Arcesilam
606 3085 658 3137 aut
683 3080 860 3138 Carneadem
886 3087 982 3154 putes,
998 3085 1050 3157 qui
1103 3080 1290 3154 interrogabo
1313 3085 1357 3138 te:
1383 3083 1457 3139 bene
1481 3082 1558 3138 auo
1582 3082 1680 3150 sentit,
1703 3099 1739 3138 an
1759 3081 1930 3138 maleilie·

223 3165 324 3223 omnia
338 3166 450 3225 incerta
478 3169 679 3241 pronuntiant,
695 3167 764 3226 licet
787 3173 815 3226 et
838 3169 905 3228 illos
933 3177 1050 3245 superet
1065 3161 1087 3228 C
1105 3168 1176 3234 scio,
1193 3167 1302 3240 inquis.
1319 3169 1394 3236 Ouid
1418 3185 1465 3226 me
1487 3169 1577 3242 igitur
1601 3170 1701 3228 missis
1725 3170 1888 3228 tabellariis
1902 3177 1930 3228 et

224 3253 368 3312 cautione,
385 3254 429 3312 illi
455 3257 533 3312 enim
555 3258 687 3314 omnium
710 3257 952 3332 philosophorum
974 3261 1050 3318 invi.
1107 3255 1291 3312 creberrimis
1306 3258 1419 3314 nuntiis
1433 3258 1535 3316 docere
1546 3259 1672 3328 conaris,
1684 3263 1717 3316 ut
1731 3260 1835 3328 sciam,
1851 3261 1929 3334 quod

223 3340 302 3396 diam
320 3358 377 3398 non
392 3342 529 3404 serentes.
541 3346 620 3417 quod
630 3345 800 3402 veritatem²
810 3363 826 3402 e
836 3348 894 3404 vita
905 3349 1050 3420 tollerent,
1106 3343 1243 3400 nescias?
1259 3345 1293 3400 Ei
1310 3361 1345 3402 ne
1360 3345 1432 3402 forle
1447 3364 1505 3404 non
1520 3347 1637 3404 tradam
1660 3347 1802 3420 imperite
1818 3353 1887 3418 tue,
1902 3353 1931 3406 ei

219 3427 390 3486 verisimilia
416 3436 596 3504 repererunt,
613 3435 689 3492 499
714 3439 747 3490 ut
771 3435 973 3509 ignorantiam
1004 3457 1050 3498 re.
1105 3433 1229 3489 arbitrer
1242 3437 1269 3490 te
1284 3432 1387 3490 callide
1411 3435 1530 3492 reticere
1553 3435 1631 3508 quod
1656 3437 1743 3506 nosti,
1763 3437 1851 3509 juras
1873 3439 1929 3495 Deo

221 3533 287 3572 rum
316 3517 460 3590 probabili
489 3520 650 3578 assertione
678 3526 904 3597 temperarent:
935 3527 991 3584 istc
1019 3546 1051 3586 se
1104 3525 1186 3588 teste.
1203 3523 1281 3593 quoa
1297 3539 1391 3596 usque
1406 3525 1441 3580 ad
1463 3540 1590 3596 presens
1615 3524 1687 3582 certi
1704 3524 1929 3584 sicensium-

218 3603 290 3662 dicit
315 3607 472 3679 incertum,
496 3613 525 3665 et
548 3625 563 3665 e
584 3609 679 3666 tribui
701 3611 822 3668 omnino
847 3614 958 3672 nescire
979 3617 1049 3690 quid
1104 3610 1174 3681 quid
1185 3610 1286 3668 dehac
1297 3612 1459 3684 quaestione
1469 3628 1528 3669 non
1539 3618 1697 3684 tencas3et
1706 3614 1766 3672 Dec
1778 3614 1929 3688 relinquas

216 3711 319 3752 verum
336 3696 383 3752 su.
400 3695 431 3754 si
446 3695 501 3754 hoc
516 3704 579 3756 erat
593 3715 800 3772 responsurus,
816 3717 880 3774 qus
890 3719 958 3760 sum
974 3707 1048 3764 ratio
1103 3699 1177 3754 scire
1193 3699 1263 3772 quia
1280 3699 1317 3757 sit
1328 3700 1357 3756 in
1374 3717 1452 3770 vero,
1467 3705 1495 3758 et
1510 3701 1595 3758 sicui
1610 3702 1673 3776 insa
1687 3702 1929 3778 revelandissna·

215 3782 347 3856 impulit,
365 3789 398 3840 iit
413 3789 529 3842 tantum
546 3787 715 3845 Pontificem
731 3777 853 3847 inscitie
869 3809 928 3848 sus
943 3799 1048 3852 testem
1103 3786 1190 3843 bitur·
1207 3788 1261 3844 Per
1275 3793 1356 3846 tanta
1370 3789 1477 3846 secula
1491 3790 1546 3845 tibi
1568 3790 1669 3848 nutius
1689 3791 1804 3848 videtur
1817 3791 1929 3866 dignus

218 3869 506 3930 iacerettNimii-uin
524 3873 584 3930 hec
599 3874 709 3932 illaesi
732 3876 888 3948 lassitudo,
904 3881 981 3953 quod
998 3883 1047 3939 iii·
1103 3875 1266 3946 tulissent
1288 3877 1324 3935 de
1347 3877 1402 3934 hac
1427 3877 1587 3950 questions
1609 3878 1751 3937 Dominus
1769 3879 1933 3936 revelanti

216 3956 299 4030 ginta
320 3975 465 4018 annorum
491 3961 595 4020 itinere
612 3965 774 4034 coniectas,
800 3966 924 4024 Romam
948 3971 1047 4028 venire
1102 3965 1163 4020 N0¹¹
1179 3965 1356 4037 Pbltlssfflhssi
1373 3983 1431 4023 ¹1⁰11
1448 3967 1599 4040 propheta,
1616 3985 1673 4025 ¹¹0ss
1689 3967 1850 4042 ⁸T⁰⁸l⁰lu⁸2
1865 3985 1928 4026 ¹¹0⁰

218 4061 276 4101 non
291 4047 396 4118 potuit.
414 4049 529 4114 Quanta
543 4053 571 4106 et
585 4049 642 4107 alia
657 4052 817 4125 nesciinus,
833 4058 862 4110 et
877 4059 975 4113 tamen
991 4057 1046 4114 im·
1101 4054 1234 4126 martyri
1249 4054 1291 4110 Ne
1306 4053 1358 4110 tibi
1375 4055 1506 4128 quidem,
1531 4057 1648 4129 quando
1663 4058 1693 4114 in
1714 4057 1884 4116 carceribus
1899 4063 1928 4115 et

216 4132 326 4220 peritiie
355 4139 459 4192 nostrie
485 4141 574 4194 testes
603 4156 661 4195 non
690 4142 869 4212 querimus!
892 4143 932 4201 De
947 4149 1046 4214 Pstis,
1101 4141 1210 4198 exsiliis
1234 4143 1407 4211 morabaris,
1432 4144 1637 4216 hujuscemodi
1661 4150 1849 4204 sacramenta
1875 4165 1927 4222 pa·

218 4220 298 4290 Filio,
314 4227 342 4279 et
356 4223 468 4296 Spiritu
483 4231 603 4298 sanoto;
619 4229 655 4285 de
682 4230 833 4286 nativitate
854 4231 970 4288 Domini
986 4233 1046 4290 Sal·
1099 4230 1244 4286 tuerunti
1259 4231 1400 4288 Dominus
1423 4231 1453 4287 in
1477 4233 1643 4308 Evangelio,
1669 4255 1680 4284 i
1697 4235 1794 4302 Pater,
1818 4237 1926 4310 inquit,

216 4310 335 4379 vetoris,
364 4329 454 4386 super
475 4332 534 4388 qua
556 4315 648 4373 isaias
672 4315 820 4373 clamitat:
838 4317 1045 4379 Generatioaem
1101 4318 1223 4376 revelavi
1238 4335 1344 4377 nomen
1369 4326 1453 4378 tuum
1478 4322 1649 4381 hominibus
1663 4325 1753 4395 (toan.
1772 4342 1843 4396 xvii,
1859 4327 1924 4398 6).»

200 4521 202 4526 Ι
251 4455 259 4489 ¹
276 4453 451 4512 Obscoenom
468 4456 621 4513 lectionem
636 4461 686 4513 aut
702 4457 905 4532 incongruam.
1100 4463 1165 4517 bita.
1185 4460 1346 4518 lectionem
1363 4463 1466 4535 probat
1480 4463 1743 4538 insuperAreesila
1758 4471 1785 4523 et
1801 4468 1923 4524 Carnea-

227 4524 517 4609 ‚¹andeeri'tatem.
543 4533 651 4584 prater
666 4529 796 4585 codicem
818 4535 967 4588 vetustum
984 4525 1144 4592 melidis
1174 4531 1336 4606 ingenium,
1364 4551 1490 4608 quorum
1526 4537 1600 4594 alter
1637 4538 1738 4596 medie
1767 4539 1922 4596 academia

212 4598 333 4678 uestem
349 4601 441 4652 nostri
457 4597 662 4668 Plorucensis,
679 4615 781 4656 omnes
800 4599 848 4684 alii
874 4619 948 4687 quos
968 4605 1043 4661 vidi·
1099 4608 1202 4711 angelon
1216 4609 1270 4686 est,
1286 4603 1359 4661 alter
1373 4606 1464 4690 terties
1481 4607 1627 4681 princeps.
1798 4679 1804 4694 ¹

213 4668 673 4811 debilitantibus
689 4672 901 4802 utititas
914 4678 1043 4808 listi
1098 4676 1922 4824 addititiiitit..tttsfttttbtiuff

213 4809 609 4892 retinereueritateni,quem
634 4812 664 4869 lii
685 4813 853 4888 philosophi
877 4833 892 4872 e
914 4817 1042 4876 vitatcl-
1097 4828 1163 4886 tam,
1193 4822 1245 4874 aut
1273 4835 1325 4890 per
1344 4820 1515 4878 traducem:
1539 4845 1553 4874 ι
1578 4823 1688 4880 Scribis
1712 4829 1773 4881 tres
1798 4824 1834 4881 de
1858 4823 1918 4881 ani·

213 4879 323 4953 lebant,
353 4883 760 4968 incertauomniafldicentes,
788 4890 817 4942 ot
846 4887 1042 4960 ignorantiam
1098 4891 1203 4946 mabus
1230 4907 1295 4946 esse
1323 4893 1503 4950 sententias:
1534 4910 1634 4960 unam,
1664 4911 1752 4967 quain
1787 4897 1919 4969 sequitur

213 4967 310 5010 reruni
335 4953 480 5080 probabili
503 4963 663 5040 assertione
687 4973 748 5014 sive
772 4960 1042 5034 sententiatcmpe-
1096 4961 1254 5036 Origenes,·
1270 4960 1402 5030 alteram,
1429 4981 1517 5047 quam
1541 4965 1739 5023 Tertullianus
1754 4971 1783 5023 et
1799 4969 1919 5024 Laetan-

213 5029 334 5106 rantes..
361 5042 426 5083 crro
442 5028 585 5086 Arcesilas
597 5033 717 5085 vocatus
730 5032 775 5086 est
790 5030 947 5098 cavillator,
962 5034 1040 5103 quod
1096 5033 1167 5103 tius,
1184 5034 1252 5090 licet
1266 5034 1302 5089 de
1318 5033 1466 5090 Lactantio
1481 5037 1667 5108 apertissime
1678 5039 1843 5096 mentiaris.
1855 5062 1868 5088 a
1880 5037 1917 5094 iia

213 5109 280 5174 cum
305 5094 380 5179 nihil
405 5114 436 5153 se
459 5099 533 5156 scire
558 5099 676 5169 diceret,
698 5117 752 5156 nec
779 5100 852 5156 alios
878 5101 1041 5184 quidquam
1096 5105 1162 5178 ipsa
1184 5106 1234 5160 lib.
1259 5121 1310 5169 vii,
1335 5121 1364 5158 n.
1391 5107 1433 5169 12,
1460 5107 1630 5165 Lactantius
1653 5109 1709 5165 sibi
1734 5110 1917 5182 probandum

213 5167 300 5244 scire·
325 5167 482 5250 sitiebatur,
508 5189 610 5230 omnes
638 5171 770 5228 turbaret
794 5171 1039 5244 sophismatibus.
1096 5175 1188 5232 sumit
1203 5175 1332 5232 animam
1343 5176 1480 5246 originem
1489 5178 1712 5236 trabereiiecoelc
1726 5199 1733 5249 ;
1745 5186 1835 5254 atque
1849 5181 1916 5238 adso

214 5231 287 5288 Vide
301 5181 392 5290 Emer.
408 5237 460 5294 lib.
489 5259 509 5296 ii
536 5243 571 5300 ite
598 5241 1040 5303 TintinaACarneadecnven-
1096 5248 1184 5304 mirer
1196 5245 1300 5318 magis,
1313 5245 1918 5326 interejuserroresadoctisaliquotviris

215 5303 286 5388 dum
302 5305 418 5387 dicebat
434 5309 471 5364 M.
488 5314 557 5370 Cato
578 5314 607 5370 in
633 5320 749 5383 senatu,
764 5315 835 5386 quia
849 5315 885 5373 ob
900 5315 1040 5388 eloquen·
1095 5318 1244 5374 numerari
1260 5315 1411 5372 traducem
1428 5319 1541 5376 animae.
1559 5323 1699 5379 flutinum
1721 5340 1808 5396 porro
1832 5339 1918 5381 excu-

215 5380 299 5442 tiam,
315 5379 345 5430 et
363 5377 526 5436 disserendi
550 5385 727 5454 facultatem,
751 5385 835 5441 facile
859 5403 1040 5514 iguiecunque
1095 5405 1170 5456 sure,
1187 5405 1245 5445 non
1264 5391 1310 5443 est
1333 5387 1458 5446 instituti
1484 5393 1594 5462 nostri;
1621 5396 1780 5452 maximam
1806 5400 1917 5469 partem

215 5445 312 5528 uellet,¹
327 5445 484 5528 impetrare
501 5460 606 5523 posset.
632 5456 702 5512 Vide
726 5455 851 5538 Gellium
886 5459 924 5516 ib.
950 5477 997 5516 xvi
1012 5465 1041 5517 et
1094 5456 1341 5539 Occidentalium,
1360 5458 1424 5532 ipso
1447 5462 1622 5538 Hieronymo
1646 5469 1720 5522 teste
1742 5467 1828 5540 epist.
1854 5465 1914 5532 lab,

215 5515 451 5586 Quintillianum.
468 5520 613 5606 Maspiia.
632 5557 666 5566 —
682 5529 724 5583 lta
738 5527 885 5587 Victorius
909 5532 1041 5604 reposuit
1095 5535 1198 5603 praeter
1220 5527 1433 5612 Tertullianum
1458 5538 1486 5588 et
1508 5535 1705 5608 Apollinarem
1731 5556 1784 5612 pro
1806 5557 1837 5598 se
1851 5552 1916 5614 pre·

215 5608 269 5686 ope
294 5605 365 5654 mse.
392 5591 614 5672 exemplarium,
635 5612 702 5656 eum
718 5603 804 5657 antea
824 5607 1041 5677 annotatione
1094 5601 1193 5680 ebyter
1207 5599 1401 5678 Aquileiensis
1413 5603 1533 5664 laudare
1548 5609 1702 5685 potuisset.
