4108 6174
160 167 238 240 iiii
663 175 700 244 u.
724 173 957 246 uioriirni
978 174 1366 248 iriuioviosioius.
1438 141 1444 148 ’
1787 169 1866 244 iiio

157 311 280 385 apparet
302 307 511 394 Hieronymum
526 327 615 442 auger
639 325 741 399 omues
759 310 895 399 nomines
914 331 983 373 con·
999 319 1024 388 Λ
1041 313 1123 409 quia
1147 314 1268 384 Troade,
1286 333 1337 388 por
1360 314 1524 388 Leucatam,
1539 315 1568 376 et
1593 309 1804 400 Acroceraunia
1826 311 1863 398 ad

156 397 302 468 gregasse·
327 382 514 467 Fruditorum
538 383 558 441 li
581 401 655 455 ros;
681 403 709 442 in
736 388 925 445 saecularibus
949 406 983 446 ao
1040 389 1181 458 biorlium,
1198 396 1226 446 et
1249 389 1316 446 inde
1331 389 1365 445 ad
1386 387 1461 447 ostia
1484 387 1597 447 Tiberis
1621 387 1806 462 navigarint:
1824 391 1866 444 ita

156 470 251 513 oacrio
271 455 389 512 Litteris
404 461 587 531 preceptores
611 457 750 516 babuisse
773 459 818 516 sui
843 460 984 532 temporis
1040 465 1172 518 sanctem
1197 461 1379 535 Scriptorum
1404 460 1530 518 lucidius
1556 460 1727 526 intuebitur,
1743 459 1794 532 qui
1812 461 1865 515 lu·

156 525 291 584 omnium
313 527 510 610 doctissimos,
527 528 587 586 sive
608 529 732 598 Grecos,
749 531 809 587 sive
825 533 982 590 iiebroos:
1039 533 1131 589 dauni
1147 533 1239 590 oculis
1260 533 1485 606 comtemplatue
1504 536 1558 602 est,
1574 537 1602 589 et
1617 532 1804 605 antiquarum
1821 547 1866 588 ur·

155 597 271 655 nullum
287 599 414 671 denique
430 599 517 657 finem
533 601 664 658 discendi
684 601 787 659 secisse
803 603 910 670 Home,
925 605 983 659 An·
1040 604 1122 674 bium
1141 605 1308 667 memorias,
1324 603 1515 677 locorumque
1536 604 1579 661 vel
1595 605 1696 661 eadem
1711 601 1865 671 vocabula,

155 669 281 742 troanie,
297 670 488 738 Alexandria,
505 671 756 746 Constantinopoli
772 677 800 730 ot
816 673 983 748 Hierosoly·
1037 675 1083 732 vel
1109 680 1221 733 mutata
1245 676 1420 749 cognoverit.
1439 676 1520 732 Unde
1544 681 1573 732 et
1597 676 1681 732 nobis
1703 692 1772 731 cura
1797 675 1864 745 luit,

156 758 211 798 me
224 740 291 810 ;ubi
302 741 381 798 haud
392 743 479 800 dubie
490 742 627 818 vigebant
641 744 788 802 bucetatc
800 746 981 816 Latinorum,
1038 764 1105 804 oum
1128 747 1336 804 eruditissimis
1361 748 1557 815 Hebreorum,
1575 746 1653 803 huno
1668 746 1798 803 laborem
1814 762 1865 804 su·
1944 763 1948 780 ·

155 813 322 896 Graecorum
338 830 372 869 ao
388 813 743 898 Hebraeorum-gymnasia
758 816 982 874 etcaeculorium
1038 818 1119 888 bire;
1136 824 1168 875 ut
1183 819 1405 876 circumiremus
1421 819 1706 892 provinciam,quam
1724 818 1864 875 universe

154 902 172 942 a
207 901 243 941 ue
258 885 424 941 diuinarum
440 887 539 944 studio
556 887 741 944 Litterarum.
1038 890 1142 946 christi
1160 890 1294 948 Ecclesia
1310 895 1424 946 sonant.
1442 891 1544 947 Fateor
1558 889 1647 959 enim,
1664 889 1704 944 mi
1721 889 1864 946 Domuioo

170 1027 176 1038 ¹
210 957 386 1039 31>raoipua
400 957 520 1040 quidem
536 959 596 1016 heo
611 965 680 1015 eunt
695 965 870 1032 argumenta
883 959 981 1016 erudi·
1038 962 1246 1046 etltogatione
1269 961 1614 1035 cbarissimi,nucquam
1640 959 1732 1018 mein
1757 959 1864 1018 divinis

154 1032 246 1110 tionis
271 1028 524 1101 Hieronymiaoiae‚
542 1031 592 1086 sed
618 1047 691 1105 apex
714 1031 851 1088 doctrine
876 1032 981 1088 modus
1036 1033 1245 1102 voluminibus,
1267 1034 1391 1107 propriis
1413 1033 1525 1090 uiribus
1549 1032 1721 1102 credidisse,
1735 1048 1788 1088 uec
1811 1031 1864 1088 ha·

154 1099 332 1168 studiorum,
349 1115 436 1172 quem
453 1101 592 1158 Erasmus
603 1101 751 1176 eleganter
764 1119 798 1159 ex
821 1103 907 1158 ressit
920 1120 982 1159 uer·
1037 1105 1137 1162 buisse
1153 1105 1327 1180 magistrum
1343 1105 1509 1178 opinionem
1526 1120 1641 1172 meam,
1658 1104 1709 1161 sed
1725 1119 1758 1159 eu
1773 1102 1862 1161 etiam

154 1169 201 1228 bie
219 1185 226 1226 ι
244 1172 402 1244 «Tempus
417 1189 504 1255 omne
519 1120 859 1256 studiisetorutionilius
874 1175 981 1246 partie·
1036 1178 1073 1233 de
1100 1177 1210 1249 quibus
1234 1177 1308 1234 scire
1338 1192 1385 1232 me
1411 1177 1584 1245 arbitrabor,
1611 1175 1790 1248 interrogare
1815 1191 1863 1232 me

153 1243 260 1310 batur;
278 1244 385 1300 bonam
411 1248 499 1300 etiam
527 1251 657 1301 noctium
682 1250 794 1319 partem
816 1245 860 1302 his
884 1247 981 1318 operis
1036 1248 1156 1305 solitum
1173 1267 1180 1307 :
1197 1252 1306 1321 quanto
1318 1247 1412 1322 magis
1427 1248 1463 1304 de
1475 1247 1522 1304 his
1533 1262 1623 1318 super
1632 1247 1740 1319 quibus
1754 1262 1862 1319 anceps

153 1314 266 1371 eddom
282 1332 289 1370 :
304 1313 786 1388 minimuportiodabatursomno,
796 1317 892 1373 minor
904 1318 980 1386 cibo,
1036 1337 1115 1377 eram
1127 1321 1141 1376 i
1155 1321 1223 1376 beni
1249 1336 1283 1376 ne
1298 1336 1365 1376 oum
1381 1336 1398 1376 a
1413 1336 1459 1376 me
1474 1336 1567 1392 nuper
1582 1319 1687 1375 litteris
1701 1316 1863 1392 flagitasse·

153 1384 239 1467 nulla
253 1386 323 1442 otio,
339 1385 434 1442 Studii
450 1386 653 1445 lassitudinum
680 1389 827 1444 recreabat
843 1390 980 1460 depreou·
1035 1393 1074 1448 tis
1090 1396 1122 1447 ut
1136 1393 1217 1449 vobis
1227 1337 1473 1462 tlaralipomenon
1492 1391 1590 1446 latino
1614 1406 1748 1447 sermone
1763 1395 1860 1446 uuus·

151 1460 204 1525 tio,
211 1459 268 1540 eut
278 1455 405 1540 hymnus
423 1473 429 1514 :
447 1475 514 1515 mox
524 1458 721 1532 velutinteger
734 1461 768 1516 ad
780 1459 979 1516 intermissam
1036 1465 1152 1534 terrem,
1175 1463 1211 1519 de
1234 1462 1385 1519 Tiberiade
1411 1462 1495 1546 begis
1519 1461 1676 1535 quemdam
1701 1460 1861 1530 doctorem,

153 1525 308 1585 lectionem
324 1529 447 1585 redibat.
466 1529 621 1603 Relegebnt
641 1531 805 1588 universam
822 1531 979 1587 bibliothc-
1035 1533 1170 1607 quiapud
1183 1534 1316 1590 Hebraeos
1324 1533 1511 1590 admirationi
1521 1533 1692 1602 habebatur,
1700 1531 1859 1605 assumpsi:

152 1615 218 1656 cam
246 1615 343 1668 suain,
372 1605 503 1656 veterum
533 1603 697 1658 studiorum
723 1601 894 1658 memoriam
922 1602 978 1659 eibi
1035 1605 1184 1662 etcontuli
1199 1621 1266 1662 oum
1280 1605 1479 1670 eoavertioe
1495 1610 1527 1661 ut
1542 1603 1636 1670 aiunt,
1649 1619 1742 1675 usque
1757 1603 1794 1660 ad
1811 1619 1861 1660 ex·

151 1687 320 1728 mucrone:
342 1688 441 1729 sacras
468 1673 591 1730 Litteras
614 1674 651 1730 ad
676 1674 796 1730 verbum
820 1673 979 1730 ediscebat.
996 1697 1019 1762 B
1034 1681 1162 1733 tremum
1180 1692 1308 1750 unguem
1323 1693 1330 1745 ;
1347 1680 1376 1732 et
1391 1675 1433 1732 sio
1457 1675 1660 1744 confirmatus,
1675 1691 1766 1731 ausus
1793 1690 1860 1731 suin

151 1741 349 1828 Meditabatur
364 1743 394 1826 iu
410 1743 571 1827 Prophetis,
587 1744 617 1800 in
633 1746 775 1838 equendis·
792 1744 977 1828 oraculorum
1035 1746 1427 1830 laceroquodJubebatie.·»
1534 1815 1541 1830 .
1626 1817 1632 1829 .

151 1815 977 1968 intitulatilinthiaminibus}aliti
1032 1818 1859 1970 altitudinillilltllttitlltiltttlllt

151 1955 369 2031 philosophiam
385 1957 549 2039 bauriebat.
562 1959 682 2042 'Primus
692 1963 770 2016 enim
786 1961 822 2015 ad
840 1960 977 2032 pietatem
1028 1962 1144 2045 judicio
1158 1967 1189 2045 et
1200 1967 1381 2044 argumenta.
1398 1960 1471 2027 Ouid
1489 1959 1567 2016 enim
1583 1958 1730 2043 litteqarie
1745 1959 1859 2040 perlec-

150 2028 330 2174 titillant
353 2031 826 2184 {tirocinaliltetgt·
853 2031 978 2176 itit?
1032 2028 1859 2182 ltilillll¹⁰ilgslt⁶ltltltlllull,tutelli

151 2169 270 2228 nullum
300 2187 398 2228 omnio
428 2172 599 2245 scriptorem
635 2179 869 2246 pretermittens,
900 2174 978 2229 unde
1053 2173 1461 2248 receptorumsuitemporis
1484 2171 1721 2245 ingrammaticii
1746 2171 1857 2253 iupbi-

150 2259 210 2300 non
225 2241 336 2315 aliquid
352 2244 527 2316 decerperet,
545 2261 602 2301 non
629 2245 772 2314 ethnicos,
789 2261 847 2301 nou
862 2243 976 2300 bereti·
1031 2193 1176 2319 losopbia,
1192 2251 1220 2302 et
1236 2246 1265 2302 in
1281 2244 1427 2318 theologia
1442 2242 1525 2300 tacite
1549 2241 1740 2316 principum?
1755 2258 1805 2314 qui
1820 2242 1857 2299 ab

149 2329 211 2371 cos.
226 2313 349 2371 Noverat
365 2314 441 2370 enini
458 2315 501 2370 vir
516 2317 765 2388 prudentissimus
779 2332 814 2372 ex
828 2315 976 2442 sterquili-
1032 2317 1170 2382 Hehraeis,
1188 2334 1205 2372 a
1228 2316 1319 2391 Syris,
1335 2315 1488 2379 Chaldeis,
1513 2313 1664 2388 AEgyptiie,
1681 2329 1735 2370 nec
1758 2330 1816 2369 non
1840 2330 1858 2370 a

148 2386 199 2443 nio
212 2385 308 2459 legere
332 2403 438 2442 aurum
455 2403 462 2441 ι
479 2392 598 2443 noverat
618 2404 633 2443 e
658 2387 813 2444 fruticibus
839 2386 895 2444 mel
908 2404 976 2444 oiim
1032 2388 1139 2446 Grecis
1150 2389 1214 2444 viva
1223 2404 1291 2445 voce
1306 2394 1334 2444 et
1345 2387 1429 2444 libris
1441 2387 1574 2455 edoctus,
1586 2387 1754 2442 universam
1764 2384 1859 2458 Sorip

149 2457 307 2514 desumere
322 2474 453 2523 succum,
471 2475 582 2515 araneae
597 2475 651 2515 sua
666 2458 835 2532 relinquens
847 2475 955 2515 venena
968 2475 974 2514 2
1030 2466 1128 2517 turam
1144 2477 1258 2517 sacram
1274 2459 1316 2515 ita
1329 2459 1437 2516 animis
1464 2457 1589 2526 imbibit,
1607 2461 1639 2512 ut
1652 2459 1754 2530 pectus
1769 2472 1858 2512 suum

148 2529 252 2600 etjam
268 2533 336 2611 tum⁸
356 2529 392 2584 ab
409 2529 547 2611 AEgyptiis
573 2531 715 2603 quidquid
732 2535 856 2603 poterat,
872 2547 976 2586 oonva·
1031 2531 1238 2588 bibliothecam
1263 2530 1362 2586 leoerit
1386 2529 1505 2610 Christi,
1531 2529 1676 2601 fueritque
1705 2526 1856 2609 oraculum

148 2601 245 2668 sabat,
261 2599 391 2656 hostium
407 2602 514 2673 opibus
528 2601 644 2657 Domini
659 2601 802 2674 templum
817 2601 975 2674 locupleta·
1032 2603 1165 2660 Ecclesia
1180 2609 1208 2659 et
1223 2618 1408 2659 summorum
1424 2600 1607 2674 pontificum,
1623 2599 1673 2672 qui
1688 2598 1800 2656 nullam
1827 2614 1857 2654 iu

147 2675 246 2728 turus.
263 2671 384 2745 Quoque
407 2671 512 2728 certior
535 2680 613 2730 esset
630 2673 781 2737 memoria,
795 2678 823 2729 et
849 2673 977 2745 paratior
1030 2675 1089 2732 vita
1101 2679 1242 2747 putarunt
1254 2674 1417 2746 digniorem
1431 2671 1707 2740 contabulationem,
1721 2686 1809 2743 quam
1822 2669 1858 2726 de

149 2759 236 2809 usus,
252 2742 396 2815 quidquid
411 2743 530 2816 legerat,
547 2743 576 2799 id
592 2745 621 2800 in
638 2745 717 2801 locos
731 2745 882 2817 digerebat
896 2761 976 2800 com·
1032 2746 1094 2802 Scri
1118 2747 1192 2802 turis
1206 2745 1396 2801 sermocinari
1411 2761 1477 2800 oum
1492 2743 1599 2800 Hieron
1621 2759 1687 2812 mo;
1703 2743 1745 2798 ita
1758 2747 1858 2798 tomen

150 2814 257 2887 positis
271 2813 408 2887 singulis,
426 2823 458 2870 ut
472 2815 634 2897 uiduitatis,
652 2822 701 2897 aut
721 2815 887 2890 pugnantia
904 2815 975 2870 ratio
1031 2822 1063 2873 ut
1086 2763 1126 2872 illi
1156 2817 1379 2899 interrogarent,
1403 2815 1409 2870 i
1434 2832 1465 2871 se
1489 2759 1687 2886 respontleret.
1713 2813 1761 2896 He
1786 2818 1858 2869 aunt

149 2884 351 2958 postulabat...
372 2885 446 2953 Ouid
471 2886 572 2942 multis
594 2887 608 2942 ‘t
629 2887 707 2943 Nihil
723 2887 843 2943 omnino
859 2894 976 2959 praeter·
1030 2889 1252 2945 exercitationes
1268 2905 1297 2943 in
1320 2887 1377 2943 enii
1396 2833 1633 2943 :liocourrioulu
1646 2883 1857 2942 mentiseancti

151 2957 279 3014 missum
292 2962 347 3026 est,
363 2959 439 3028 equod
454 2958 489 3012 od
508 2957 648 3032 inclytum
664 2959 797 3016 Ecclesia
814 2960 974 3024 doctorem,
1030 2961 1172 3017 Ductoris.
1190 2961 1221 3016 ln
1236 2959 1283 3016 bis
1298 2904 1446 3015 §caudens
1457 2963 1545 3040 atque
1558 2957 1721 3024 elaborans,
1731 2971 1852 3040 corpore

149 3045 185 3086 ac
198 3045 264 3085 uere
280 3045 420 3111 magnum
436 3028 531 3085 theolo
554 3047 603 3086 uin
619 3030 832 3088 instituendum
849 3030 974 3102 pertine·
1031 3049 1119 3088 senex
1134 3031 1252 3088 tandem
1267 3046 1332 3087 esso
1351 3029 1454 3102 potuit,
1470 3045 1569 3086 animo
1587 3044 1739 3102 nunquam
1755 3028 1819 3084 luit.

149 3047 1012 3181 bai3nequ1dusquamdeesseteruditioni:euine-⁰
1197 3149 1239 3160 .,
1298 3149 1302 3158 ,
1483 3146 1489 3157 .
1754 3143 1759 3154 .

148 3171 219 3228 cubi
233 3171 292 3227 vita
306 3188 410 3244 perum
433 3173 598 3242 emendata,
614 3174 752 3230 doctrine
779 3173 924 3230 minueret
946 3177 975 3228 et
1064 3151 1078 3218 5
1094 3148 1140 3204 ¹¹¹·
1157 3147 1239 3204 3⁶²⁰&
1255 3146 1377 3219 lmam’
1393 3145 1487 3201 ‘mul'
1501 3162 1534 3228 9⁶
1551 3153 1643 3202 “mm
1657 3147 1819 3200 mmmm

147 3242 275 3301 elevaret
290 3243 503 3299 auctoritatem.
519 3263 533 3296 u
1373 3219 1517 3289 “mmm

182 3313 236 3371 His
250 3314 339 3370 etiam
350 3315 548 3387 addondasup
570 3314 740 3371 licationum
752 3315 974 3386 ucjeJ'uniorum
1065 3317 1189 3373 Pudebit
1205 3316 1276 3372 lorte
1291 3314 1396 3371 sciolos
1412 3315 1566 3388 quosdam,
1582 3311 1703 3369 aemulos
1718 3315 1747 3368 et
1771 3310 1854 3368 oriti-

147 3385 325 3460 lrequentia,
360 3386 547 3459 nesapiusa
581 3386 974 3459 coPatreluminumimpe·
1031 3384 1600 3456 cos,totdotibusornatum,omnibus
1624 3383 1854 3441 numerisabso·

148 3461 229 3514 trare
243 3455 335 3513 voluit
375 3457 401 3513 ir
418 3463 537 3514 sanctus
553 3461 712 3531 cogitatum
729 3475 834 3530 purum
850 3457 974 3513 donum·
1031 3459 1138 3526 lutum,
1156 3458 1235 3513 nullo
1261 3473 1318 3512 non
1343 3472 1448 3530 genere
1471 3456 1645 3512 eruditionis
1668 3458 1855 3527 prestantem

147 3543 207 3601 que
235 3527 433 3600 intelligentiae
470 3529 640 3601 perlectum,
672 3534 703 3584 ut
734 3528 835 3585 eodem
871 3527 974 3610 spiritu
1031 3528 1180 3610 suspicere
1194 3529 1298 3585 Hieron
1322 3525 1858 3608 mum,quemillisepius·inturbe

147 3599 394 3672 interpretaretur
402 3598 552 3656 volumina
566 3617 660 3669 sacra,
672 3617 730 3673 quo
746 3601 873 3674 primum
887 3616 977 3681 scrip·
1031 3602 1248 3673 imperitorum,
1264 3545 1319 3655 ref
1329 3599 1406 3670 apud
1433 3595 1621 3654 mulierculas
1644 3612 1748 3652 canino
1772 3596 1858 3652 dente

148 3679 181 3728 ta
211 3670 379 3727 creduntur.
412 3670 483 3726 Hinc
511 3687 578 3729 euin
614 3673 781 3744 frequenter
814 3671 919 3727 audias
947 3687 974 3724 in
1032 3687 1162 3744 carpere,
1178 3686 1231 3726 nec
1246 3670 1319 3726 setis
1342 3668 1490 3725 eruditum
1514 3667 1668 3725 ostendere
1683 3665 1858 3739 gloriantur.

149 3741 302 3816 prooemiis
341 3741 549 3814 opusculorum
588 3746 616 3799 et
642 3743 783 3814 epistolis,
813 3743 978 3798 Orationem
1031 3736 1859 3814 AtquidaiirutaemulatoresilliHieronymianevirtutis

148 3821 305 3871 uestrorum
323 3814 417 3886 ‚saltria
444 3815 552 3871 anxilio
580 3814 779 3886 difficillimum
805 3829 978 3886 opuooqqre-
1033 3831 1066 3872 ac
1081 3813 1278 3870 eruditionis?
1294 3812 1388 3869 Unum
1414 3811 1575 3884 presertim
1591 3809 1676 3866 nobie
1702 3807 1858 3880 oinoiunt,

147 3885 216 3942 dior
236 3901 249 3946 ‚·
274 3884 320 3941 vel
360 3886 415 3941 Oro
449 3887 543 3958 igitur,
569 3887 670 3956 freter,
703 3887 847 3942 Dominum
882 3891 979 3943 terum
1033 3886 1111 3960 quod
1137 3885 1253 3942 videtur
1280 3884 1412 3940 minuere
1434 3882 1535 3940 laudes
1559 3880 1668 3955 peritia
1682 3879 1758 3963 tanti
1781 3879 1835 3937 viri

149 3957 303 4026 Christum,
331 3964 361 4012 ut
385 3961 476 4013 cortem
498 3960 592 4013 tutiore
612 3965 637 4013 ct
661 3957 781 4030 Spiritus
801 3959 901 4029 pretio,
927 3971 978 4028 quo
1034 3963 1126 4030 sepe,
1141 3955 1289 4029 inquiunt,
1307 3954 1398 4011 talsus
1418 3959 1463 4011 est
1479 3953 1672 4027 Hieronymus
1686 3969 1716 4008 in
1743 3968 1797 4008 sua
1812 3951 1861 4007 Bi·

149 4029 225 4086 olios
246 4027 391 4101 propheto-i
418 4029 591 4100 interpretati
614 4031 760 4090 samuaet
783 4029 856 4084 huuc
880 4031 977 4099 euplo·
1033 4023 1861 4092 bliorumtranslatione,etinttommenteriiseorumdem

147 4115 223 4156 nore
241 4099 381 4155 orbamur
391 4117 401 4162 ,·
417 4105 478 4162 aut,
493 4099 639 4156 orantibus
662 4100 743 4163 uobis,
758 4115 825 4172 opus
839 4100 874 4154 rid
897 4100 979 4170 finem
1035 4100 1199 4166 librorum;
1216 4097 1405 4171 quialudeie
1417 4097 1578 4170 prebuitiie
1588 4095 1751 4162 credulum,
1763 4100 1792 4151 et
1803 4111 1862 4152 nou

147 4185 239 4244 resque
262 4169 389 4243 perduci.
409 4171 451 4226 lta
474 4171 640 4243 Hieronymi
663 4169 736 4227 nihil
762 4177 824 4228 erat
848 4170 979 4226 sanctius
1035 4188 1101 4228 raro
1117 4170 1225 4228 tabulis
1240 4168 1373 4226 Judaiois
1388 4186 1422 4225 eo
1438 4168 1647 4224 traditionibus
1667 4165 1802 4224 indulsit.
1821 4165 1864 4224 lta

149 4247 184 4301 et
199 4241 359 4325 antiquius,
376 4258 465 4314 quam
481 4247 514 4298 ut
529 4247 714 4325 syntagmate
728 4258 783 4298 sua
797 4247 824 4298 et
839 4241 980 4315 opuscula
1034 4242 1124 4300 David
1142 4241 1271 4300 Clericus
1298 4240 1327 4297 iii
1344 4241 1545 4310 (lucrationibus
1560 4240 1658 4303 sooria
1678 4237 1784 4312 pagina
1798 4237 1861 4294 2t5.

150 4312 341 4372 orationibus
356 4313 471 4386 piorum
496 4331 658 4370 amicorum
673 4331 706 4370 oc
732 4312 866 4386 propriis,
883 4319 978 4370 austo-
1035 4316 1090 4372 Sed
1106 4332 1123 4370 a
1145 4313 1289 4380 Hobbino,
1304 4311 1412 4385 iuquit,
1427 4312 1568 4382 magistro
1590 4311 1739 4383 deceptus,
1757 4313 1790 4365 ut
1811 4307 1862 4365 alii

151 4386 299 4457 citatoque
311 4384 492 4456 jejuniorum
508 4383 631 4442 Domino
646 4389 896 4442 consecrarentur,
1035 4386 1240 4456 observarunt,
1269 4383 1312 4439 vir
1351 4399 1476 4457 mugnus
1514 4381 1712 4439 hallucinatus
1743 4385 1799 4438 oet.
1827 4379 1863 4436 lit

191 4456 259 4512 Jam
283 4460 350 4529 post
375 4455 474 4512 divino
498 4457 641 4524 subsidia,
664 4460 692 4512 ct
715 4457 845 4513 humana
870 4442 1163 4529 reliquuDlaoobus
1189 4455 1325 4528 Capellus
1353 4455 1503 4512 Observat.
1533 4453 1561 4508 in
1599 4470 1663 4527 cap.
1693 4469 1722 4508 iv
1748 4454 1860 4508 Cantici

153 4527 379 4586 consideremus
393 4529 422 4582 in
440 4533 544 4600 quarto
559 4533 731 4612 argumento
746 4545 779 4584 ao
791 4528 894 4584 ultimo
911 4545 981 4599 prro·
1036 4530 1142 4586 cantio.
1161 4544 1168 4582 :
1186 4527 1216 4583 ld
1242 4527 1347 4608 Hieron
1371 4543 1437 4582 mus
1449 4529 1642 4608 ’constanter‘
1655 4523 1773 4581 vertit...
1801 4521 1858 4580 Sed

149 4598 267 4672 judicio
282 4597 431 4654 altissimas
444 4599 617 4656 eruditionis
628 4601 869 4688 Hierongmianeo.
881 4599 982 4673 Neque
1036 4601 1157 4657 omnino
1172 4615 1313 4672 magnum
1328 4544 1412 4654 illum
1429 4613 1523 4653 virum
1544 4597 1659 4670 decepit
1671 4595 1790 4651 iudeus
1805 4610 1864 4676 quo

152 4686 235 4738 vero,
261 4663 359 4740 ἔνθεον,
385 4669 617 4748 πιευματοφόρον,
646 4675 697 4728 aut
722 4667 923 4742 αυτοδίδικτον,
952 4669 981 4725 id
1037 4668 1655 4752 tuinutebatur.alierqooquosacobusca
1676 4664 1864 4748 elluslndioe

153 4744 213 4813 est,
227 4741 280 4796 lieo
304 4742 428 4814 pierium,
453 4741 560 4814 Spiritu
585 4744 723 4812 attatum,
744 4742 788 4798 vel
815 4759 864 4798 suo
887 4743 982 4798 initus·
1038 4759 1136 4800 rerum
1151 4747 1180 4798 et
1195 4741 1350 4797 verborum
1366 4739 1478 4798 Criticae
1497 4755 1585 4796 sacre
1601 4739 1642 4796 lui
1666 4753 1738 4794 ovioi
1754 4733 1864 4808 Capella

153 4814 215 4870 trio
229 4811 337 4868 doctum
355 4829 418 4870 sese
433 4813 578 4883 reputavit
591 4814 642 4869 Vir
664 4814 821 4879 maximus,
837 4815 887 4870 sed
903 4813 982 4870 omni
1038 4815 1168 4900 parentis
1190 4813 1248 4882 eui,
1266 4815 1296 4868 iii
1321 4813 1510 4886 Hieronymo:
1526 4809 1600 4868 Male
1622 4809 1755 4884 quedam
1778 4807 1866 4864 vertit

155 4883 313 4968 diligentia
329 4884 471 4955 adhibite,
488 4889 661 4968 opportune,
678 4884 855 4957 importune,
871 4885 984 4942 discere
1037 4905 1067 4943 in
1092 4890 1171 4942 textu
1199 4883 1362 4940 ceurae...
1383 4889 1412 4940 et
1434 4883 1503 4939 alibi
1519 4881 1626 4955 sepius
1649 4898 1666 4938 e
1690 4882 1866 4954 preceptore

155 4955 905 5085 ilidii-„ttittililitltttdltltil
919 4972 983 5084 ‘lt
1038 4957 1140 5086 ilii
1153 4953 1866 5093 tilithi?litliilltllllltttlitat

156 5097 361 5154 chaldeorum
391 5115 408 5155 a
434 5098 596 5168 Chaldaeis3
627 5115 691 5172 quae
718 5045 984 5172 jdgyptioroi'iiqao
1039 5045 1271 5174 0rlillilgatisunt
1293 5096 1368 5154 intra
1392 5095 1519 5153 iuNotis
1544 5093 1761 5170 prolixioribus,
1775 5091 1821 5150 vel
1835 5091 1866 5177 iu

157 5169 311 5244 AEgyptis3
328 5173 356 5226 et
379 5187 442 5243 qua
467 5169 606 5245 Syrorum
625 5187 658 5226 ac
682 5169 847 5227 Graecorum
872 5172 985 5244 aSyris
1080 5169 1254 5228 mmenterio
1279 5184 1343 5225 meo
1366 5167 1400 5224 ad
1428 5167 1536 5225 librum
1559 5167 1757 5249 Hebraicorum
1770 5169 1866 5249 Homa-

158 5245 249 5314 etque
264 5240 389 5310 Grecis,
415 5241 520 5298 horum
536 5241 667 5298 omnium
693 5243 904 5300 consuetudine
929 5245 985 5299 t're·
1040 5261 1117 5300 num.
1136 5245 1166 5299 ln
1182 5245 1447 5298 communetemen
1463 5239 1600 5296 omnibus
1611 5238 1720 5294 criticis
1737 5251 1865 5310 primum

158 5316 366 5395 quenterusua
377 5313 622 5378 est,utrationem
635 5313 741 5386 linguae
753 5314 927 5386 uniuscujus
951 5333 986 5371 ue
1041 5333 1087 5373 res
1110 5315 1213 5380 audeo,
1228 5317 1259 5368 ot
1270 5311 1372 5385 pedem
1386 5311 1490 5368 deinde
1500 5309 1652 5394 ‘conteram
1663 5323 1730 5366 com
1747 5307 1866 5392 clericis

159 5383 258 5460 gentis
272 5401 303 5440 iu
318 5385 468 5441 codicibus
484 5385 575 5441 sacris
595 5390 774 5458 perspectum
792 5331 985 5442 hobcrotffn·
1041 5391 1070 5444 ct
1085 5333 1220 5460 Knpellis,
1233 5399 1307 5456 quos
1323 5399 1379 5438 non
1395 5381 1524 5456 vulgaris
1537 5381 1663 5438 eruilitro
1676 5385 1705 5436 et
1719 5379 1865 5436 Hebraico

159 5471 251 5528 super
265 5461 412 5527 spectator
427 5473 491 5510 esse
505 5455 598 5512 voluit.
614 5456 741 5512 locorum
761 5457 810 5511 ulii
826 5459 925 5529 scripti
943 5458 985 5512 rol
1041 5458 1147 5528 linguae
1163 5455 1264 5529 peritia
1280 5453 1350 5509 milii
1368 5453 1396 5508 in
1412 5454 1523 5510 bonore
1537 5469 1601 5510 esse
1617 5450 1756 5526 postulat.

160 5528 345 5601 interpretati
361 5533 430 5584 sunt
446 5527 512 5584 libri
529 5529 614 5592 socii,
632 5528 666 5583 ad
685 5529 804 5584 intimos
820 5531 986 5603 Scriptura·
1077 5529 1150 5594 Ouid
1167 5525 1256 5583 animi
1271 5543 1337 5582 uero
1353 5524 1570 5600 Hierouyuiiani
1596 5541 1685 5598 super
1701 5522 1755 5578 boo
1770 5537 1800 5576 re
1816 5518 1865 5600 sit,

160 5615 229 5656 rum
244 5615 350 5656 sensus
369 5599 496 5656 lucidius
510 5599 677 5656 intuendos.
696 5601 874 5666 «Quomodo
895 5601 987 5672 enini,
1042 5615 1190 5674 quamque
1204 5596 1287 5653 vnlde
1312 5597 1414 5670 iniqua
1436 5596 1584 5654 cantilena
1596 5594 1649 5651 illa
1672 5609 1762 5675 quam
1785 5589 1871 5644 nobi!

161 5669 261 5756 iuquit
276 5671 349 5744 ipse,
364 5675 529 5728 craecorum
547 5671 684 5728 historias
700 5687 728 5727 m
769 5671 795 5728 io
808 5671 986 5747 intelligunt,
1042 5672 1144 5728 crebro
1160 5671 1348 5726 insusurrant
1363 5673 1427 5726 tum
1444 5668 1575 5742 imperiti
1586 5662 1734 5749 catholici,
1744 5665 1814 5742 tuin·
1822 5657 1872 5712 be·

164 5759 215 5816 qui
230 5741 360 5801 arbonae
384 5743 529 5816 viderint·;
545 5747 574 5801 et
594 5743 714 5801 tertium
757 5743 844 5818 irgilii
868 5742 987 5816 librum,
1043 5742 1173 5802 terodoxi
1189 5740 1294 5809 critici,
1310 5757 1345 5798 ex
1359 5741 1457 5802 verbis
1473 5735 1726 5816 consequentibus
1738 5727 1876 5788 manileu-
