4064 6158
202 275 261 342 ὅθί
788 315 791 328 ι
824 278 857 340 S.
880 274 1037 341 uusueu
1059 273 1280 340 utueuuuul
1841 280 1903 346 332

205 405 366 464 Ecclesiam
381 411 448 480 post
460 409 661 482 poenitentiam
676 413 810 483 receptus
826 415 870 468 est
886 429 893 466 :
909 411 1022 482 etquis
1037 411 1063 477 Α
1079 409 1123 465 Sic
1136 426 1195 476 nos,
1207 409 1313 483 inquit,
1325 411 1462 470 existimet
1478 415 1531 485 [nt.
1558 413 1689 488 estimet]
1715 415 1795 472 tomo
1823 416 1905 488 quasi

203 494 442 555 simulotlextris
452 503 508 568 cst,
524 499 553 555 in
564 500 664 556 eadem
686 517 753 558 cum
780 499 916 572 Apostolo
937 499 1023 554 cluri—
1077 501 1219 554 ministros
1229 499 1341 568 Christi,
1353 506 1380 557 et
1408 503 1612 574 dispensatores
1627 505 1824 577 mysteriorum
1851 504 1905 560 Dei

201 589 263 642 tata
273 585 418 660 fulgebit?
432 588 466 643 Et
481 590 627 658 quomodo
643 589 673 644 in
688 607 746 646 uno
761 587 854 662 agello
878 589 1021 660 usquead
1078 586 1130 656 [Al.
1142 587 1220 658 cjiisl.
1237 589 1350 660 llicjam
1364 594 1502 662 quaritur
1512 593 1586 648 inter
1599 593 1808 665 dispensatores,
1820 599 1852 648 ut
1870 592 1906 664 fi-

205 691 332 732 messem
348 676 401 748 [tt.
414 678 453 748 el]
478 679 762 736 consummationem
791 678 894 734 masidi
912 676 1023 733 zizania
1077 673 1146 730 detis
1159 678 1221 746 quis
1235 678 1395 734 inveniatur
1406 680 1429 750 (l
1444 679 1506 736 Cor.
1523 697 1561 746 1v,
1579 681 1604 748 l,
1615 683 1653 748 2).
1666 680 1717 737 Vis
1733 680 1819 747 scire,
1831 696 1904 753 quo·

201 765 312 837 pariter
343 763 549 839 frumentaque
575 768 791 824 succrescunt?
820 765 893 832 Ouia
920 782 1022 822 consa·
1079 762 1157 818 nium
1178 763 1254 820 inter
1281 766 1513 840 dispensatorem
1542 774 1571 824 ot
1598 771 1836 841 dispensatorem
1865 767 1906 824 sit

205 853 324 928 quentis
339 854 434 928 pisces
458 856 527 913 boni
552 861 582 913 et
606 855 674 912 muli
702 873 811 929 sagena
839 856 891 926 [tt.
909 855 1021 928 sagina]
1078 851 1171 908 multa
1187 853 1481 926 distantiatnondico
1497 859 1532 916 do
1548 857 1634 914 malis
1649 863 1679 914 ct
1693 858 1791 928 bonis,
1804 857 1856 914 scd
1868 857 1905 913 de

201 940 309 998 Christi
325 943 421 1000 atrati
436 945 602 1018 evangelico
617 945 833 1002 continentur?
850 943 952 1000 Citrio
976 947 1023 1015 ty·
1078 940 1150 1013 ipsis
1166 942 1251 999 bonis
1266 943 1316 1015 qui
1330 945 1366 1000 ad
1381 945 1529 1003 dexteram
1551 947 1669 1018 steno?
1698 947 1767 1005 audi
1796 962 1905 1003 conse·

203 1045 240 1102 po
256 1030 398 1100 Ecclesia,
414 1033 445 1090 in
460 1049 528 1090 arca
542 1035 611 1099 Noe,
628 1035 743 1091 diverse
754 1033 902 1102 animalia,
928 1038 1022 1104 cipro
1079 1032 1199 1102 quentia
1211 1050 1217 1087 :
1228 1034 1351 1100 Nescitis,
1362 1038 1492 1106 quoniam
1502 1039 1550 1108 qui
1560 1039 1591 1092 in
1614 1037 1762 1106 sacrificiis
1777 1051 1905 1108 operan-

205 1118 346 1190 qualitate
358 1121 672 1190 meritorum,diversas
686 1120 1024 1179 suutmunsioneslssur
1078 1121 1509 1190 tundcsocrificiisoomcdunt:
1539 1127 1588 1196 qui
1616 1127 1717 1181 altario
1731 1124 1903 1190 deserviunt,

203 1207 297 1264 estitit
312 1209 414 1282 regina
424 1227 441 1266 a
451 1210 560 1268 dextris
570 1211 686 1268 Domini
705 1213 756 1278 [tt.
773 1212 843 1281 tuis]
858 1209 887 1265 in
916 1209 1022 1266 vestitu
1077 1208 1110 1262 de
1122 1209 1222 1264 altorio
1227 1212 1450 1283 participantur?
1464 1212 1509 1269 Sic
1523 1216 1548 1268 el
1563 1215 1694 1270 Dominus
1707 1213 1841 1286 disposuit
1848 1214 1902 1279 luis,

201 1295 350 1366 deaurato,
367 1297 720 1358 circumdatavarietatei
736 1297 1018 1372 Curiosephinlor-
1077 1299 1317 1370 quilivanqelium
1346 1305 1527 1368 annuntiant,
1552 1301 1586 1358 de
1608 1304 1758 1374 Euanqelio
1787 1304 1902 1358 vivere:

201 1399 249 1440 ma
263 1384 370 1443 Christi
391 1387 501 1444 variam
517 1389 620 1445 habuit
637 1389 801 1446 tunicum?
830 1387 1020 1460 CurAposto-
1077 1401 1125 1454 eqo
1139 1394 1293 1444 autemnon
1308 1389 1409 1444 abatur
1421 1391 1519 1446 iorum
1530 1391 1633 1461 aliquo.
1649 1392 1708 1447 Non
1723 1392 1823 1463 scripsi
1850 1409 1901 1448 au-

200 1470 249 1528 lus
268 1472 641 1546 loquitursdliomenos:
666 1479 816 1551 Unicuique
833 1479 903 1534 sicvt
930 1474 1021 1530 Dous¹
1077 1481 1130 1528 tom
1146 1474 1506 1548 inautstcponstnne.
1523 1480 1625 1536 Melius
1658 1483 1696 1535 est
1723 1496 1801 1535 enum
1827 1483 1904 1537 mitt

199 1561 294 1620 diuisit
305 1580 465 1620 mensuram
478 1565 569 1637 fidoi?
591 1567 756 1624 sicutenim
775 1569 805 1622 ia
826 1583 880 1622 uno
909 1581 1022 1638 corpore
1076 1565 1148 1618 mori
1161 1567 1422 1636 quomutqloriam
1435 1583 1525 1623 nicam
1538 1570 1601 1639 quis
1615 1579 1737 1624 evacuet.
1765 1568 1798 1624 Si
1825 1571 1904 1626 enirn

199 1653 287 1708 multu
301 1653 578 1726 membroliabemus,
594 1657 791 1713 omniavutem
818 1655 939 1712 membro
966 1671 1021 1711 non
1076 1654 1312 1721 evonqelinavero,
1327 1671 1381 1710 nora
1396 1657 1519 1712 estmilii
1532 1657 1623 1726 qlorio
1640 1675 1647 1713 :
1663 1659 1899 1731 necmsitasquip-

201 1741 326 1798 enimdem
340 1746 432 1799 actum
443 1743 542 1800 inient
558 1762 565 1800 ε
583 1747 623 1801 ito
637 1747 720 1800 multi
743 1762 829 1800 unam
852 1761 947 1817 corpus
974 1760 1020 1799 su·
1037 1758 1108 1844 Bpe
1121 1742 1192 1798 milvi
1200 1744 1340 1800 incumbit.
1358 1746 1401 1801 Vae
1411 1747 1485 1800 onim
1498 1747 1570 1801 mitt
1583 1754 1632 1814 ost,
1648 1748 1674 1801 si
1687 1762 1744 1803 non
1760 1746 1812 1817 [tt.
1828 1747 1899 1820 nisi]

199 1846 262 1886 mas
278 1832 308 1886 iu
324 1832 440 1899 Christo,
454 1834 560 1906 sinquli
581 1843 673 1890 autem
700 1833 774 1889 aiter
799 1834 914 1889 alterius
937 1849 1022 1888 mom·
1077 1832 1304 1902 crtanqeliavvero.
1318 1833 1386 1888 Uum
1399 1835 1424 1889 si
1437 1833 1575 1892 voluntate
1585 1835 1635 1891 hoc
1649 1851 1701 1912 qqo
1718 1835 1771 1905 [At.
1786 1836 1900 1907 [mmet

200 1918 261 1984 ira.
278 1921 410 1978 Ueientes
424 1925 516 1978 nutem
529 1923 689 1980 donationes
714 1923 863 1979 securidum
891 1922 1021 1993 qratiam,
1075 1919 1226 1975 macetum
1267 1919 1360 1977 tabeo.
1402 1923 1435 1978 Si
1476 1927 1569 1978 autera
1597 1923 1703 1990 nolens,
1730 1922 1902 1995 dispensatio

201 2023 262 2080 quse
297 2009 362 2066 data
389 2013 427 2068 est
455 2011 737 2084 uoltis,'diil'erentes,
765 2014 821 2067 sive
850 2010 1023 2083 prophetiam
1076 2009 1146 2063 vuiti
1160 2009 1265 2064 credito
1293 2017 1340 2066 est.
1372 2012 1440 2079 Quae
1463 2016 1502 2066 est
1529 2027 1594 2083 erqo
1621 2028 1723 2068 nsarces
1751 2017 1840 2068 meo?
1868 2014 1903 2070 Ut

199 2099 353 2156 semmam
368 2116 529 2157 mensuram
543 2101 619 2173 fidei,
634 2102 889 2158 siricininisterium
912 2101 942 2155 in
967 2101 1022 2155 mi·
1075 2098 1566 2172 euanqelmanswlsinesumptu,
1595 2117 1698 2172 ponam
1713 2102 1901 2172 Euanqelium

206 2190 359 2260 nistrondo,
374 2191 432 2246 sive
444 2192 493 2262 qvi
507 2191 580 2248 docel
593 2193 623 2247 ia
638 2191 770 2258 doctrina,
785 2191 833 2261 qui
859 2189 1022 2246 cutortotur
1078 2187 1183 2243 Christi
1195 2205 1205 2250 ,·
1221 2196 1250 2244 ut
1265 2204 1318 2243 non
1333 2189 1435 2244 abutar
1445 2192 1585 2260 potestate,
1601 2207 1661 2262 quae
1676 2189 1745 2247 datu
1759 2197 1799 2246 est
1825 2189 1902 2247 milti

199 2281 230 2335 in
246 2279 425 2348 exhortando,
441 2282 490 2352 qui
502 2280 600 2336 tribuit
616 2283 645 2335 in
660 2281 847 2353 simplicitate,
864 2281 912 2350 qui
925 2281 1022 2350 praeest
1076 2277 1106 2330 in
1133 2277 1289 2348 Etuanqelio.
1307 2278 1374 2332 Cum
1402 2280 1476 2334 enim
1501 2295 1586 2334 essem
1615 2279 1687 2334 liber
1712 2295 1748 2335 en
1769 2281 1901 2335 omnibus

202 2369 449 2438 insollicitudine,
461 2373 490 2427 et
503 2369 615 2442 reliqua
630 2371 715 2440 (Rom.
727 2368 913 2442 x11,3seqq.).
943 2367 976 2422 Ut
991 2367 1021 2422 in
1075 2366 1199 2420 omnium
1225 2367 1278 2437 [tt.
1307 2367 1443 2438 omnibus]
1469 2383 1513 2422 me
1539 2383 1648 2422 seruum
1676 2369 1787 2438 serim
1805 2368 1901 2440 plures

204 2458 263 2515 elio
279 2459 341 2516 loco
354 2478 360 2516 :
373 2458 460 2515 Alius
470 2459 578 2531 judicat
592 2460 664 2516 diem
676 2458 742 2532 ptus
757 2475 839 2532 quom
853 2459 937 2526 dien,
949 2457 1021 2513 alius
1074 2455 1269 2528 lucrifacerem
1289 2456 1311 2527 (l
1335 2456 1394 2512 Cor.
1413 2473 1451 2526 nr,
1468 2456 1513 2512 t3.
1527 2457 1624 2529 seqq).
1641 2456 1782 2529 Nunquid
1810 2461 1896 2530 potes

195 2546 305 2620 judicat
337 2564 445 2604 munem
472 2547 554 2604 diem.
592 2550 779 2620 Unusquisque
805 2549 836 2603 in
864 2563 912 2603 suo
941 2562 1022 2602 sensu
1075 2544 1170 2600 dicere
1186 2561 1305 2617 peccare
1333 2561 1392 2612 eos,
1423 2545 1473 2617 qui
1515 2545 1616 2601 vivunt
1654 2546 1690 2601 de
1726 2545 1893 2619 Evangelio,

196 2635 540 2708 abundetiliorn.x1v,5).
557 2638 642 2693 esau
659 2636 916 2707 Corinthios:qu
937 2636 1020 2706 plon—
1075 2633 1168 2705 etqui
1185 2633 1388 2690 desacrificiis
1411 2633 1649 2705 participantur?
1679 2634 1783 2706 Utique
1812 2649 1899 2691 non:

195 2728 264 2795 tovi,
292 2726 370 2783 86⁰
391 2725 486 2799 Apollo
520 2725 632 2796 riqovit,
661 2726 707 2780 sed
729 2726 799 2780 Deus
822 2726 1021 2781 incrementum
1075 2719 1309 2777 Dominusenim
1326 2720 1482 2793 disposuit,
1499 2719 1599 2792 utqui
1628 2719 1899 2792 predicantlivsn·

196 2815 279 2872 dedit.
294 2815 389 2886 ltaque
411 2829 498 2885 neqve
520 2815 568 2886 qui
588 2811 700 2886 plantat
726 2820 765 2868 est
793 2812 910 2883 aliquid,
933 2828 1021 2884 neque
1074 2808 1194 2881 galium,
1211 2809 1246 2864 de
1261 2808 1416 2882 Evangelio
1430 2808 1547 2878 vivunt;
1563 2808 1721 2882 Apostolus
1732 2812 1830 2865 eutem
1842 2811 1898 2882 qui

198 2906 247 2979 qui
284 2906 371 2974 riqol,
400 2903 447 2959 sed
474 2904 522 2975 qui
550 2904 747 2958 incrementum
775 2901 822 2957 dal
856 2903 936 2957 Deus.
967 2902 1021 2970 Qut
1076 2897 1897 2968 nonabutiturhacliceutia,sedlaborstmauibussuis,

198 2997 306 3070 plantat
319 3003 345 3052 et
369 2993 512 3067 quir-iqui,
541 3007 629 3047 unum
656 2994 729 3047 sunt.
759 2993 945 3064 Unusquisque
971 3008 1021 3047 ou·
1074 3002 1207 3058 nequem
1218 2991 1326 3059 gravet,
1339 2991 1367 3043 et
1378 2987 1424 3045 die
1434 3003 1467 3043 aa
1477 2991 1561 3044 nocte
1572 2991 1719 3061 operatur,
1741 2991 1770 3042 el
1791 2987 1898 3044 minis-

200 3107 254 3156 qem
277 3086 419 3162 proprium
441 3080 593 3137 mercedem
623 3081 736 3154 accipiet
762 3081 911 3136 secundum
938 3097 1019 3137 suum
1075 3075 1357 3148 truthisquisaoum
1375 3077 1568 3149 sunt‚utique
1593 3076 1657 3134 ideo
1682 3075 1736 3132 hoc
1762 3074 1840 3144 iacit,
1862 3081 1898 3132 ut

75 3211 84 3220 ·
195 3186 327 3243 lotorem.
344 3180 393 3236 Dei
402 3177 476 3233 enim
490 3188 585 3230 sumus
599 3170 746 3242 adjutores.
761 3171 827 3227 Dei,
842 3170 1017 3239 aqrioultura
1035 3145 1056 3212 C
1076 3163 1298 3238 pluslaborans,
1311 3164 1495 3238 plusaliquid
1507 3164 1649 3222 mercedis
1664 3163 1797 3236 accipiat.

193 3267 501 3345 estis,Deisedificatio
520 3263 609 3320 estis²
637 3260 828 3333 (lCor.111,6
854 3261 950 3330 seqq).
980 3262 1018 3314 Et
1105 3256 1318 3310 meorumue
1337 3255 1374 3310 ad
1403 3254 1526 3327 reliqua.
1558 3253 1709 3310 Diuisiones
1736 3253 1899 3323 qratiarum

194 3378 315 3423 rursum
330 3358 400 3418 alibi
418 3373 424 3412 :
439 3352 594 3414 Secundum
606 3351 729 3422 qratiam
745 3351 801 3416 Dei,
817 3363 880 3420 que
894 3349 958 3403 doto
977 3357 1017 3404 est
1070 3348 1143 3412 sunt,
1155 3343 1226 3399 idem
1240 3347 1332 3400 autem
1347 3343 1477 3415 Spiritus.
1494 3345 1527 3398 et
1540 3343 1710 3398 diversiones
1723 3343 1898 3400 ministerio·

193 3454 275 3520 mitt,
302 3453 333 3506 ut
360 3447 468 3520 sapiens
493 3442 656 3498 architectus
684 3437 899 3511 tundamentum
924 3439 1015 3510 posui,
1070 3441 1215 3498 rumsunt,
1229 3432 1300 3488 idem
1314 3436 1406 3487 autem
1418 3432 1561 3488 Dominus.
1578 3432 1611 3486 Ut
1624 3430 1772 3487 divisiones
1797 3446 1897 3503 opero·

193 3545 267 3601 alius
281 3545 375 3597 autem
396 3531 607 3609 superaedificat.
619 3527 840 3584 Fundamentum
854 3528 928 3583 enim
937 3527 1016 3583 aliud
1071 3523 1178 3578 tionum
1202 3522 1256 3592 [tt.
1285 3521 1463 3592 operationis]
1489 3527 1561 3588 sunt,
1592 3519 1664 3576 idem
1689 3523 1782 3576 autem
1807 3520 1893 3588 Deus,

193 3647 273 3690 nano
288 3632 376 3704 potest
389 3641 500 3699 ponere,
513 3616 825 3694 praeterquomidquod
838 3617 1013 3688 positumest,
1070 3614 1119 3682 qui
1133 3611 1371 3684 operaturomnia
1391 3613 1419 3665 in
1448 3610 1584 3666 omnibus.
1617 3609 1767 3681 Unicuique
1795 3611 1892 3664 autern

193 3721 263 3794 quod
275 3726 314 3776 est
328 3717 453 3774 strutus
467 3715 552 3770 iesus.
569 3709 674 3780 Siquis
698 3714 789 3762 autem
814 3705 1016 3774 superaedificat
1070 3701 1133 3757 dato
1148 3710 1188 3757 est
1199 3701 1338 3774 adapertio
1352 3701 1363 3734 ⁴
1377 3699 1497 3772 Spiritus
1511 3700 1597 3770 jueta
1623 3699 1652 3753 tu
1681 3699 1756 3770 quod
1783 3698 1896 3770 expedit

193 3826 276 3882 super
289 3806 501 3880 [undamentum
515 3802 573 3867 too,
603 3813 714 3863 aarum,
729 3800 886 3866 arquatum,
911 3795 1016 3866 lapides
1070 3791 1095 3860 (l
1123 3794 1186 3848 Cor.
1215 3807 1265 3846 xri.
1295 3790 1311 3844 i
1339 3789 1434 3862 seqq).
1462 3789 1496 3844 Et
1526 3788 1656 3844 iterum:
1688 3787 1764 3844 Sicut
1791 3803 1892 3860 corpus

191 3898 333 3969 pretiosos,
366 3895 454 3962 liqna,
482 3889 591 3965 senum,
617 3886 773 3958 stipulam:
802 3885 1016 3955 uniuscujusque
1070 3897 1156 3936 unum
1179 3887 1227 3948 est,
1251 3883 1276 3935 cl
1303 3878 1427 3934 membro
1464 3879 1545 3948 plura
1587 3877 1686 3932 itabat:
1717 3878 1812 3932 omnia
1842 3894 1894 3932 au·

193 3980 428 4058 ppusapparelit.
442 3979 592 4036 Diesenim
620 3976 730 4032 Domini
757 3973 826 4029 illud
854 3975 1015 4044 manifesto·
1069 3977 1123 4025 tom
1137 3969 1258 4024 membra
1270 3969 1392 4040 corporis
1406 3983 1468 4022 cum
1479 3968 1536 4022 sint
1558 3966 1656 4033 multo,
1686 3983 1771 4022 tinum
1794 3981 1895 4038 corpus

194 4071 461 4144 bit³,qvoaiamin
490 4069 554 4137 iqne
579 4065 755 4130 revelabitur,
787 4067 812 4118 et
843 4063 1016 4132 sinqulorum
1070 4055 1460 4126 est;sioetdltristus(llrid.
1488 4056 1542 4128 12).
1559 4058 1667 4112 Verum
1684 4071 1720 4111 ue
1749 4053 1831 4112 dices
1859 4053 1892 4110 in

192 4179 259 4236 opus
273 4161 354 4234 quale
367 4161 414 4230 sit,
438 4158 511 4230 iqnis
532 4155 668 4228 protulit.
695 4153 725 4209 Si
736 4154 813 4222 cuius
841 4167 906 4223 opus
933 4167 1014 4205 man·
1071 4163 1128 4202 uno
1144 4161 1263 4218 corpore
1278 4143 1393 4200 diversa
1407 4145 1540 4200 membra
1554 4161 1645 4200 uuum
1672 4144 1780 4200 hebere
1802 4143 1893 4200 mori-

192 4255 269 4322 serit,
298 4250 369 4326 qvod
396 4245 634 4322 superaedificavit,
660 4241 811 4297 mercedem
832 4240 955 4310 accipiet,
986 4239 1016 4295 st
1071 4243 1143 4304 tum,
1167 4233 1266 4290 statim
1295 4233 1405 4304 graius
1434 4233 1573 4289 describit
1597 4231 1741 4301 Ecclesia,
1772 4235 1801 4288 et
1828 4233 1893 4288 ait:

192 4344 269 4418 cujus
282 4357 349 4414 opus
365 4340 475 4407 arserit,
505 4335 698 4392 detrimentum
721 4331 849 4401 potietur.
878 4329 937 4399 lpse
964 4343 1014 4382 ou·
1071 4322 1208 4392 erosdam
1228 4321 1337 4393 quidem
1362 4324 1454 4393 posuit
1470 4322 1536 4378 Deus
1552 4325 1581 4376 in
1610 4323 1744 4388 Ecclesia,
1771 4323 1896 4394 primum

193 4442 248 4487 tem
266 4429 359 4485 solvus
378 4431 442 4496 erit,
465 4427 506 4480 sic
521 4432 612 4479 tonna
642 4420 721 4490 quusi
746 4433 796 4488 por
822 4417 915 4486 iqnem
933 4415 1013 4486 (ibid.
1069 4413 1211 4484 apostolos,
1226 4409 1343 4466 secvndo
1357 4410 1509 4482 prophetas,
1537 4411 1618 4467 tertio
1647 4411 1780 4476 doctores,
1796 4409 1896 4466 minda

194 4519 228 4574 10
236 4518 332 4589 seqq).
349 4515 380 4571 Si
395 4514 421 4571 is
439 4514 525 4584 cujus
540 4526 614 4583 opus
624 4505 706 4574 arsit,
723 4509 752 4562 et
767 4503 860 4577 periit,
877 4509 906 4559 ct
930 4503 1013 4558 dam·
1032 4503 1182 4580 [qvirtutas
1195 4501 1215 4567 ⁵,
1229 4507 1254 4555 et
1265 4501 1371 4569 quotins
1385 4501 1571 4566 curationum,
1601 4499 1808 4571 opitulationes,
1838 4515 1894 4570 qu-

194 4621 267 4664 uum
282 4603 427 4660 sustinuit
442 4600 552 4658 laboris
568 4596 624 4664 sui,
640 4596 741 4669 perdet
756 4593 872 4666 quidem
905 4591 1015 4648 laboris
1069 4591 1251 4653 tornationes,
1289 4604 1387 4660 qenera
1419 4589 1589 4658 linquarum.
1626 4587 1757 4660 Nunquid
1798 4603 1896 4644 ornnes

197 4696 248 4763 [tt.
265 4691 373 4768 operis]
399 4686 632 4763 premiumsed
661 4684 726 4758 ipse
755 4682 926 4752 salvabitur,
956 4699 1014 4739 noa
1068 4677 1772 4752 apostolitaunquidomnesproplietu‘tuunquid
1799 4692 1896 4733 omnes

193 4791 292 4842 tamen
308 4782 420 4855 absque
436 4778 604 4854 probatione
618 4774 695 4850 ignis
712 4791 718 4829 :
735 4772 837 4847 ergois
848 4775 1014 4845 cujusopus
1068 4768 1188 4825 decimes
1207 4767 1333 4840 nunquid
1355 4781 1448 4823 omnes
1476 4767 1617 4822 virtutes?
1643 4764 1772 4836 nunquid
1798 4778 1895 4821 ornnes

194 4874 347 4940 manserit,
362 4870 441 4944 quod
457 4864 710 4940 superedificavit,
733 4863 796 4920 sine
811 4862 889 4935 ignis
910 4863 1013 4934 proba·
1067 4857 1191 4929 qratiam
1206 4855 1307 4912 tabent
1321 4856 1496 4911 curationum
1510 4853 1659 4926 tnunquid
1671 4870 1762 4911 omnes
1788 4854 1894 4926 linquis

192 4963 271 5019 tione
279 4961 449 5027 salvabitur,
457 4963 486 5016 ct
496 4958 574 5014 iuter
584 4954 775 5012 salvationem
787 4957 816 5008 et
825 4951 1014 5008 salvationem
1069 4945 1241 5019 loquuntur?
1256 4944 1382 5018 nunquid
1395 4958 1487 5001 omnes
1510 4945 1744 5016 interpretantur?
1771 4943 1897 4998 AEmulo-

194 5051 296 5122 utique
310 5051 366 5107 crit
383 5047 539 5107 diversitas
554 5044 663 5119 aliqua.
678 5043 795 5098 Necnon
810 5041 839 5096 in
851 5039 908 5096 alio
925 5038 988 5095 loco
1005 5055 1012 5092 :
1067 5038 1139 5093 mini
1152 5045 1244 5092 autem
1263 5035 1336 5090 dono
1362 5032 1480 5104 majora,
1495 5043 1520 5089 ct
1548 5032 1637 5089 adhuc
1665 5031 1894 5090 eccellentiorem

229 5244 237 5278 ¹
253 5248 315 5300 Duo
331 5259 415 5311 mss,
431 5246 582 5301 secundum
597 5242 667 5315 quod
682 5245 752 5298 Deus
766 5239 869 5296 divisit.
1068 5237 1175 5294 arserit.
1409 5303 1414 5314 Ι

229 5314 345 5372 ’Iidem
362 5315 704 5387 mss.,Deioqrioulturo,
725 5312 775 5367 Dei
801 5311 947 5382 edificatio
976 5326 1013 5364 es·
1103 5299 1647 5374 ‘Anteaeraloperatuacontramss.
1665 5313 1779 5368 omnes,
1797 5303 1829 5356 ut
1850 5313 1895 5356 re-

193 5387 383 5454 tis:etmox,
400 5383 869 5466 mitiquasisopiensurcltitcotus.
966 5454 1003 5465 ..
1067 5377 1387 5466 posqimus‚adupertio
1404 5391 1410 5441 ;
1428 5373 1630 5457 Uraecoetism
1657 5375 1769 5430 lavante
1798 5375 1893 5439 textu,

228 5459 239 5492 ³
254 5457 355 5525 lidem,
372 5456 431 5513 dies
446 5456 526 5538 iliud,
539 5455 741 5526 manifestabit.
767 5454 877 5527 absquo
892 5452 1012 5534 Dotatae,
1088 5467 1228 5530 auspicia.
1245 5449 1308 5500 Mox
1321 5454 1391 5500 sistit
1405 5461 1479 5500 enim
1494 5461 1592 5517 corpus
1607 5462 1695 5501 unum
1707 5453 1757 5514 est,
1772 5449 1798 5500 el
1810 5459 1896 5500 metn-

194 5531 501 5604 quosluomeunequc
520 5527 661 5610 tnGraeco
691 5525 824 5608 habetur.
849 5525 1014 5590 Detude‚ut
1067 5469 1356 5648 Xraqltrrtmniabet.
1481 5587 1485 5598 ι
1659 5590 1664 5604 ¹

191 5603 366 5682 stupuiorum
391 5615 468 5680 opus,
485 5603 540 5659 ota.
564 5597 705 5674 Denique,
721 5609 800 5670 capu
825 5601 918 5656 autem
945 5613 1013 5672 opus
1101 5593 1112 5628 ⁸
1150 5589 1211 5648 also
1226 5592 1311 5646 untes
1339 5585 1538 5660 erat,dentqve
1552 5603 1603 5662 pro
1618 5587 1726 5648 dream.
