4056 6170
85 332 188 397 ‘ilbi
612 335 925 404 COMMENTARIUS
948 341 985 402 ΙΝ
1007 339 1306 406 EGCLESIAS'I'EN.
1729 343 1808 406 1158

105 485 165 524 οοο
178 483 304 541 granum
320 469 453 534 seminis,
474 473 525 528 sed
541 472 638 546 ipsum
654 489 759 546 penem
787 473 867 544 serit,
889 473 930 530 fe·
944 482 972 549 Α
986 491 1065 530 ream
1078 475 1213 532 :ibicum
1228 479 1365 533 mortuus
1376 475 1475 544 tueris,
1492 477 1806 548 permanebiselliter:

104 559 319 631 norequodam
333 559 608 633 multiplicationem
630 561 708 618 illius
736 560 928 635 prestolans:
987 562 1140 634 Propterea
1167 582 1257 638 supra
1286 564 1431 621 diximus:
1451 585 1464 615 ο
1487 565 1568 620 Mitte
1592 583 1698 638 penem
1723 571 1808 624 tuum

102 651 132 703 et
148 663 216 702 eum
232 648 294 704 dies
305 649 408 719 judicii
424 651 582 717 advenerit,
598 651 691 707 multo
702 650 829 723 amplius
840 667 928 724 quum
984 668 1073 723 super
1087 653 1189 708 faciem
1205 671 1298 725 uque,
1316 658 1344 708 et
1366 652 1446 708 omni
1472 655 1580 725 petenti
1604 658 1633 708 te
1659 656 1776 724 tribue;
1793 678 1807 706 »

102 735 227 791 dederat
255 739 513 810 recepturus¹idt
540 741 730 811 reperturnsl.
760 740 870 795 Aliter:
896 740 928 794 ln
984 740 1095 810 quiert
1119 743 1212 796 nubes
1239 760 1304 796 erun
1334 741 1426 812 plene
1453 743 1570 810 tuerint,
1597 741 1713 798 divitias
1737 761 1808 800 suus

102 825 510 896 quoeunquehomincillarn
535 843 643 899 aquam
667 827 785 892 viderie,
812 829 847 883 de
871 845 930 899 qua
985 828 1157 885 mortalibus
1173 830 1348 902 largiuntur,
1364 836 1393 886 et
1412 835 1442 886 tu
1471 829 1555 900 quusi
1581 829 1706 901 liguum,
1730 832 1806 888 181

101 911 230 968 dicitur:
246 913 373 969 Flumina
387 913 420 970 de
444 918 537 970 oeatre
564 915 623 987 ejus
655 917 740 985 demet
764 932 840 987 oqoae
858 920 929 972 virae
984 919 1118 986 quamvis
1133 917 1279 991 longaevus
1294 919 1344 986 sis,
1362 935 1419 974 non
1431 917 1489 974 eris
1504 919 1534 973 in
1558 924 1742 991 perpetuum,
1758 921 1809 976 sed

102 1001 193 1072 (loen.
204 1018 256 1069 vu,
276 1001 331 1073 38),
345 1019 379 1058 ne
391 1005 419 1058 to
434 1003 532 1075 pigent
551 1020 656 1076 ponem
690 1004 849 1075 sapientie,
875 1021 927 1075 pa·
983 1005 1081 1061 subito
1097 1012 1127 1061 ut
1142 1012 1295 1064 ventorum
1310 1009 1329 1074 Β,
1356 1007 1397 1062 ita
1413 1007 1517 1062 mortis
1541 1011 1714 1078 tempestate
1738 1011 1808 1066 sub·

101 1103 173 1144 nem
194 1089 410 1158 rationabilem,
431 1097 686 1164 panemprresture
710 1093 864 1148 sermonis.
898 1092 928 1148 Si
983 1109 1096 1157 versus,
1122 1095 1291 1167 ubicunque
1320 1094 1472 1162 cecideris,
1503 1095 1542 1150 ibi
1558 1096 1670 1167 jugiter
1693 1113 1810 1170 perma-

102 1177 183 1231 enim
213 1176 267 1234 hoo
288 1177 455 1250 frequenter
484 1179 593 1247 leceris,
624 1181 705 1238 481)
733 1180 862 1235 invenies
901 1184 928 1236 te
984 1182 1077 1248 nobis,
1094 1183 1153 1239 siva
1168 1187 1196 1238 te
1212 1183 1339 1256 rigidum
1358 1187 1386 1238 et
1401 1187 1525 1252 trucem,
1552 1184 1612 1239 sive
1637 1184 1808 1242 clementem

103 1283 162 1320 non
180 1265 330 1322 ineassum
347 1266 546 1323 doctrinarum
556 1268 661 1338 jecisse
677 1273 847 1324 sementem.
859 1267 928 1323 Tele
984 1274 1012 1324 et
1022 1269 1249 1341 misericordem,
1261 1272 1397 1326 ultimum
1411 1271 1685 1343 invenerittcmpus.
1697 1272 1808 1328 Aliter:

102 1353 176 1425 quid
191 1358 221 1409 et
234 1354 263 1408 in
280 1355 357 1410 lsaia
371 1355 481 1411 dietum
510 1359 600 1427 puto:
619 1361 718 1412 Beatos
745 1359 792 1427 qui
810 1359 928 1412 seminat
983 1356 1094 1412 Dicitur
1107 1358 1136 1412 in
1153 1359 1280 1414 Psalmis
1294 1361 1330 1414 ad
1345 1365 1455 1415 iterim:
1484 1360 1588 1415 Veritus
1611 1369 1658 1416 tua
1676 1362 1811 1432 usquead

100 1459 188 1513 super
205 1459 316 1514 aquam,
333 1444 381 1498 ubi
393 1445 438 1498 bos
452 1453 478 1500 et
502 1446 598 1500 asinos
622 1446 729 1500 calcent
744 1445 811 1515 (tro.
836 1461 927 1512 xxxn,
982 1446 1067 1500 creber
1091 1447 1176 1518 (Prot.
1203 1465 1288 1516 xxxv,
1303 1451 1331 1515 e)
1346 1467 1352 1514 ;
1368 1453 1397 1501 et
1411 1447 1440 1502 in
1472 1448 1556 1509 isaia,
1579 1449 1707 1519 peccanti
1732 1449 1811 1506 Deus

100 1533 161 1601 20).
177 1531 256 1596 Quod
274 1529 323 1586 ills
338 1533 478 1602 magister
491 1532 670 1588 beatitudine
685 1533 794 1604 dignus
821 1532 927 1587 babea-
982 1533 1072 1588 viuere
1096 1535 1308 1590 comminatur:
1340 1536 1475 1592 pronitate
1503 1536 1632 1603 aubibus,
1656 1553 1690 1593 ne
1710 1537 1811 1609 piuant

105 1624 167 1686 tur,
183 1619 229 1690 qui
241 1620 927 1692 superirriguumpeetussemioetaudientium,
983 1638 1138 1692 supeream
1166 1624 1282 1678 irnlrrem
1300 1625 1353 1694 (tro
1378 1641 1404 1694 v,
1426 1625 1463 1690 e).
1494 1623 1593 1678 Nubes
1621 1623 1711 1695 igitur
1740 1631 1809 1681 sunt

105 1714 168 1762 tam
184 1723 216 1762 ex
229 1707 347 1776 Judaris,
365 1723 453 1779 quam
473 1726 505 1765 es
530 1708 661 1780 gentium
686 1708 793 1780 populo
809 1724 928 1780 congre·
984 1709 1142 1781 prophetae,
1159 1715 1188 1765 et
1204 1711 1300 1766 nuruis
1315 1712 1359 1766 vir
1387 1716 1520 1776 sanetus,
1544 1711 1595 1783 qui
1614 1728 1681 1768 curn
1709 1712 1809 1784 plures

104 1802 208 1869 gutum
222 1797 241 1849 ².
944 1846 967 1910 B
984 1798 1013 1851 in
1030 1799 1115 1853 corde
1134 1815 1187 1854 suo
1202 1800 1421 1872 congregaverit
1435 1799 1617 1871 disciplinas,
1637 1804 1708 1857 tunc
1735 1800 1812 1858 rale-

141 1909 154 1934 «
173 1885 215 1939 Da
243 1889 355 1956 partem
385 1884 437 1955 ptr.
461 1885 568 1958 partes]
593 1887 717 1956 septem,
747 1889 775 1940 et
807 1884 926 1957 quidem
984 1885 1025 1940 bit
1041 1891 1184 1958 precepto
1199 1885 1300 1959 pluere
1329 1887 1528 1944 doctrinarum
1560 1893 1589 1943 et
1616 1887 1731 1945 dicere:
1759 1891 1813 1946 Ex-

101 1977 185 2030 ccto:
206 1973 275 2045 quio
295 1989 352 2028 non
368 1973 426 2028 seis
440 1973 510 2045 quid
528 1974 657 2029 lutururn
668 1973 706 2029 sit
719 1973 830 2028 malum
841 1991 929 2046 super
982 1979 1118 2044 spectetur
1132 1977 1203 2030 sicut
1216 1975 1313 2046 pluuia
1331 1993 1422 2031 serino
1434 1979 1521 2042 meos,
1533 1985 1559 2032 et
1572 1977 1713 2048 effundent
1733 1994 1814 2049 cuper

102 2067 253 2117 terrum.»
271 2060 347 2115 Elin
377 2060 525 2116 Ezecbiele
549 2064 660 2133 septem
677 2065 706 2116 et
726 2065 791 2116 octe
819 2061 928 2133 grsdus
983 2069 1085 2118 terram
1101 2064 1218 2119 imbrem
1234 2063 1320 2134 (beer.
1337 2081 1426 2130 xenii,
1450 2065 1493 2134 2):
1519 2065 1555 2120 sd
1581 2081 1670 2136 quem
1700 2065 1811 2122 dictum

103 2150 141 2204 ad
156 2147 258 2220 templi
272 2147 409 2221 leguntur
424 2163 578 2204 ascensum
594 2148 701 2216 (lieret.
726 2166 772 2214 οι,
800 2150 846 2214 26,
873 2148 927 2219 at).
983 2153 1045 2205 ost:
1063 2150 1162 2206 Audict
1175 2157 1250 2206 terra
1264 2151 1346 2206 uerte
1367 2153 1423 2206 oris
1448 2154 1513 2208 mei.
1538 2153 1620 2218 Quod
1641 2156 1741 2208 eutem
1767 2169 1811 2209 se·

102 2239 140 2293 Et
156 2243 222 2309 post
236 2237 365 2293 ethicum
382 2235 465 2292 illum
483 2236 643 2308 psalmum,
672 2236 701 2291 id
729 2241 783 2301 est,
804 2235 929 2292 centesi·
983 2239 1103 2310 quitur:
1121 2242 1129 2274 ¹
1146 2240 1218 2294 etsi
1234 2239 1372 2296 ceciderit
1400 2239 1513 2310 lignum
1538 2241 1574 2294 ad
1589 2244 1734 2308 austrum,
1762 2245 1813 2296 aut

104 2343 190 2382 mum
205 2331 338 2381 octavum
352 2326 499 2382 decimum
514 2325 682 2396 quindecim
697 2324 930 2397 graduumpsal-
984 2327 1018 2380 ad
1035 2325 1222 2397 aquilonem:
1240 2325 1269 2381 in
1285 2325 1381 2382 locum
1397 2327 1447 2382 ubi
1462 2325 1600 2382 ceciderit
1614 2325 1738 2400 lignum,
1769 2328 1810 2382 ibi

104 2417 146 2471 mi
168 2421 248 2486 sunt,
265 2414 544 2486 perquosprirnum
562 2413 714 2469 erudimur
741 2412 771 2468 in
799 2413 873 2485 lege,
901 2418 930 2470 et
984 2413 1082 2480 erit;»
1099 2413 1172 2469 illud
1187 2415 1223 2469 de
1247 2415 1380 2469 llubaeuc
1408 2429 1564 2470 sumemus
1586 2415 1763 2487 exemplum,
1781 2416 1811 2472 in

104 2503 273 2576 septenario
289 2518 411 2557 numero
425 2501 548 2575 explete,
566 2507 666 2573 postca
692 2518 744 2574 per
767 2502 928 2574 ogdoadem
983 2517 1041 2573 quo
1057 2500 1213 2557 scribitur:
1232 2503 1300 2558 Deos
1314 2503 1349 2557 rie
1369 2502 1486 2558 Thema-n
1521 2505 1611 2558 vener
1626 2503 1743 2575 (Hebae.
1768 2521 1809 2570 ru,

105 2589 542 2663 adllvungeliurnseundimus.
573 2589 742 2663 Precipitur
760 2607 828 2662 ergo
844 2593 876 2645 ut
899 2590 929 2645 in
984 2589 1022 2662 ³),
1039 2591 1118 2661 quod
1133 2589 1182 2645 alii
1198 2590 1372 2663 interpretes
1385 2591 1549 2663 ediderunt,
1568 2593 1637 2648 Deus
1655 2593 1689 2649 ab
1717 2592 1812 2648 oestro

104 2685 266 2752 utrumque
285 2679 527 2744 instrumentum,
542 2683 602 2734 tum
619 2683 701 2734 vetus
715 2678 826 2735 seilicet
840 2677 942 2750 quam'
984 2680 1072 2733 uertiet
1087 2679 1107 2732 ⁶.
1125 2679 1160 2733 lit
1171 2684 1375 2751 quantumego
1392 2679 1516 2746 estimo,
1533 2696 1649 2753 semper
1664 2682 1693 2736 in
1704 2681 1811 2736 bonnm

106 2785 226 2836 novum,
244 2767 505 2840 parivaneratione
524 2767 688 2823 credemus.
717 2767 811 2822 Judaei
840 2767 929 2822 dede·
984 2769 1094 2838 partem
1112 2771 1211 2822 auster
1222 2767 1372 2838 accipitur.
1390 2766 1471 2822 Unde
1487 2772 1515 2823 ct
1545 2768 1573 2822 in
1602 2768 1721 2824 Cantica
1744 2785 1812 2825 ean-

105 2863 178 2913 runt
193 2862 304 2928 partem
315 2859 438 2928 septem,
454 2855 603 2912 credentes
619 2857 746 2912 Subbeto
758 2857 810 2928 [rt.
822 2855 930 2912 Subba·
984 2855 1109 2910 tieorum
1137 2855 1262 2910 dicitur:
1287 2855 1421 2925 Excerpe,
1446 2856 1542 2926 equile
1565 2857 1656 2926 (Curet.
1682 2873 1720 2926 rv,
1752 2857 1812 2925 16),

102 2945 194 3016 tum],
211 2945 335 3001 sednon
351 2945 582 3012 dederuntoeto,
600 2945 842 3000 resurrectionem
872 2944 929 3000 diei
984 2941 1039 2997 hoe
1050 2948 1105 3007 est,
1121 2943 1224 3010 recede,
1240 2946 1268 2998 et
1282 2943 1338 3010 ebt,
1354 2947 1379 3000 et
1393 2945 1465 3010 oeni,
1483 2947 1588 2999 certer.
1605 2944 1730 3016 tignum
1759 2945 1814 3016 igi-

105 3033 266 3090 Dominieae
281 3033 470 3104 denegantes
487 3033 654 3088 lioontrario
685 3032 823 3100 baeretici,
852 3035 928 3087 Mar·
983 3031 1120 3102 turqued
1138 3031 1167 3086 in
1183 3030 1237 3086 bac
1251 3031 1309 3086 vita
1323 3032 1474 3102 corruerit,
1503 3037 1532 3088 et
1549 3032 1716 3089 conditione
1737 3050 1816 3089 mor·

104 3126 172 3179 cion
187 3121 418 3188 etltuniebaeus,
437 3125 466 3175 et
481 3137 583 3177 omnes
607 3120 657 3191 qui
681 3125 807 3176 veterem
835 3121 930 3194 legem
991 3117 1117 3175 talitatis
1150 3119 1236 3175 fucrit
1264 3121 1402 3191 incisum,
1426 3125 1478 3177 aut
1501 3121 1632 3192 peccavit
1655 3125 1722 3178 aute
1743 3121 1813 3177 dum

102 3214 211 3270 rabido
240 3227 289 3268 ore
317 3209 470 3280 dilaniant,
500 3209 571 3264 dant
598 3213 694 3281 partes
721 3210 773 3280 [dt.
808 3201 1383 3282 partem]Cstaret,etinbornepurte
1412 3212 1513 3280 postea
1539 3209 1654 3282 poeitur
1684 3209 1737 3281 (tt.
1764 3226 1815 3281 po-

104 3306 183 3368 octo,
204 3299 398 3370 suscipientes
427 3297 635 3370 Evangelium;
661 3297 711 3352 sed
737 3298 838 3353 eudem
865 3314 931 3371 sep·
987 3296 1103 3366 netur]:
1121 3300 1172 3351 aut
1192 3296 1216 3351 si
1232 3295 1336 3367 dignos
1361 3305 1458 3351 austro
1484 3297 1598 3352 tructus
1624 3297 1764 3366 attulerit,
1788 3297 1817 3353 in

104 3389 219 3446 terrario
241 3403 363 3443 nurnero
392 3403 449 3441 uon
473 3386 618 3456 tribuunt,
635 3385 728 3457 legem
744 3389 871 3441 voterem
886 3403 931 3442 re·
986 3384 1192 3457 plegejecebit
1221 3383 1352 3440 australi.
1382 3384 1440 3440 Nec
1463 3389 1507 3440 est
1537 3386 1656 3457 aliquod
1684 3383 1813 3459 lignum,

105 3480 247 3551 spuentes
261 3479 281 3532 ³.
298 3475 357 3530 Nos
372 3475 462 3547 igitur
479 3473 593 3546 utrique
607 3473 802 3529 instrumento
831 3475 931 3530 credn-
986 3472 1057 3543 quin
1085 3472 1195 3527 autad
1226 3471 1392 3543 aquilonem
1416 3471 1482 3539 siti,
1507 3475 1618 3529 autad
1659 3479 1807 3542 castrum,

107 3564 340 3626 musNonenim
354 3561 931 3636 possumusdignoseruciatusdignem·
987 3564 1046 3620 Hoc
1062 3562 1138 3615 idern
1155 3560 1311 3631 significat,
1328 3566 1356 3614 et
1371 3558 1442 3614 illud
1457 3561 1535 3630 quod
1553 3562 1757 3631 scriptumest
1781 3563 1812 3618 in

107 3671 175 3726 quse
192 3670 299 3724 penam
311 3655 375 3724 J'am
392 3667 469 3706 nune
486 3656 582 3705 mente
597 3649 852 3721 comprehendere,
869 3667 932 3722 quae
987 3652 1084 3707 lsaia:
1103 3650 1201 3704 ilicem
1217 3648 1352 3718 aquiloni,
1366 3647 1465 3714 adhue,
1488 3651 1514 3702 et
1540 3649 1648 3720 dlrt'eo,
1668 3650 1728 3704 neti
1754 3666 1818 3720 pro.

108 3741 238 3815 reposita
260 3745 305 3797 est
325 3740 371 3796 his
404 3740 454 3811 qui
477 3744 631 3794 versantur
660 3737 799 3794 interra.
824 3739 932 3794 Judaeis

106 3837 198 3904 atquc
214 3829 369 3895 boeretieis,
389 3827 534 3883 eduobus
561 3827 685 3884 ultrrom
711 3828 933 3900 denegantibus.

105 3920 220 3978 llebraei
236 3920 277 3974 ita
291 3918 370 3974 huuc
385 3916 481 3973 locum
498 3916 684 3988 intelligunt:
715 3918 749 3972 Et
777 3919 933 3976 sabbatum

107 4017 136 4066 et
147 4007 403 4065 circumcisionem
428 4015 524 4061 serva:
555 4005 630 4060 nesi
650 4004 705 4060 hoe
728 4004 801 4061 torte
821 4024 877 4064 non
894 4009 934 4064 te-

107 4101 197 4166 ceris,
214 4096 397 4169 inopiuatum
415 4094 465 4151 tibi
482 4094 668 4165 superveniat
687 4094 809 4152 malum.

146 4211 159 4236 u
178 4185 208 4240 Si
225 4184 338 4256 replete
355 4182 463 4239 suerint
485 4183 589 4246 nubes,
618 4182 742 4238 imbrem
767 4200 854 4256 super
878 4187 934 4239 ter·

105 4291 172 4332 ram
183 4273 343 4330 effundent.
358 4272 392 4327 bt
407 4271 432 4328 si
447 4271 584 4327 ceciderit
602 4270 714 4343 lignum
731 4273 765 4327 ed
787 4275 934 4340 oustrum,

104 4369 161 4419 eut
173 4363 209 4418 ad
221 4360 388 4434 aquilonem
403 4377 409 4414 :
426 4360 456 4414 in
472 4358 568 4415 locum
582 4360 593 4393 ⁴
608 4359 658 4414 ubi
673 4359 808 4415 ceciderit
822 4360 935 4432 lignum

988 3740 1081 3798 tribere
1109 3737 1174 3807 (lsai
1201 3752 1281 3801 mnu,
1309 3735 1347 3806 ti).
1364 3728 1531 3808 Numquam
1566 3735 1644 3790 enim
1669 3741 1771 3792 austro
1788 3744 1819 3794 et

988 3825 1121 3884 orientali
1152 3827 1235 3878 vento
1262 3822 1439 3894 precipitur,
1469 3827 1501 3877 ut
1529 3822 1694 3879 adducant:
1739 3827 1813 3898 quia

989 3915 1066 3988 apud
1081 3911 1154 3969 alias
1167 3910 1269 3984 plagas
1285 3925 1349 3966 esse
1364 3925 1413 3965 cos
1428 3913 1549 3982 oportet,
1580 3911 1631 3984 qui
1656 3913 1692 3968 ad
1718 3913 1816 3970 orien-

989 4011 1047 4062 tem
1063 4009 1092 4059 et
1106 4004 1238 4056 austrum
1254 4003 1354 4071 postea
1377 3999 1570 4055 deducantur.
1592 4000 1697 4072 Aquilo
1726 4002 1818 4076 igitur

989 4094 1024 4150 ad
1045 4094 1179 4148 austrum
1196 4087 1326 4154 adducit,
1343 4091 1371 4142 et
1385 4087 1498 4144 Africus
1514 4088 1548 4144 ad
1566 4089 1707 4146 orientem
1737 4091 1818 4147 babi-

990 4186 1097 4238 totores
1112 4194 1191 4234 suos.
1222 4176 1278 4232 Nee
1306 4176 1384 4231 enim
1412 4180 1536 4248 pessunt
1559 4177 1711 4248 proficere,
1731 4178 1756 4234 si
1787 4181 1817 4236 in

991 4267 1123 4343 pristinis
1139 4265 1258 4322 sedibus
1274 4268 1465 4336 perseverent.

1026 4382 1040 4410 u
1058 4356 1111 4425 Qui
1127 4356 1261 4412 observet
1274 4359 1405 4420 ventum,
1432 4369 1491 4412 non
1516 4354 1692 4420 seminabit,·
1721 4357 1817 4430 etqui

104 4455 149 4508 ibi
167 4450 363 4507 crit.»Serva
386 4448 603 4519 mandatoque
628 4447 680 4504 tibi
708 4449 844 4520 superius
867 4453 937 4504 sunt
990 4446 1095 4519 aspicit
1118 4445 1222 4508 nubes,
1253 4459 1310 4498 non
1339 4446 1459 4500 metet»
1488 4441 1542 4506 Qui
1571 4443 1738 4500 considerat
1768 4447 1816 4502 cui

104 4545 265 4616 praecepte,
283 4543 316 4594 ut
338 4539 431 4594 nubes
462 4553 551 4609 super
574 4543 602 4592 te
629 4537 782 4592 effundant
810 4537 976 4626 imbremD

105 4645 211 4688 suum.
230 4627 401 4698 Ubicunque
421 4625 498 4680 cuim
515 4624 567 4680 tibi
593 4623 690 4680 locum
721 4626 937 4698 preparaveris,

104 4721 304 4788 setarumque
318 4715 428 4784 sedern,
445 4714 505 4769 sive
521 4714 557 4769 ad
587 4720 731 4782 austrum,
757 4713 817 4770 sive
831 4713 868 4768 ad
886 4715 939 4769 bo-

147 4861 262 4928 tonem
284 4857 391 4914 dederit
415 4861 582 4929 reperturus.
625 4856 802 4912 Serbonieus
836 4867 941 4912 manu·

101 4933 239 5003 scriptus
267 4936 295 4986 et
310 4929 381 4985 editi
405 4935 491 4983 antea
506 4927 573 4983 libri
588 4929 690 5000 legunt
720 4929 822 4984 eodem
847 4943 936 4983 sensu

101 5007 329 5128 reqeprtrqprgssu
347 5073 434 5141 Quom
445 5071 612 5140 repentibus
638 5070 738 5141 popolo
762 5071 934 5150 conpressio.

141 5145 202 5202 ’dc
222 5159 264 5200 em
291 5153 406 5198 veterem
431 5151 596 5210 respuentes.
621 5143 712 5196 Ambo
748 5139 937 5196 Cerberenses

101 5234 184 5276 mss.
203 5162 386 5270 instrumento
407 5217 524 5268 ueterum
540 5220 703 5276 respuentes.
716 5211 859 5266 Manrrau.

141 5291 154 5324 ⁸
171 5285 295 5342 Psintin.
326 5293 373 5340 out
387 5286 418 5339 in
432 5285 569 5355 aquitonis
582 5284 670 5339 torum
684 5282 744 5348 obi,
756 5287 810 5337 etc.

142 5363 153 5396 ⁶
170 5359 266 5414 Subito
280 5365 310 5412 et
324 5365 472 5410 uentorum.
491 5355 603 5409 Erasm.
629 5360 658 5410 et
686 5353 807 5408 Marian.
837 5353 937 5408 incon-

103 5438 249 5510 gruenter
264 5427 374 5499 legunt,
395 5427 448 5482 Soet
463 5427 554 5481 autito
569 5428 595 5481 ri
617 5428 774 5493 remorum,
798 5427 837 5480 ita
861 5441 934 5480 mor-

105 5509 157 5561 tio.
175 5507 229 5559 stc.
240 5503 381 5555 iterumn.

146 5575 212 5632 'Ab
224 5572 327 5630 eodem
343 5569 465 5627 Palatio.
482 5567 565 5628 abest
580 5581 686 5626 nomen
701 5571 808 5626 ourtro.

148 5675 182 5690 ω
198 5645 263 5702 urus
277 5645 312 5702 cb
332 5651 426 5700 oestro
440 5643 539 5701 orote.
566 5639 606 5708 Ex
621 5637 676 5694 boe
703 5637 766 5696 loco
790 5637 933 5712 conjicere

991 4533 1164 4596 benefaciat,
1181 4537 1283 4588 elnon
1308 4529 1388 4586 omni
1413 4530 1519 4600 petenti
1543 4546 1575 4586 se
1601 4531 1713 4604 tribuit,
1740 4549 1816 4606 steps

995 4623 1122 4696 preterit
1145 4638 1212 4676 eurn
1227 4620 1278 4692 qui
1295 4618 1566 4691 mereturaecipere
1595 4620 1673 4692 (Leo.
1689 4638 1728 4687 vr,
1757 4623 1815 4694 30).

994 4713 1103 4769 Aliter:
1120 4709 1173 4775 Qui
1190 4713 1303 4766 tantum
1320 4725 1352 4765 eo
1369 4714 1494 4780 tempore
1519 4709 1567 4764 Dci
1589 4709 1709 4765 verbum
1741 4727 1814 4784 prae·

993 4855 1070 4920 licet,
1082 4854 1288 4924 Hieronymum
1299 4851 1454 4906 absolviaee
1464 4868 1552 4908 suum
1564 4853 1811 4910 commentarium

992 4927 1022 4982 in
1038 4924 1243 4988 Ecclesiasten,
1259 4928 1415 4994 antequam
1426 4922 1628 4994 lbopbotarum
1644 4923 1812 4980 translatio·

993 5013 1059 5052 nem
1076 4995 1208 5051 Latinum
1235 4995 1270 5048 de
1299 4993 1417 5048 llcbraeo
1438 4995 1519 5048 tonte
1548 4993 1633 5049 nobis
1660 4994 1811 5052 edidisset.

990 5073 1136 5209 Minffld
1151 5135 1264 5191 dicuin.
1280 5135 1369 5189 terme
1379 5138 1411 5187 ut
1426 5131 1531 5188 lresm.
1548 5151 1581 5189 oc
1606 5135 1714 5194 Victor.
1740 5140 1811 5210 quod

991 5211 1031 5266 vet
1046 5210 1080 5265 od
1093 5210 1248 5280 apollonem
1262 5208 1374 5270 nonsit,
1391 5209 1438 5259 etr.

1040 5279 1211 5348 -Quirraut
1238 5277 1273 5332 od
1301 5275 1450 5349 aquilonem
1474 5275 1521 5330 sit.
1553 5275 1627 5333 Cave
1656 5293 1692 5334 ne
1715 5277 1808 5350 legas:

991 5353 1044 5420 Qui
1058 5367 1113 5406 noe
1126 5350 1160 5404 ud
1171 5349 1329 5420 aquilonem
1352 5349 1397 5412 ait,
1414 5349 1454 5402 tut
1480 5348 1517 5400 ort
1545 5357 1684 5404 piretrum:
1715 5366 1810 5424 nequo

990 5422 1132 5480 ductarius
1158 5421 1301 5475 detrectes
1331 5417 1414 5473 tidets
1434 5417 1564 5472 omniurn
1594 5420 1808 5493 exemplarium

990 5511 1065 5551 mss.
1085 5491 1160 5548 Editi
1175 5490 1242 5546 libri
1253 5491 1295 5548 sic
1311 5488 1451 5546 mitarurt.
1482 5489 1556 5559 Quod
1573 5495 1622 5548 aot
1643 5492 1677 5550 od
1696 5495 1807 5568 aperto·

987 5581 1051 5626 nem
1065 5580 1120 5626 eoo
1133 5563 1183 5636 rit,
1196 5569 1244 5622 out
1257 5561 1292 5622 od
1303 5567 1428 5630 eutrop.
1445 5559 1588 5622 Minerua.
