4072 6164
171 369 234 452 ms
790 370 824 436 s.
845 366 1004 436 nassau
1025 363 1264 434 ιιισιιοιιιιιι.
1705 319 1707 322 ’
1814 351 1882 428 uo

174 525 286 567 morem
316 507 499 586 dialogorum
525 510 554 566 et
575 506 682 566 veteris
706 504 878 579 eloquentia
892 504 994 561 breves
1008 505 1036 572 Α
1051 498 1188 575 διαλόγων
1218 499 1262 554 καί
1299 494 1415 574 ἀρχαίας
1443 491 1567 574 φράσεως
1597 488 1727 571 βραχείας
1759 486 1875 565 ὁμιλίας

175 599 423 673 commaticosque
450 599 613 656 tractatus¹
643 595 744 653 edidit.
769 595 863 652 Audio
885 597 998 650 comet
1053 586 1314 664 έξὲδωκεν.ἰ1κοιἰω
1332 583 1487 642 τοῦτονκαὶ
1507 579 1766 661 δίλλασυγγρὰρειν.

176 687 234 746 siis
248 687 385 746 scribere.

893 772 1006 829 CAPUT
1025 770 1155 828 cxxxii.

209 873 343 944 Dextcr²,
360 873 486 945 Puciuui,
502 874 609 945 dequo
623 889 714 944 supra
739 870 809 942 dixi,
832 869 921 942 filius,
938 870 998 926 olu-
1090 867 1222 944 Δέξτρος,
1252 868 1407 933 Πακιανοῦ,
1437 861 1499 938 περὶ
1528 861 1559 916 οὔ
1587 859 1763 937 προείρηκα,
1794 857 1875 926 υίὸς,

178 977 229 1018 rus
243 962 320 1033 apud
337 961 476 1037 seculum
489 966 518 1018 ct
531 961 638 1017 curisti
667 961 734 1017 iidei
758 961 884 1032 deditus,
908 961 1000 1015 fertur
1053 955 1180 1033 λαμπρὸς
1206 954 1232 1010 έν
1255 959 1290 1029 τῇ
1305 951 1441 1023 πολιτείᾳ,
1458 951 1503 1005 καὶ
1528 954 1562 1026 τῇ
1585 954 1633 1004 τοῦ
1656 951 1773 1025 Χριστοῦ
1787 946 1877 1002 πίστει

77 1090 86 1109 ι
174 1049 211 1107 ud
227 1065 274 1106 me
289 1049 490 1106 omnimodum
504 1049 659 1106 historiam
675 1049 813 1121 texuisse,
830 1064 919 1122 quam
934 1063 999 1104 uec·
1053 1041 1239 1118 ἐκδεδομένος,
1266 1041 1375 1118 λέγεται
1397 1036 1572 1108 παντοδαπὴν
1597 1038 1666 1115 πρὸς
1697 1038 1730 1112 μὶ
1754 1055 1876 1092 συντετα-

1052 1134 1131 1210 χέναι
1144 1131 1275 1207 ἱστορίαν,
1291 1129 1386 1202 ἥντινα
1401 1125 1477 1184 οὔπω
1493 1127 1621 1203 ἀνέγνων.

881 1243 1000 1302 osPlJr
1023 1242 1169 1300 CXXXIII.

211 1341 441 1415 Amphilochius,
458 1342 548 1400 Ioouii
567 1343 732 1417 episcopus,
756 1359 851 1416 nuper
875 1343 949 1400 mihi
963 1341 1000 1398 li·
1090 1337 1286 1418 Ἀμριλόχιος,
1302 1336 1415 1393 Ἰκονίου
1442 1335 1600 1408 ἐπίσκοπος,
1617 1315 1733 1410 ὑπόγυόν
1757 1352 1804 1406 μοι
1828 1329 1875 1387 λδ-

173 1432 261 1490 brum
289 1431 361 1504 logii
388 1432 425 1487 de
452 1430 563 1505 Spiritu
593 1431 727 1504 suncto³,
758 1433 836 1506 quod
863 1433 951 1506 Deus,
968 1435 997 1488 et
1054 1449 1102 1504 γον
1134 1427 1236 1503 ἀνέγνω
1264 1426 1326 1502 περὶ
1352 1429 1401 1480 τοῦ
1428 1422 1507 1500 ἁγίου
1536 1421 1706 1496 Πνειίματος,
1729 1419 1772 1476 δ’τι
1800 1421 1876 1494 θεὸς,

174 1521 273 1596 quod¹
287 1519 462 1593 adorandus,
478 1521 615 1593 quodque
629 1525 659 1578 et
673 1521 860 1594 omnipotens
874 1522 923 1580 sit.
1053 1518 1098 1573 καὶ
1112 1515 1299 1592 προσκυνητόν
1315 1513 1397 1584 έατιν,
1412 1513 1455 1569 ὃτι
1468 1533 1498 1568 τε
1508 1511 1542 1583 δὴ
1558 1511 1763 1588 παντοκράτωρ.

174 1137 246 1196 dum
261 1137 329 1212 legi.

888 1626 1004 1684 CAPUT
1028 1623 1172 1684 CXXXIV.

211 1723 419 1798 Sophronius¹,
435 1722 478 1780 vir
493 1723 626 1797 apprime
639 1723 784 1796 eruditus,
800 1724 903 1782 laudes
914 1724 1036 1794 Beth-B
1088 1719 1256 1800 Σωρρόνιοι,
1287 1719 1355 1792 ἀνὴρ
1379 1718 1418 1781 εῖτ
1446 1713 1527 1795 ἄκρον
1557 1713 1784 1791 πεπαιδευμένος,
1812 1714 1878 1778 τοὺς

133 1805 137 1815 “
174 1811 383 1871 lehemadbue
407 1828 489 1886 puer,
513 1815 542 1869 et
565 1828 659 1886 nuper
681 1813 717 1869 de
740 1812 928 1870 subversione
946 1815 997 1872 Ss-
1053 1809 1178 1873 έπαίνους
1206 1806 1334 1882 Βηθλεὲμ
1361 1802 1400 1862 ἔτι
1428 1807 1487 1870 νέος
1518 1803 1554 1862 ὢν
1586 1805 1739 1879 συνέθηκεν,
1760 1804 1878 1881 ὑπόγυυν

175 1901 436 1977 rupis⁶iueiguem
450 1899 559 1957 librum
574 1900 811 1974 composuittde
825 1901 998 1975 Virginitate
1053 1898 1082 1956 δὲ
1110 1901 1172 1977 περὶ
1205 1905 1256 1968 τῆς
1281 1893 1456 1959 καταλύσεως
1481 1899 1529 1950 τοῦ
1560 1893 1709 1968 Σεραπείου
1742 1894 1878 1968 ἐπίσημον

175 2007 292 2065 quoque
306 1991 342 2047 ud
357 1989 558 2064 Eustochium,
575 1993 605 2047 et
615 1989 711 2047 Vitam
727 1989 883 2048 Hilarionis
899 2007 999 2048 mona·
1053 1991 1183 2059 συνέθηκε
1209 1986 1303 2063 λόγον,
1328 1987 1373 2041 καί
1398 1986 1460 2061 περὶ
1475 1983 1619 2060 παρθενίας
1633 1985 1703 2059 πρὸς
1718 1982 1879 2060 Bianti-yios,

175 2079 232 2152 chi,
248 2077 390 2153 opuscula
412 2094 479 2135 mea
505 2077 536 2135 in
564 2079 698 2136 Graecum
721 2079 849 2153 eleganti
863 2095 998 2137 sermons
1051 2079 1097 2136 καὶ
1125 2079 1170 2133 τὸν
1199 2076 1257 2151 βίον
1284 2073 1441 2150 Ἱλαρίωνος
1473 2077 1606 2150 μοναγοῦ,
1632 2074 1667 2129 rh
1695 2074 1883 2149 συγγιίμμιιτά

174 2167 365 2226 transtulit¹:
380 2166 554 2224 Psalterium
570 2167 998 2242 quoqueetl'rophetae,quos
1055 2188 1106 2241 μου
1122 2166 1161 2229 είς
1190 2162 1352 2236 Ἑλληνικὸν
1381 2161 1464 2238 λδγον
1495 2161 1601 2241 εὐφυῶς
1632 2163 1804 2240 μετέρραστ,
1835 2165 1883 2218 καί

176 2275 231 2314 uos
245 2257 281 2314 tie
295 2257 414 2315 Hubraeo
430 2257 460 2312 iu
475 2255 612 2313 tatinum
626 2257 778 2314 vertimus.
1051 2257 1082 2311 τδ
1097 2253 1256 2331 Ψαλτήριον
1274 2250 1312 2324 δέ,
1328 2253 1373 2309 καὶ
1397 2251 1462 2315 τοίις
1487 2252 1644 2331 Epaphras,
1662 2250 1708 2315 οὓς
1722 2253 1807 2325 ἡμεῖς
1829 2253 1884 2308 ἀπὸ

1051 2348 1099 2400 τοῦ
1112 2339 1238 2418 ‘ilipulae
1254 2341 1292 2405 εἷς
1307 2341 1458 2417 Ῥωμαϊκὸν
1476 2340 1693 2416 μετηνέγκαρεν.

896 2452 1014 2510 CAPUT
1034 2451 1163 2509 CXXXV.

210 2551 288 2608 m
302 2549 527 2622 Hieronymus¹,
543 2550 876 2623 patreilussbionatus,
893 2551 1000 2626 oppido
1091 2550 1170 2607 m
1196 2545 1367 2623 Ἱερώνυμος,
1398 2545 1456 2607 υίὸς
1485 2537 1637 2618 Εὐστὸίου,
1661 2544 1714 2598 ἀπὸ
1740 2542 1887 2626 πολίχνης

175 2637 331 2708 Stridonis,
360 2637 449 2710 quod,
478 2653 496 2693 u
519 2637 622 2694 Gothis
649 2656 784 2696 evorsum
809 2642 829 2712 ⁹,
850 2639 1001 2696 Dalmatiae
1057 2633 1212 2713 Στρηδὸνος
1226 2641 1277 2704 τῆς
1300 2635 1373 2710 παρὰ
1398 2637 1451 2688 τῶν
1481 2631 1587 2688 Γότδων
1603 2631 1800 2709 πορδηθείσης,
1816 2633 1888 2711 ὅπερ

177 2726 327 2800 quondam
349 2725 563 2808 Pannoniaque
588 2728 748 2784 confinium
774 2728 838 2798 luit,
862 2729 1001 2801 usquein
1058 2723 1216 2799 Δαλματίας
1246 2723 1301 2778 ἐστὶ
1338 2722 1383 2778 καί
1421 2721 1569 2783 Παννονίας
1598 2721 1723 2798 ὅμορον,
1751 2719 1806 2786 έως
1837 2729 1889 2780 τοῦ

177 2817 349 2890 praeeuntem
364 2829 486 2884 aunum,
502 2813 531 2869 id
547 2819 601 2886 est,
618 2816 774 2873 Theodosii
790 2816 943 2890 principiis
953 2817 1002 2872 de·
1056 2813 1190 2891 παρόντος
1220 2811 1362 2882 ἐνιαυτοῦ,
1388 2812 1510 2866 τουτέστι
1538 2807 1683 2866 Θεοδοσίου
1710 2815 1760 2866 τοῦ
1788 2832 1892 2870 τεσσα-

178 2903 288 2961 cimam
303 2906 441 2974 quartum
453 2903 483 2974 ¹¹,
499 2902 561 2959 haeo
576 2905 699 2978 scripsi:
725 2904 821 2961 Vitam
845 2905 1000 2962 Paulimo·
1016 2881 1038 2948 c
1057 2899 1286 2978 pressissime,
1315 2897 1379 2956 τάδε
1414 2899 1564 2970 eastreia·
1588 2899 1637 2954 Τὸν
1676 2898 1737 2955 Βίου
1774 2900 1893 2960 Παύλου

177 2991 264 3050 uuchi
275 2991 307 3064 ¹¹,
322 2991 519 3064 Epitoiurum
530 2993 552 3028 ¹¹
567 2994 604 3048 ed
618 2993 748 3050 diversos
764 2992 872 3050 librum
892 3010 995 3066 unum,
1054 2995 1188 3068 μοναχοῦ,
1213 2987 1374 3052 Ἐπιπολὰς
1400 2989 1469 3065 πρὸς
1496 2985 1643 3067 διαφόρους
1671 2987 1697 3044 έν
1730 2987 1769 3046 ἐνὶ
1795 2991 1898 3076 λόγῳ,

177 3144 237 3202 imo
251 3144 316 3214 ejus
335 3143 508 3200 memoriam
524 3143 640 3201 bonisn
678 3144 806 3201 umentis
830 3144 1000 3202 detenderit.

177 3215 323 3271 Virtutem
338 3215 403 3286 ejus
418 3214 615 3288 pietatemque
644 3216 693 3271 aii
714 3216 883 3288 praedicunt,
899 3232 915 3272 e
934 3216 1003 3289 qui-

178 3286 429 3414 pgsstozomnqnus
455 3303 505 3358 νιι,
531 3287 575 3357 25,
594 3302 653 3357 νιιι,
686 3286 729 3358 11,
755 3287 934 3360 Nicephorus
950 3305 1000 3359 κιι,

240 3375 257 3413 ιι
291 3373 328 3413 ue
372 3373 402 3412 ιι.

214 3374 393 3486 irritemus
422 3425 472 3483 isti
500 3426 617 3498 penitus
645 3427 815 3500 disperiisse
828 3428 1000 3499 videantur3

179 3516 249 3556 nam
264 3515 329 3571 qum
344 3497 491 3580 'theotimi
501 3500 537 3555 Sc
556 3498 709 3573 thopolsos
719 3499 848 3582 episcopi
859 3501 1004 3574 fragmen-

175 3575 208 3627 ta
222 3587 237 3627 e
252 3572 476 3628 Commentariis
491 3569 520 3625 in
536 3517 672 3628 iisnesim
688 3576 789 3628 recitat
803 3572 1002 3629 Damascenus

177 3641 209 3699 in
223 3641 387 3714 Perareiiis,
405 3658 462 3698 non
477 3640 570 3714 liquet
591 3659 628 3699 an
644 3643 736 3698 nostri
762 3643 852 3715 hujus
878 3645 947 3714 sint,
964 3661 1001 3700 an

176 3713 300 3770 ulterius
310 3712 467 3786 Theotimi,
479 3713 602 3786 Scythis
613 3714 715 3770 itidem
727 3715 999 3788 regionisepisoopi,

176 3785 227 3842 sed
243 3783 479 3858 pauluy'unioris,
494 3785 578 3857 eujus
591 3789 634 3840 est
657 3802 672 3840 o
695 3785 781 3841 istola
803 3789 839 3842 sd
864 3787 999 3858 Leonem,

176 3855 383 3981 idmparatorem
399 3873 447 3912 an.
464 3857 525 3927 157,
542 3856 612 3912 data
627 3857 656 3911 in
671 3803 875 3914 Xctisconciiii
887 3856 1002 3914 Chalce-

199 3941 330 3982 onansrs.

213 3996 224 4029 ¹
249 3995 309 4052 Hoc
337 4011 454 4066 quaqua
482 3995 513 4050 in
541 3995 603 4052 ίοοο
632 4000 777 4054 Peinsinoi
806 4016 857 4068 pro
885 4000 1001 4055 Pariani

179 4066 339 4139 praeierunt
354 4065 473 4138 quidam
491 4083 562 4123 mss.
579 4068 644 4123 Vid.
667 4085 731 4140 quer
756 4070 785 4125 in
801 4085 864 4142 cap.
879 4071 931 4124 106
950 4071 1000 4124 ed·

174 4137 357 4194 notavimus.
376 4136 457 4193 tiber
471 4137 566 4194 Dextri
582 4140 618 4194 ad
643 4139 851 4214 Hieronymum
867 4142 1000 4196 omnimo·

174 4209 242 4266 dum
253 4209 399 4264 historiam
412 4209 567 4267 continens
588 4211 734 4283 genuinus
754 4212 870 4282 jamdiu
885 4209 1000 4266 interci-

175 4280 238 4349 dit;
256 4296 344 4354 quem
360 4281 438 4336 enim
456 4281 511 4337 sub
527 4281 618 4354 hujus
634 4282 752 4338 nomine
767 4283 922 4352 habemus,
938 4298 1004 4337 oon-

174 4352 278 4408 iictum
293 4351 400 4409 eruditi
416 4351 556 4409 fatentur.
584 4351 769 4434 hujusmodi¹
783 4351 912 4408 historia
929 4353 1003 4434 anti·

174 4422 792 4576 tiltmttltnttt‘?stsslrtht
806 4423 1004 4567 §iiiiii

177 4564 459 4717 ninlieilg‘iiii'autem
475 4651 523 4691 an.
539 4634 602 4705 381,
627 4639 767 4718 tempore·
779 4653 799 4691 ιι
815 4637 1000 4694 oecumenica

175 4723 190 4764 s
210 4707 290 4778 nodi,
315 4721 391 4789 cum⁸
409 4707 494 4762 ambo
519 4705 768 4780 Constantinopoli
793 4711 901 4764 essent.
918 4709 1002 4765 Nunc

175 4777 196 4835 lr
219 4795 250 4835 er
264 4775 525 4834 istadesideratur.

212 4851 224 4885 ¹
238 4849 384 4932 Martiam,
399 4849 473 4920 quod
487 4848 557 4903 oens
571 4856 619 4917 eat,
636 4856 661 4904 rt
673 4849 753 4920 qaod,
774 4853 829 4905 eto.

213 4921 294 5003 ¹liix
309 4917 764 5006 credipotestSophroniusisle,
780 4919 805 4976 si
829 4921 905 4978 idem
916 4925 1004 4993 atquo

174 4991 1004 5188 ituitlittsititistuttrttltqltttttitii

179 5138 257 5256 τιοίρ,
277 5151 311 5190 ex
325 5135 411 5191 amisi
427 5135 547 5208 quidem
563 5149 663 5198 sensu,
680 5139 722 5190 lot
736 5151 768 5190 se
804 5134 929 5191 sudibus
954 5151 1003 5190 eu·

179 5219 305 5259 muer.

212 5221 412 5346 ¹Veiouens,
429 5275 540 5349 ebsqus
556 5276 665 5348 Serapis
690 5275 818 5345 nomine,
843 5275 877 5331 de
894 5277 1004 5331 sabver-

178 5345 258 5400 siohe
272 5345 375 5400 iihmm
399 5349 559 5418 composuit,
585 5347 670 5418 quasi
694 5347 730 5402 ad
746 5347 900 5403 Bethlehem
914 5347 1005 5402 reler-

1058 3145 1119 3215 389,
1137 3143 1274 3200 'ismaelo
1289 3158 1322 3198 ee
1333 3140 1469 3198 Promoto
1484 3140 1668 3198 consulibus.
1688 3135 1719 3198 in
1728 3140 1898 3217 Theophili

1056 3215 1197 3289 synodica
1210 3219 1311 3272 eontra
1326 3213 1480 3287 Origenem
1495 3211 1630 3286 epistole,
1646 3211 1724 3269 inter
1741 3212 1899 3288 Hierony-

1057 3286 1172 3343 mianas
1187 3286 1224 3340 92
1243 3285 1405 3358 primumn
1433 3284 1519 3341 nobis
1533 3285 1613 3341 edita
1640 3301 1723 3340 num.
1738 3285 1775 3341 3:
1792 3308 1808 3336 «
1826 3286 1898 3345 Cla·

1061 3359 1169 3414 mitent
1185 3356 1377 3430 (Origenists)
1414 3355 1560 3428 quidquid
1584 3356 1614 3411 in
1648 3359 1781 3412 nostram
1806 3357 1898 3428 (Teo

1056 3429 1140 3502 phili)
1156 3428 1296 3486 invidiam
1310 3444 1374 3484 esse
1402 3427 1571 3495 eredebant,
1601 3425 1760 3483 Gentilium
1786 3435 1901 3488 contra

1055 3498 1453 3628 ittittitttttttttt
1469 3497 1891 3630 tutrlttlttttiidu

1055 3643 1148 3769 rapii,l
1167 3647 1196 3699 et
1224 3613 1359 3769 aliqruqi}²
1377 3587 1735 3768 idolortiiqifflethuxide
1762 3643 1892 3772 qpmwivn

1055 3728 1465 3912 gqquqquqquqqqqnusm
1520 3727 1535 3768 u
1581 3728 1630 3864 uni
1659 3729 1666 3766 ι
1691 3728 1741 3864 ,ιρι
1799 3730 1827 3769 ιε
1883 3760 1891 3772 .

1141 3855 1206 3912 ulla
1221 3856 1309 3926 buyus
1331 3857 1446 3910 exstant
1469 3852 1625 3926 Sophronis
1648 3869 1808 3927 versiones,
1836 3862 1896 3916 aut

1056 3928 1178 3999 scripta.
1193 3926 1266 3982 Vide
1281 3925 1324 3981 rili
1340 3926 1512 3996 inscriptam
1537 3925 1591 3980 abs
1614 3923 1788 3997 Hieronymo
1808 3926 1895 3985 Pres-

1056 3999 1197 4054 l'etionem
1213 3995 1345 4054 Psalterii
1360 4013 1395 4052 ex
1409 3995 1551 4051 hebraica
1564 3995 1694 4051 veritate.
1707 3995 1789 4052 Adde
1802 4003 1839 4054 et
1853 4000 1898 4057 lo·

1054 4086 1123 4126 eum
1141 4085 1176 4124 ex
1189 4069 1361 4125 Praefatione
1375 4066 1405 4122 in
1422 4067 1534 4137 iizram,
1551 4065 1602 4121 ubi
1624 4065 1701 4122 hanc
1725 4066 1896 4139 sophronii

1055 4140 1218 4196 editionem
1234 4139 1349 4196 innuit:
1367 4161 1380 4188 ιι
1406 4140 1520 4205 Quanto
1546 4136 1651 4264 inquit,
1676 4138 1770 4211 magis
1788 4139 1896 4200 Latini

1018 4211 1133 4339 D{rati
1158 4227 1222 4268 esse
1248 4211 1395 4280 deberent,
1417 4209 1496 4281 quod
1518 4225 1588 4265 essu
1602 4212 1712 4265 tantem
1728 4221 1899 4272 cernerent

1086 4281 1201 4338 raeoiam
1217 4299 1234 4337 a
1249 4298 1280 4338 se
1294 4280 1406 4353 aliquid
1422 4279 1568 4336 mutuari!
1585 4300 1600 4330 ιι

1095 4354 1105 4388 ¹
1126 4355 1274 4426 lntegrum
1289 4367 1396 4408 noman
1411 4355 1456 4408 est
1474 4350 1642 4433 Sophronias
1664 4351 1796 4408 Eusebius
1817 4356 1897 4415 Hie-

1054 4420 1899 4580 tutttstlttitttttttt{littttltittz

1057 4583 1170 4624 nimus.

1090 4639 1192 4694 ¹Inter
1214 4636 1310 4694 varias
1335 4637 1371 4692 da
1397 4634 1567 4709 Hieronymi
1597 4634 1693 4709 patria
1707 4639 1897 4716 sententias,

1056 4725 1121 4781 qum
1135 4708 1222 4765 nobis
1235 4709 1370 4766 videatur
1383 4707 1496 4763 ceteris
1512 4707 1701 4780 preferenda,
1727 4707 1757 4762 in
1781 4711 1811 4764 8.
1831 4711 1898 4772 Do.

1055 4780 1146 4836 eteris
1161 4780 1227 4836 Vita
1254 4795 1343 4852 quem
1360 4779 1396 4834 ad
1414 4782 1597 4850 postremum
1610 4779 1674 4851 ejus
1689 4793 1814 4849 operum
1834 4785 1900 4844 ⁷1¹0.

1056 4866 1138 4906 mum
1148 4825 1329 4920 distuiimus‚
1343 4847 1479 4904 adductis
1490 4847 1671 4921 argumentis
1681 4851 1899 4916 ostendemus.

1055 4922 1168 4978 urnath
1184 4922 1239 4977 viri
1254 4919 1348 4977 Strido
1363 4919 1503 4992 oppidum
1519 4936 1593 4992 pene
1608 4919 1740 4975 dirutum
1759 4921 1791 4976 in
1815 4923 1901 4986 inse·

1056 4993 1124 5049 riori
1147 4993 1296 5066 hungaris
1319 4992 1396 5046 intra
1421 4991 1537 5046 Moram
1566 4995 1593 5047 at
1624 4991 1751 5047 Dravum
1782 4991 1903 5057 fluvios

1056 5065 1247 5121 constituunt.
1272 5064 1330 5119 Nec
1355 5062 1392 5118 ab
1415 5061 1463 5118 his
1486 5061 1571 5146 longe
1599 5062 1748 5134 recedunt,
1800 5067 1838 5124 ui
1861 5074 1902 5129 ad

1057 5136 1210 5193 Saboriam
1234 5135 1355 5215 humen,
1373 5137 1412 5216 ut,
1428 5133 1510 5217 ΙΒιιιιο
1533 5150 1564 5189 ιιι
1576 5131 1758 5216 δεκατρία,
1769 5080 1902 5218 (iiuerii,

1055 5206 1100 5263 vel
1117 5208 1168 5279 qui
1183 5209 1220 5264 ad
1235 5206 1389 5263 Saburram
1405 5204 1506 5260 itidem
1523 5207 1581 5261 nott
1597 5220 1726 5260 nominis
1750 5221 1782 5263 in
1804 5207 1903 5272 Hun.

1056 5279 1138 5351 gertr
1162 5278 1303 5352 oppidum
1332 5275 1463 5348 proxime
1492 5274 1646 5331 collocant.
1685 5275 1901 5345 vastationem

1058 5348 1209 5406 Dalmatis
1224 5347 1438 5419 Pannoniaque
1455 5345 1588 5420 aGothis
1613 5345 1737 5418 illatam,
1758 5350 1904 5418 Ammis·

180 5418 272 5470 ratur.
298 5413 446 5486 Serapidis
469 5422 568 5472 nutem
601 5417 793 5474 simulacrum
823 5417 1005 5474 Alexandria
1053 5437 1114 5476 nus
1129 5420 1315 5476 Marcellinus
1330 5417 1382 5474 lib.
1398 5435 1464 5472 mxi
1496 5434 1560 5490 cap.
1576 5419 1603 5488 8,
1619 5418 1768 5474 describit.

177 5483 335 5542 Christiani
352 5487 558 5542 subverterunt
573 5487 650 5544 eirca
671 5505 718 5543 nn.
734 5489 797 5560 391,
823 5493 855 5545 ut
869 5488 1004 5562 colligere
1094 5492 1115 5526 ¹⁰
1131 5491 1305 5564 Respondet,
1323 5494 1355 5545 ut
1370 5505 1446 5560 sepe
1460 5462 1600 5560 diximus,
1616 5487 1724 5545 Christi
1748 5506 1798 5546 an.
1826 5497 1900 5562 392,

175 5560 221 5614 ost
234 5573 270 5613 ex
282 5556 436 5612 Theodosii
451 5557 513 5682 lefls
528 5558 564 5613 ad
580 5559 734 5632 livagrium
754 5561 833 5616 titulo
848 5560 881 5617 de
907 5562 997 5630 Ροριι-

183 5627 299 5685 ιιίε.ΑΙίί
324 5644 359 5684 ex
381 5627 476 5683 Meroe
503 5629 543 5682 ini
569 5627 722 5701 Chronico,
749 5633 882 5704 itemque
906 5633 1005 5688 exZo-

176 5699 259 5792 'aimo
272 5699 322 5756 lib.
339 5715 359 5773 1,
375 5713 510 5755 aversum
526 5699 624 5753 ierunt
637 5699 755 5757 biennio
771 5707 866 5772 antee,
883 5703 942 5759 sive
957 5721 1004 5759 an.

1094 5563 1113 5596 ¹¹
1131 5567 1169 5618 ux
1184 5563 1238 5618 hac
1252 5561 1318 5616 Vita
1331 5566 1445 5616 tomum
1461 5559 1574 5617 hunone
1602 5559 1726 5618 alterum
1750 5567 1901 5638 suspica.

1066 5649 1187 5762 miiitiae
1202 5703 1285 5761 facile
1302 5701 1401 5759 innuit
1416 5701 1568 5776 lhpistolas,
1596 5719 1671 5776 quas
1695 5717 1762 5760 oum
1785 5705 1883 5774 Antio
