4068 6170
250 329 326 410 taes
991 347 1205 412 arneson.
1847 353 1908 418 rm

250 483 301 557 qui
315 481 464 552 aliquanto
477 483 546 538 ante
560 479 712 538 Hahauum
728 481 862 538 Maumm
877 481 966 537 vitam
982 482 1102 538 duxisse
1116 481 1295 553 perbihetur.
1309 483 1382 540 Nam
1405 482 1483 540 idem
1497 486 1616 540 Maurus
1641 484 1782 558 conceptis
1793 485 1872 544 verbis
1883 488 1909 544 i·

251 572 318 629 dam
335 569 412 638 lacit,
428 570 582 626 Habraum
615 568 700 626 illum
714 585 894 643 anonymum
909 569 1038 626 edidisse
1069 571 1301 628 Commentarios
1317 571 1346 628 in
1362 572 1474 645 Regum
1490 576 1518 630 et
1532 572 1768 648 Paralipomenon
1781 573 1911 647 columina,

250 675 376 734 quorum
391 657 455 732 ipse
469 657 751 715 Commentariorum
765 657 892 730 capitula
908 657 1051 716 nonnulla
1082 663 1111 715 et
1125 658 1340 716 observationes
1372 660 1601 718 rasererovoluit
1633 678 1698 716 oum
1715 662 1912 734 expositionibus

249 745 442 804 celebriorum
452 746 585 804 Ecclesia
604 745 710 803 ebriati
725 746 914 820 scriptorum,
931 749 963 803 ut
975 746 1050 803 nihil
1065 752 1231 820 superesset
1246 748 1282 804 ed
1297 747 1430 806 studium
1446 765 1478 804 ac
1494 749 1687 822 diligentium,
1708 765 1764 821 qua
1778 748 1856 805 libros
1865 751 1912 820 jan

247 836 344 893 dictos
355 834 547 892 illustrandos
561 841 740 908 susceperat.
760 837 906 904 eraenrea,
922 836 1019 908 inquit
1040 835 1208 909 praefatione
1223 835 1503 893 Commentariorum
1519 838 1548 892 in
1565 837 1656 894 libros
1671 838 1807 910 Regnum,
1822 837 1913 894 Hssasi

247 923 392 998 sciendam
422 925 560 982 modernis
592 924 759 998 temporibus
791 928 823 981 in
854 926 1055 999 trpisscientia
1084 926 1338 998 florentiseapitata
1352 927 1526 982 traditionem
1559 925 1735 983 Hebraeorum
1747 927 1915 981 bnbmnanen

247 1014 342 1085 paneis
356 1012 422 1068 teris
452 1013 536 1068 simul
550 1029 612 1068 cam
644 1013 711 1069 Nota
725 1014 846 1070 mininis
877 1015 936 1086 ejas
950 1014 1075 1071 inserat:
1108 1030 1162 1070 non
1178 1015 1258 1086 qnasi
1290 1014 1417 1084 inponens
1431 1014 1520 1069 alieni
1549 1015 1741 1069 anctoritatem
1767 1014 1855 1084 ipsias,
1881 1013 1915 1068 sei

248 1101 412 1174 simpliciter
424 1102 529 1174 potins,
545 1103 617 1173 qnod
629 1104 762 1174 seriptum
777 1105 879 1176 reperi,
894 1104 952 1176 ejas
964 1103 1153 1176 probationem
1169 1103 1276 1158 lectmis
1289 1102 1396 1175 jmlr'eio
1409 1101 1579 1174 derelinquo.
1597 1101 1703 1156 Hadem
1732 1099 1846 1156 inculcat
1861 1117 1915 1172 pre·

248 1189 356 1247 latione
370 1189 556 1246 Commentar
580 1189 610 1246 in
626 1190 866 1263 Paralipomena:
882 1192 1014 1262 Quotam,
1029 1189 1137 1262 inquit,
1153 1190 1417 1246 Comnaentcricrnm
1440 1189 1522 1246 libros
1554 1190 1639 1258 edidi,
1655 1205 1721 1262 pnes
1752 1189 1915 1246 assentat-

247 1293 291 1334 me
305 1279 424 1348 barian·
437 1281 523 1334 vestre
535 1278 671 1336 badoniae
686 1281 846 1352 imperatori
855 1280 1072 1351 praesentialiter
1085 1280 1115 1334 in
1130 1283 1225 1336 nostre
1247 1281 1411 1336 manasterio
1435 1279 1557 1340 madidi:
1568 1281 1599 1336 in
1619 1279 1727 1351 quibas,
1750 1279 1815 1334 sient
1825 1283 1847 1333 et
1858 1293 1916 1350 prs·

246 1368 319 1423 senti
334 1382 413 1438 opere
425 1368 489 1438 seri,
503 1367 778 1440 iosepbiiadaeram
791 1368 917 1426 historici
930 1369 1131 1437 novationem,
1163 1375 1309 1424 nemmnet
1323 1367 1439 1424 Hnannr
1453 1367 1597 1440 cniusdam
1627 1367 1764 1423 medentis
1777 1367 1916 1438 temporibus

245 1456 404 1512 inscientia
419 1455 488 1526 lepis
502 1457 625 1526 iterantes
638 1458 782 1529 opiniones
795 1459 976 1530 pterisqaein
989 1457 1058 1516 tacis
1073 1458 1244 1530 interposui:
1258 1455 1305 1512 sed
1318 1473 1373 1512 non
1399 1458 1448 1527 du,
1464 1461 1496 1512 nt
1528 1457 1607 1529 pansi
1621 1456 1748 1512 tectorem
1779 1453 1917 1510 invitanti

245 1545 369 1618 ipsoram
383 1543 540 1600 traditionis
551 1559 693 1602 msersscm
717 1547 917 1618 pertraherem,
930 1545 976 1604 sed
1007 1547 1098 1616 manis
1113 1545 1216 1614 indicio
1245 1545 1447 1618 reprobationi
1480 1547 1567 1617 ipsias
1582 1545 1636 1600 itta
1666 1542 1916 1615 derelinquendam

243 1634 269 1688 si
284 1630 413 1705 capitula
430 1629 483 1689 ills
496 1632 608 1690 Hebraei
624 1634 787 1708 scriptoris,
803 1635 1144 1692 insertsCommentariis
1160 1634 1272 1692 Haboni
1287 1633 1389 1703 Mauri,
1406 1633 1565 1691 contendas
1580 1649 1649 1690 cnm
1666 1632 1791 1690 Hebrais
1801 1631 1917 1696 Ouaestio·

244 1719 333 1777 nibus
347 1720 378 1776 in
393 1720 484 1779 libros
505 1721 616 1796 Hegum
649 1725 678 1778 et
691 1723 947 1796 Paralipomenon,
962 1725 1072 1796 ubique
1086 1724 1188 1779 eedem
1220 1723 1310 1780 rerba
1324 1739 1377 1778 neo
1392 1722 1478 1795 plura
1492 1739 1543 1778 nce
1561 1721 1709 1794 pauciora,
1730 1719 1915 1792 deprehendes:

246 1809 324 1867 unde
339 1810 593 1869 evidentissimum
607 1811 738 1886 exsurgit
751 1817 970 1886 argumentum.
985 1813 1140 1870 Hebraeum
1156 1811 1240 1868 illum
1251 1811 1345 1868 Mauri
1362 1812 1392 1868 in
1407 1811 1531 1868 scientia
1557 1809 1631 1884 legis
1656 1809 1817 1875 florentem,
1829 1807 1918 1880 ipsissi-

248 1913 332 1956 mam
351 1913 416 1956 esse
435 1905 585 1973 parentem
600 1900 800 1964 Quaestionum
815 1901 942 1958 istarum
957 1900 1165 1958 Hebraicarum
1185 1900 1440 1974 consequentium.
1469 1900 1553 1956 Certe
1573 1899 1626 1956 abs
1644 1899 1816 1970 Hieronymo
1827 1901 1917 1952 tantun

245 1985 293 2044 hic
309 1985 407 2044 differt
421 1987 567 2056 Hebrum,
588 1993 733 2061 qnantum
748 1989 846 2046 differt
859 2005 876 2046 a
891 1988 1051 2063 margarite
1065 1987 1395 2062 pretiosissimavitrum
1407 1990 1456 2044 aul
1468 1985 1659 2043 orichalcum.
1671 1990 1705 2040 Εἰ
1714 1984 1918 2041 mirorhomines

246 2074 377 2132 eruditos
388 2075 538 2148 probabile
553 2077 738 2134 existimasse
752 2077 846 2136 multa
860 2093 895 2136 ex
909 2077 1076 2151 Hieronymi
1099 2077 1324 2134 Commentariis
1338 2075 1466 2134 derivata
1487 2075 1578 2134 inisse
1596 2075 1627 2131 in
1652 2073 1829 2140 Quastiones
1840 2087 1918 2145 supra·

244 2160 315 2219 dicti
337 2161 468 2222 Hebraei:
491 2179 559 2221 oum
573 2165 603 2220 iu
622 2165 682 2222 illis
701 2165 802 2222 multra
813 2168 962 2224 sententia
977 2167 1113 2241 legantur
1124 2165 1358 2240 Hieronymianis
1381 2165 1541 2222 dissimiles
1568 2182 1601 2221 so
1624 2164 1776 2220 contraria
1788 2182 1795 2232 ;
1809 2168 1836 2218 et
1852 2159 1918 2218 nulla

244 2267 376 2324 prorsus,
391 2251 436 2310 vel
449 2269 599 2327 perpauca
614 2253 802 2312 inveniantur
819 2255 1002 2312 traditiones
1023 2252 1168 2312 Hebraica
1183 2253 1338 2326 latinitate,
1355 2253 1520 2312 eruditione
1529 2253 1686 2324 studioque
1697 2249 1856 2320 Hieronymi
1865 2247 1918 2304 satis

246 2339 352 2412 dignm.

278 2427 459 2488 Histonium
474 2430 654 2500 addidimus,
668 2431 758 2488 videri
774 2431 924 2489 interdum
939 2432 1129 2506 pluraquam
1145 2431 1193 2490 hio
1208 2437 1289 2499 sunt,
1304 2432 1359 2488 suh
1392 2431 1515 2503 hujusce
1542 2430 1652 2486 Hebraei
1673 2430 1793 2488 nomine
1822 2427 1853 2484 ad
1865 2425 1917 2482 libri

246 2533 327 2574 oram
343 2523 512 2592 prenotato,
528 2525 733 2592 contraquam
749 2522 933 2578 Martianaus
948 2523 1049 2590 sentit,
1064 2538 1153 2596 penes
1168 2522 1322 2578 Rabanum
1342 2520 1489 2577 exhiheri:
1507 2537 1570 2593 qua
1589 2537 1656 2576 vero
1666 2537 1701 2576 ex
1716 2518 1878 2590 Hieronymo
1890 2513 1920 2570 ibi

247 2606 419 2680 afferuntur,
434 2625 491 2666 non
503 2625 542 2664 ex
555 2607 653 2684 aliquo
668 2611 856 2679 Quaestionem
870 2612 1068 2668 Hebrniearnm
1083 2611 1168 2680 libro,
1187 2610 1237 2683 qui
1256 2610 1445 2672 interciderit.
1461 2611 1513 2666 aad
1531 2626 1566 2666 ex
1592 2609 1817 2666 Commentariis
1829 2607 1856 2660 in
1869 2609 1921 2658 Pro·

245 2693 361 2768 phetam
376 2695 502 2770 aliisque
517 2697 546 2754 S.
562 2697 690 2756 doctoris
705 2699 853 2772 operibus,
869 2705 898 2756 et
911 2715 978 2756 cnm
994 2700 1098 2774 primis
1114 2715 1149 2757 ex
1163 2699 1213 2756 illo
1227 2699 1263 2756 da
1277 2697 1452 2756 Nominibus
1476 2699 1630 2766 honorum,
1653 2697 1792 2754 describi.
1806 2696 1922 2752 Ceterum

242 2783 309 2840 vide
323 2800 386 2857 qna
402 2783 437 2840 da
452 2785 623 2858 hujusmodi
637 2787 871 2862 Hieronymianis
885 2789 1101 2855 Quastionibus
1124 2788 1155 2844 in
1175 2787 1305 2860 reliquos
1326 2788 1482 2860 Scriptura
1507 2785 1598 2842 libros
1623 2785 1682 2842 sire
1703 2785 1867 2857 deperditis,
1883 2795 1922 2834 seu

243 2873 342 2930 verius
358 2873 481 2932 minime
495 2874 685 2946 elucubratis,
700 2879 730 2934 in
750 2878 879 2951 generali
895 2879 1062 2952 praelatione
1076 2878 1276 2936 observamus.
1294 2878 1368 2934 lstos
1382 2877 1532 2950 exegimus
1547 2877 1583 2932 sd
1604 2875 1691 2932 sidem
1716 2871 1862 2930 domestici
1880 2883 1921 2924 ns.

246 2960 367 3032 codicis,
382 2978 441 3036 quo
456 2963 564 3037 sapius
580 2965 625 3022 usi
640 2982 756 3036 sumus,
770 2971 835 3023 tum
850 2968 885 3024 ad
907 2967 1001 3040 ipsius
1016 2967 1126 3024 Haboni
1142 2965 1307 3031 lectionem,
1327 2982 1390 3038 qna
1412 2965 1537 3022 subinde
1556 2963 1685 3020 melioris
1712 2970 1757 3022 est
1772 2955 1922 3032 fregisset

246 3048 345 3108 etalio
360 3050 407 3108 usi
421 3069 526 3110 sumus
542 3070 597 3112 ms.
612 3054 710 3112 codice
725 3054 944 3124 Mediolanensi,
968 3054 1149 3112 bibliotheca
1171 3054 1366 3112 ambrosiana
1388 3054 1444 3111 sub
1459 3053 1482 3110 D
1506 3052 1602 3109 littera
1621 3057 1650 3108 et
1664 3068 1788 3108 numero
1802 3052 1843 3118 88,
1857 3046 1924 3117 cujus

241 3136 388 3281 putentes
416 3138 554 3283 lpotioues
577 3141 607 3196 in
631 3141 686 3197 hau
709 3141 835 3198 editione
858 3143 947 3216 (quod
968 3142 1140 3215 precedenti
1164 3159 1216 3215 per
1244 3141 1411 3216 typothetae
1436 3157 1493 3198 non
1514 3141 1585 3198 satis
1618 3139 1714 3209 licuit)
1730 3141 1794 3197 suis
1813 3148 1923 3210 urnasque

257 3240 318 3282 ocra
334 3241 427 3298 expen
451 3243 539 3284 rmus.

252 3371 1919 3406 ἁ-Η--ὰ--ι-ι-ι-ι--ι--ι--ῇ--ι--ι-Ι-

619 3481 1114 3684 suessiones
1185 3554 1579 3664 asnatica

997 3752 1037 3814 IN
1059 3752 1197 3816 meaos

377 3929 703 4090 HEGUM
777 3932 901 4085 ET
969 3929 1816 4090 Phntntrotlsltott.

788 4301 846 4392 IN
876 4303 1101 4393 LIBRUM
1128 4303 1147 4389 Ι
1177 4301 1394 4393 REGUM·

277 4577 359 4651 (Cap.
375 4595 395 4634 1.
411 4577 537 4635 -Veia
570 4577 610 4650 l.)
625 4599 639 4630 n
656 4577 723 4636 min
753 4577 798 4635 vir
812 4593 890 4634 unus
910 4579 947 4635 de
959 4582 1065 4635 Hama—
1078 4580 1107 4647 Α
1122 4578 1202 4636 illius
1217 4595 1311 4651 usque
1326 4577 1362 4634 ad
1380 4575 1447 4634 Levi
1462 4575 1632 4651 perducitur
1640 4577 1664 4644 (l
1673 4577 1767 4633 Perat
1779 4574 1827 4646 v‚l
1844 4567 1919 4641 secel·

243 4665 335 4724 thaim
352 4665 486 4740 Sophim,
502 4667 538 4722 de
551 4670 650 4724 monte
664 4667 813 4739 Ephraim,
828 4671 859 4723 et
877 4683 984 4724 nomen
999 4667 1064 4739 ejus
1119 4671 1240 4724 lintrem
1256 4681 1373 4740 quoque
1387 4667 1451 4737 eins
1471 4665 1507 4721 de
1521 4665 1599 4720 tribu
1613 4663 1691 4721 luda
1706 4663 1849 4721 exstitisse
1858 4671 1920 4714 mon·

241 4754 723 4827 Hleaoa.lllius(c)leroam‚lllii
741 4754 817 4822 Hliu,
836 4753 1064 4826 filiiThon‚lllii
1121 4744 1242 4824 stratur,
1270 4755 1298 4812 in
1333 4755 1460 4828 eoquod
1493 4753 1808 4826 Hpbrntaeusvocatur.
1828 4747 1920 4820 Ephre·

240 4843 322 4917 Suph
338 4842 522 4916 thrataus.
541 4867 555 4895 »
572 4843 755 4901 Ramathaim
774 4843 994 4915 interpretatur,
1009 4842 1065 4898 dno
1119 4844 1243 4899 tansnb
1277 4843 1404 4916 thrata
1426 4842 1625 4911 nxoreCalab,
1656 4859 1747 4914 quam
1763 4841 1868 4897 rorstet
1893 4831 1919 4886 dt
1988 4867 1989 4874 ι

240 4933 419 4989 carehesilt
452 4933 585 4990 hnodno
616 4933 740 5000 excelse,
773 4933 837 4988 duee
859 4930 1067 5004 intelliguntur
1119 4931 1406 5001 trihuJudat'nisse,
1437 4931 1653 4988 dictusest.Ht
1686 4931 1711 4986 si
1729 4945 1813 5002 quem
1833 4923 1917 4984 moret,

239 5020 335 5077 tribum
347 5038 354 5077 z
367 5020 474 5094 regalis
489 5021 634 5089 videlicet,
651 5025 680 5077 et
702 5019 899 5077 sacerdotalis.
915 5020 997 5086 Quod
1013 5036 1065 5093 pa·
1120 5021 1196 5094 quod
1215 5036 1271 5076 non
1287 5020 1324 5075 ab
1339 5019 1476 5093 Ephraim
1493 5023 1501 5056 ¹
1519 5021 1544 5088 b,
1558 5019 1609 5074 sed
1620 5009 1919 5091 athHratbn,liphn·

240 5113 286 5163 ter
299 5109 410 5164 Hleaua
426 5109 462 5166 de
476 5108 554 5166 tribu
568 5108 656 5166 luerit
669 5109 745 5178 Levi,
778 5108 852 5166 libor
871 5107 1065 5181 Paralipome·
1120 5115 1192 5166 taus
1209 5113 1343 5166 vocetur:
1368 5109 1463 5166 videat
1486 5109 1515 5163 in
1541 5107 1799 5181 subsequentibus,
1813 5099 1918 5175 qualiter

241 5209 299 5250 nou
332 5196 612 5269 plenissimedocet,
646 5198 746 5270 inquo
779 5199 869 5254 series
888 5196 1064 5271 genealogies
1120 5199 1208 5254 David
1234 5197 1313 5253 filins
1345 5198 1398 5254 viri
1414 5196 1558 5269 llphrntai
1590 5201 1726 5252 vocetur:
1745 5209 1810 5250 enm
1829 5183 1917 5262 liquido

277 5337 343 5392 ¹lte
364 5337 455 5394 codex
479 5355 535 5395 ms.
561 5339 729 5395 monasterii
755 5337 997 5397 Cemmetioeusis
1012 5357 1063 5396 uo·
1118 5347 1203 5398 cetur.
1222 5341 1300 5398 ldem
1329 5339 1418 5396 habet
1433 5343 1461 5395 et
1493 5337 1631 5396 Rahaum
1646 5337 1766 5395 Haurus
1796 5333 1823 5388 in
1841 5337 1918 5401 esp-t

241 5407 305 5462 stri.
321 5405 376 5462 tllii
392 5410 537 5466 centrario
550 5425 639 5466 sensu
655 5410 680 5466 le
703 5415 756 5466 unt
774 5427 841 5467 cum
863 5411 950 5468 editis
969 5409 1063 5480 libris,
1119 5413 1169 5469 lib.
1187 5413 1336 5484 lHegum.

242 5477 363 5546 Qnedcb
395 5478 536 5549 Ephraim,
552 5497 606 5536 nen
638 5482 674 5537 ab
709 5482 821 5554 pirata,
836 5482 997 5555 prrctaerts
1018 5499 1064 5539 ro·

274 5603 302 5752 {a
284 5601 384 5750 “mg
399 5599 581 5673 Ambrosii
551 5602 626 5673 filias
636 5605 850 5676 ej.nsieroboom
1118 5607 1223 5666 nonai
1238 5606 1552 5682 Epirotah'pbrataens,
1568 5611 1622 5666 ato
1635 5607 1676 5664 lya
1688 5609 1718 5662 οι
1729 5598 1917 5662 mbr-omps

286 5675 303 5734 ὸ
323 5674 379 5738 Μ’·
390 5674 583 5750 sumptim
592 5620 1064 5760 mitishbrtspmeaespymm,
1119 5695 1175 5742 m,
