4066 6162
123 227 184 304 sor
742 237 775 310 s.
797 243 956 312 nassau
978 245 1216 318 erassatur.
1672 191 1677 198 ⁵
1769 247 1828 334 ses

124 375 187 432 ιιιιι
202 375 358 451 Pamphili,
373 377 577 436 eontinentur:
595 381 624 436 et
639 396 696 438 noo
719 381 784 439 dieo
816 399 866 439 sex
880 382 945 439 mil·
959 388 987 452 Α
1002 384 1045 442 sic
1059 390 1091 444 tu
1119 389 1190 446 doce
1206 404 1223 446 a
1237 402 1295 461 quo
1311 381 1460 460 exemplar
1474 381 1634 462 acceperis,
1648 389 1682 447 ul
1710 387 1762 462 qui
1780 391 1829 446 ιιι·

125 465 231 524 liased
266 469 383 526 tertiam
417 471 530 541 partem
561 486 619 526 non
655 471 790 542 reperies.
807 472 956 528 Habemus
1008 480 1116 534 ctorem
1131 477 1198 534 libri
1214 478 1282 533 dare
1298 475 1456 534 aliumnon
1466 477 1603 552 potuerit,
1614 477 1677 550 ipse
1692 475 1827 536 falsitatis

124 556 282 630 epistolam
298 557 458 630 supradicti
475 557 632 629 pontificis,
650 558 678 613 in
694 560 831 631 quahuie
842 560 955 616 caium·
1007 569 1260 624 sensissemus«
1277 565 1375 622 Bonus
1389 565 1476 622 homo
1491 567 1527 622 da
1550 566 1625 623 bono
1654 565 1751 624 cordis
1766 557 1828 636 tbess

126 647 183 704 niae
198 652 265 714 tuae,
282 648 353 702 dum
369 646 465 702 adhue
480 663 561 703 esses
587 648 617 703 in
642 649 768 716 Oriente,
786 649 951 721 respondet,
1007 671 1095 710 sauro
1109 655 1220 728 profert
1233 652 1284 710 illa
1298 670 1362 726 quae
1376 653 1455 710 bona
1469 659 1540 711 sunt
1555 654 1659 726 (Mallia.
1676 670 1726 723 ιιι,
1742 655 1789 725 35)
1799 673 1825 724 3»

126 738 155 792 et
169 735 388 807 apertissimum
405 735 953 794 mandaciumliberaveritatisfronto
1007 746 1145 816 atqueex
1172 759 1328 816 pomorum
1357 740 1522 810 dulcedine,
1551 742 1685 818 generosi
1706 725 1829 800 seminis

127 825 269 881 confutat.
483 865 485 868 -
604 884 607 890 ,
1006 832 1093 890 arbor
1112 831 1292 905 agnoscitur.

163 913 209 967 23.
238 913 357 968 Habebat
385 915 413 967 ia
443 915 536 969 animo
563 914 682 971 seribere
703 923 796 971 canan
810 915 953 987 Pamphili
1039 921 1084 976 el.
1098 921 1220 992 Epistola
1234 921 1376 992 supposito
1390 921 1571 993 Hieronymo.
1589 951 1620 962 -
1648 920 1755 977 Scribit
1770 922 1826 978 fra·

128 1002 299 1074 Apotapiam.
318 1003 375 1060 tib.
387 1002 421 1058 dc
438 1004 508 1060 Viris
523 1003 624 1059 illustr.
635 1005 670 1059 ad
684 1006 825 1061 bestium.
849 1006 951 1060 frona-
1004 1012 1048 1064 ter
1061 1009 1206 1066 Eusebius
1221 1025 1252 1066 se
1267 1009 1345 1081 apud
1362 1008 1445 1066 Afros
1460 1008 1624 1082 episcopos,
1644 1008 1695 1082 qui
1708 1017 1826 1082 propter

129 1091 477 1164 ralituaailiaaoapeais
492 1093 726 1150 iaadoteaceatio.
748 1125 783 1135 -
807 1092 951 1150 Posthac
1004 1095 1333 1155 ecclesiasticsscausas
1348 1098 1384 1153 ad
1400 1096 1572 1153 comitatum
1602 1103 1749 1168 venerant,
1765 1099 1824 1173 spi·

128 1180 737 1256 ettantaaudesinApolopuafuadicere,
769 1188 950 1240 tenonesse
1003 1184 1209 1259 stolamquasi
1227 1202 1291 1242 meo
1319 1186 1458 1258 scriptam
1487 1185 1607 1242 nomiae
1626 1187 1780 1260 reperisse,
1795 1188 1824 1244 in

126 1270 311 1326 defensorem
324 1269 469 1343 Origenia,
485 1288 580 1344 neque
596 1276 770 1328 assertorem
790 1271 880 1342 illius,
896 1289 949 1344 pro
1004 1292 1062 1348 qua
1089 1291 1205 1350 agerem
1234 1273 1445 1347 penitentiam,
1462 1278 1491 1331 et
1519 1274 1618 1331 meab
1646 1274 1774 1332 Hebraeis
1796 1275 1825 1332 in

127 1359 948 1434 aujnsdefensionePamphilusstuusehiaatihiparum
1003 1361 1200 1420 adolescentia
1231 1362 1386 1419 induetum
1415 1377 1479 1419 esse
1497 1365 1630 1430 testarer,
1661 1361 1827 1420 utHebrsa

126 1447 236 1508 dixisse
250 1454 320 1505 sunt
334 1448 399 1506 visi.
415 1449 577 1506 Adversum
593 1467 656 1522 que
671 1449 821 1507 volumina
836 1450 870 1524 (si
893 1449 948 1506 Do·
1002 1451 1153 1508 volumina
1166 1451 1196 1507 in
1213 1451 1349 1508 Latinum
1364 1454 1516 1516 verterem,
1531 1449 1562 1506 in
1577 1451 1686 1524 quibus
1697 1450 1780 1508 nulls
1790 1452 1827 1509 sit

126 1536 227 1593 minus
240 1538 305 1592 vita
320 1537 762 1612 hujusdederitspatiumlalias
773 1539 948 1611 respondere
1002 1539 1118 1596 veritas.
1134 1540 1216 1605 Quod
1232 1539 1356 1596 audiens
1384 1538 1535 1612 obstupui.
1551 1538 1586 1594 lla
1613 1540 1682 1612 quia
1698 1561 1713 1591 a
1727 1540 1760 1598 In
1777 1557 1826 1599 ore

127 1624 264 1680 conabor.
280 1625 364 1681 Nune
384 1629 499 1682 tantum
513 1625 573 1682 tuis
588 1627 800 1685 assertionibus
815 1626 949 1684 obviasse
1004 1627 1130 1685 duarum
1145 1627 1189 1686 vei
1204 1629 1295 1685 trium
1311 1633 1370 1684 stat
1398 1643 1486 1683 omne
1503 1626 1626 1683 verbum
1647 1629 1735 1700 (beat.
1754 1646 1824 1697 xvir,

125 1711 265 1779 sufficiat,
282 1717 310 1768 et
320 1713 374 1770 hoo
389 1713 514 1770 breviter
527 1716 701 1787 prudentem
716 1716 893 1772 instruxisse
908 1715 947 1772 le·
1004 1717 1037 1786 6;
1055 1718 1154 1775 liatth.
1169 1735 1251 1782 xvrn,
1268 1718 1320 1786 163
1336 1719 1363 1774 ll
1384 1715 1445 1772 Gor.
1462 1734 1527 1784 xm,
1543 1717 1582 1786 1),
1596 1738 1611 1769 a
1621 1717 1732 1790 unique
1746 1719 1825 1796 testi,

125 1802 246 1868 olorem,
263 1817 310 1856 me
323 1801 414 1858 istum
429 1802 538 1858 librum
554 1801 946 1876 quisubnominePamphili
1001 1822 1054 1862 nee
1069 1807 1171 1864 Catoni
1185 1807 1397 1876 creditum2est,
1414 1805 1544 1878 idipsum
1560 1805 1720 1862 multorum
1731 1805 1830 1864 meex'

124 1887 284 1960 ferebatur,
299 1890 407 1948 vidisse
421 1892 551 1964 primum
567 1893 710 1966 seriptum
726 1893 756 1949 in
765 1893 864 1950 codice
873 1897 922 1950 tuo
937 1912 943 1962 ;
979 1885 983 1890 ¹
1000 1896 1076 1953 Urbe
1091 1898 1215 1953 fratrum
1231 1895 1341 1968 scripta
1359 1896 1531 1964 docuerunt,
1541 1895 1763 1964 sciscitantium,
1784 1913 1823 1952 an

124 1979 238 2051 etquis
254 1997 312 2036 non
331 1984 393 2037 erat
408 1980 479 2036 mihi
494 1997 570 2037 curae
585 1981 656 2054 quid
681 1999 733 2055 pro
755 1983 888 2040 haeretico
904 1983 946 2038 di·
1000 1987 1041 2043 ila
1059 2003 1090 2043 se
1104 1986 1236 2056 heberet,
1253 1991 1281 2042 et
1296 2001 1313 2041 a
1328 2001 1386 2058 quo
1400 1983 1466 2057 ipsa
1490 1982 1615 2056 epistola
1634 1983 1823 2042 disseminata

124 2073 248 2136 caretur,
266 2069 308 2125 sie
323 2086 439 2144 semper
452 2069 602 2142 habuisse,
617 2071 947 2144 quasidivsrsumesset
1000 2080 1078 2133 esset
1106 2076 1136 2132 in
1161 2073 1267 2149 vulgus
1296 2071 1523 2146 lacrymabiliter
1551 2071 1754 2129 indicantium.
1769 2073 1825 2139 Qui

124 2174 199 2232 opus
213 2157 358 2232 Pamphili
374 2163 403 2214 at
416 2159 553 2214 Eusebii:
587 2163 689 2231 postea
703 2177 769 2216 vero
785 2161 946 2234 quaestione
998 2164 1055 2221 hoe
1069 2179 1159 2224 ausus
1175 2168 1220 2220 est
1232 2163 1336 2234 facere,
1351 2162 1421 2234 quid
1437 2160 1515 2218 aliud
1530 2177 1588 2218 non
1595 2162 1724 2218 audeat?
1738 2162 1824 2231 Bane,

124 2247 348 2320 mota,scriptis
382 2265 483 2304 eorum
499 2249 675 2321 respondere
706 2248 846 2318 voluisse,
865 2251 944 2307 etob
1000 2231 1594 2327 quodmalitianonbabettan'tssvires,
1621 2254 1748 2322 quantos
1770 2267 1821 2308 oo·

123 2335 946 2412 hanooausamlegisse,quidproOrigeneunusquisque
1000 2349 1097 2400 natus.
1126 2342 1255 2398 Perierat
1269 2340 1444 2409 innocentia,
1475 2339 1499 2396 si
1529 2355 1646 2413 semper
1676 2338 1814 2412 nequitiae

123 2426 255 2493 sentiret,
265 2424 475 2498 perspicueque
483 2425 732 2499 deprehendisset,
743 2428 820 2500 quod
832 2429 946 2500 primus
994 2433 1101 2503 iuncta
1114 2435 1191 2488 esset
1206 2429 1346 2503 potentia,
1359 2432 1388 2484 et
1402 2430 1496 2485 lotum
1511 2426 1656 2500 quidquid
1671 2427 1753 2499 cupit
1767 2444 1815 2484 oa·

122 2513 459 2572 libersexvolumiaum
475 2515 667 2588 blasebiiipse
695 2519 852 2590 esset,qui
869 2535 945 2574 unus
999 2519 1123 2590 lamnia,
1142 2519 1218 2576 518
1247 2516 1424 2590 prevaleret.
1448 2514 1561 2587 Stylum
1584 2515 1824 2589 meum,qualis·

123 2603 180 2661 sub
196 2602 314 2659 nomine
329 2602 507 2675 Pamphilia
525 2608 554 2660 te
577 2604 675 2660 editus
697 2607 750 2672 est,
774 2609 835 2661 tam
850 2606 946 2662 Graece
1000 2612 1188 2682 cunqueest,
1215 2607 1382 2664 alformam
1411 2604 1520 2678 eloquii
1548 2603 1593 2661 vir
1607 2603 1824 2662 disertissimus

125 2707 213 2764 quam
231 2691 342 2760 Latine,
358 2691 524 2748 immutatis
540 2693 681 2748 duntaxat
697 2692 833 2750 sensibus
847 2695 883 2750 da
898 2695 946 2751 Fi·
1001 2697 1162 2770 exprimere
1177 2712 1235 2751 non
1251 2693 1360 2766 potuit;
1376 2693 1427 2749 sed
1451 2692 1528 2748 iuter
1551 2692 1632 2765 ipsas
1647 2692 1822 2766 prestigias,

123 2779 206 2839 boet
233 2780 343 2853 Spiritu
359 2784 470 2846 sancto,
501 2780 550 2851 qui
580 2783 710 2853 apertam
730 2780 946 2855 blasphemiam
1000 2780 1823 2857 etalteriuspersonam,quasefrauduleutsriaduerat,

123 2869 326 2946 preferebant.
342 2870 423 2926 Unde
439 2869 528 2926 etiam
544 2874 611 2926 aute
623 2886 716 2926 annos
741 2870 831 2927 ferme
844 2872 947 2928 decem
1001 2875 1068 2950 quis
1082 2877 1160 2930 esset
1186 2871 1323 2928 ostendit.
1351 2870 1426 2942 Ergo
1441 2867 1489 2925 ille
1514 2868 1566 2941 qui
1592 2867 1747 2941 epistolam
1767 2869 1823 2927 sub

125 2975 193 3022 aum
208 2959 313 3016 Dexter
326 2959 440 3015 amicus
455 2975 549 3024 meus,
566 2959 616 3032 qni
631 2958 834 3032 prefecturam
849 2960 946 3016 admi·
1001 2963 1119 3022 nomine
1134 2978 1198 3019 mco
1213 2959 1388 3034 poenitentis
1412 2957 1551 3026 finxerat,
1577 2958 1654 3030 quod
1671 2957 1748 3014 mala
1767 2957 1823 3015 ile·

125 3048 262 3104 nistravit
276 3047 412 3119 pretorii,
428 3063 475 3104 me
491 3051 631 3122 rogasset,
657 3052 690 3104 ut
717 3051 868 3105 auctorum
894 3066 945 3106 no·
1001 3053 1080 3109 brea
1092 3049 1242 3108 volumina
1256 3045 1484 3115 transtulissem,
1501 3046 1626 3119 objicere
1641 3045 1758 3114 dicitur,
1775 3062 1822 3102 me

124 3139 191 3193 stre
207 3135 356 3208 religionis
368 3139 397 3192 ct
412 3136 538 3193 indicem
561 3139 700 3204 texerem,
728 3138 804 3194 iuter
827 3141 946 3195 oateros
961 3115 983 3184 G
1001 3141 1032 3197 in
1047 3135 1519 3212 Septuagintaoondemnationem
1529 3133 1694 3206 Scripturas
1704 3141 1823 3192 sanetas

123 3227 295 3280 tractatores
310 3224 394 3296 posui
410 3228 439 3280 et
458 3225 535 3280 hune
549 3222 657 3281 librum
674 3243 691 3282 a
718 3226 948 3300 Pamphilofadi-
1001 3229 1235 3302 interpretatum,
1264 3228 1297 3281 ut
1312 3224 1372 3281 sive
1400 3222 1474 3280 falsa
1489 3227 1568 3292 sunl,
1585 3223 1644 3279 sire
1671 3239 1740 3280 vera
1758 3240 1822 3296 qua

125 3317 201 3380 tum,
215 3311 257 3368 its
271 3317 378 3385 putans
394 3328 468 3380 esse,
483 3318 516 3368 ut
530 3329 547 3368 a
562 3318 589 3369 ta
602 3318 630 3370 et
644 3313 704 3370 tuis
720 3314 872 3388 discipulis
889 3318 947 3375 fue·
1000 3315 1149 3382 transtuli,
1166 3315 1195 3370 in
1220 3313 1342 3370 crimine
1368 3329 1519 3380 maneam
1544 3311 1615 3369 dum
1631 3315 1682 3368 aut
1700 3311 1730 3367 in
1747 3329 1821 3369 novo

123 3405 168 3460 rat
182 3401 376 3475 divulgatum.
393 3401 447 3458 Sed
464 3418 530 3457 oum
547 3401 610 3474 ipse
624 3402 852 3462 dieatllusebius
863 3407 945 3463 Pam·
999 3421 1085 3478 opere
1100 3405 1191 3461 fateor
1206 3419 1253 3459 me
1267 3418 1391 3466 errasse,
1414 3405 1466 3457 aut
1480 3415 1581 3456 recens
1609 3399 1698 3456 editio
1713 3401 1819 3458 veteris

122 3490 235 3565 philam
265 3492 339 3549 lm
370 3489 442 3548 nihii
473 3491 635 3564 scripsisse,
665 3494 792 3565 exeeptis
808 3494 944 3554 brevibus
998 3493 1203 3551 condemnatio
1219 3492 1256 3548 sit
1271 3492 1323 3564 [At.
1339 3491 1392 3562 all.
1410 3489 1500 3546 Miror
1513 3488 1660 3561 quomodo
1676 3489 1705 3544 in
1717 3489 1819 3545 mdem

122 3578 302 3653 Epistolisad
316 3580 481 3636 amicos:et
490 3579 605 3652 primus
616 3578 690 3636 liber
698 3597 749 3638 sex
757 3582 942 3642 voluminum
997 3582 1121 3657 epistola
1134 3581 1322 3642 homicidam,
1338 3582 1367 3636 ιι
1381 3578 1560 3643 adulterum,
1586 3582 1614 3633 et
1632 3576 1820 3651 sacrilegum,

121 3668 211 3738 imus,
228 3670 330 3726 eadem
346 3672 375 3724 et
389 3667 500 3725 eisdem
515 3668 610 3724 verbis
626 3668 782 3738 contineat,
807 3675 943 3744 quaesub
996 3678 1025 3729 et
1041 3671 1217 3744 parricidam
1247 3685 1293 3725 me
1321 3683 1386 3725 esse
1414 3665 1603 3732 condixerit,
1632 3665 1824 3738 etquidquid¹

121 3757 240 3817 nomine
252 3757 398 3831 Pamphili
414 3762 472 3814 ate
486 3757 554 3813 frola
567 3761 644 3821 sunt,
661 3759 901 3831 perspicuumest
914 3769 943 3822 te
996 3766 1092 3834 potest
1105 3758 1194 3816 tacita
1209 3756 1316 3814 mentis
1331 3755 1467 3829 cogitatio
1483 3755 1561 3811 intra
1575 3771 1606 3810 se
1625 3755 1819 3827 turpitudinis

119 3847 228 3904 idcirco
242 3845 351 3903 librum
366 3845 444 3900 bunc
458 3845 652 3902 disseminare
665 3847 802 3919 votuisse,
827 3854 860 3905 ut
886 3854 941 3910 sub
996 3850 1116 3906 volvere.
1131 3846 1245 3904 Gratias
1259 3845 1285 3901 ei
1309 3845 1400 3900 debeo
1424 3859 1520 3917 agere,
1546 3843 1625 3914 quod
1647 3859 1714 3900 cum
1736 3835 1825 3901 tanta

120 3934 549 4008 personamartyrisbaeresim
575 3934 785 3993 introduceres.
811 3939 941 4013 Cumque
996 3937 1069 3995 silva
1097 3937 1136 3994 sit
1163 3933 1332 4000 eriminum,
1360 3946 1451 3988 unum
1482 3930 1589 3987 erroris
1616 3929 1659 3987 vel
1682 3931 1819 3988 falsitatis

120 4024 156 4081 de
171 4023 300 4096 hooipso
313 4022 389 4080 libro
408 4039 496 4095 quem
524 4022 668 4096 Pamphili
697 4025 832 4096 simulas,
848 4029 942 4086 multa
995 4026 1105 4084 crimea
1123 4022 1270 4095 objecerit.
1287 4022 1383 4094 bigone
1397 4025 1499 4076 contra
1514 4019 1706 4094 Septuaginta
1725 4019 1817 4076 inter-

120 4113 304 4188 perverteris,
320 4117 349 4170 et
364 4111 449 4169 aliter
461 4111 491 4168 in
508 4113 616 4181 Graeco,
631 4112 715 4170 alitor
733 4115 763 4172 in
780 4117 880 4173 Latino
891 4119 939 4188 sit,
994 4120 1092 4189 pretes
1107 4112 1218 4185 aliquid
1235 4126 1300 4167 sum
1316 4109 1441 4174 locutus,
1457 4108 1536 4180 quod
1551 4113 1618 4164 ants
1640 4125 1733 4164 annos
1752 4103 1826 4182 plu·'

120 4204 252 4260 fraudem
268 4207 348 4260 tuam
378 4202 466 4259 errori
499 4219 563 4259 meo
578 4203 725 4275 imputare
754 4221 811 4260 non
840 4207 939 4266 debes.
995 4205 1086 4260 menos
1101 4201 1327 4274 diligentissime
1341 4198 1522 4264 emendatos,
1539 4213 1609 4252 mem
1631 4197 1737 4270 lingue
1754 4201 1819 4252 stu·

117 4290 845 4364 Gredidienimejuscesclibrum,quamtitulus
868 4311 940 4366 pre·
995 4291 1086 4350 diesis
1112 4289 1188 4357 dedi,
1211 4305 1285 4362 quos
1314 4287 1445 4360 quotidie
1473 4288 1503 4342 in
1532 4292 1676 4344 conventu
1694 4282 1825 4344 fratrum

117 4379 542 4454 ferebatsicutaspi’hppbv,
560 4379 696 4436 etmulta
721 4379 780 4435 alia
807 4380 940 4454 Origeois
994 4381 1135 4443 edissero,
1165 4394 1289 4450 quorum
1320 4376 1451 4437 Psalmos
1470 4377 1536 4449 jugi
1565 4376 1754 4433 meditatione
1768 4378 1819 4434 de·

117 4484 213 4541 opera,
230 4467 483 4540 plurimorumque
508 4467 622 4523 Gracia
645 4471 847 4535 tractatorum,
874 4487 937 4542 quas
955 4482 976 4548 D
991 4469 1100 4526 oanlot
1116 4468 1187 4524 Tam
1204 4465 1313 4522 stultus
1328 4480 1418 4530 eram,
1436 4468 1469 4521 ut
1483 4465 1561 4537 quod
1578 4465 1608 4520 in
1632 4465 1761 4537 pueritia
1774 4457 1826 4521 di-'

115 4560 167 4614 aut
194 4561 261 4613 ante
285 4573 343 4611 nou
372 4555 428 4628 legi
457 4560 508 4612 aut
535 4573 614 4611 nune
643 4555 802 4628 compellor
830 4557 935 4632 legere,
991 4557 1060 4626 dici,
1076 4573 1164 4612 senex
1176 4554 1306 4612 oblivisci
1321 4552 1594 4610 vallethniverai
1606 4553 1816 4610 tractatusmei

115 4646 276 4721 questione
291 4644 417 4701 haeresos
432 4645 582 4712 suscitata,
600 4648 632 4700 nt
651 4644 741 4700 sciam
766 4662 830 4716 qum
845 4648 936 4705 vitare
990 4646 1097 4702 horum
1113 4643 1290 4700 testimoniis
1304 4642 1375 4698 texti
1390 4647 1471 4699 sunt.
1483 4640 1691 4698 commentarii
1701 4640 1733 4696 in
1744 4641 1817 4696 duo·

113 4736 246 4804 debeam,
262 4751 325 4808 qus
340 4733 463 4807 probare
477 4732 559 4788 Unde
574 4737 603 4788 at
616 4733 646 4788 in
663 4733 860 4792 adolescentia
884 4736 936 4794 bo·
989 4733 1084 4790 decim
1100 4731 1268 4804 Prophetas,
1284 4735 1313 4788 et
1340 4746 1437 4787 meam
1461 4734 1490 4786 et
1508 4729 1700 4802 Septuaginta
1713 4727 1815 4786 editio

114 4823 212 4881 miliae
225 4828 341 4880 tantum
356 4823 421 4895 ejus
436 4837 509 4894 quas
527 4819 705 4894 loquebatur
727 4823 763 4878 ad
780 4824 932 4897 populum,
989 4837 1056 4878 nom
1072 4819 1248 4877 edisserunt.
1265 4819 1287 4875 0
1307 4818 1422 4875 labores
1445 4817 1611 4885 homiuum,
1636 4831 1753 4890 semper
1767 4817 1816 4873 in·

112 4915 142 4970 in
158 4915 266 4987 quibus
282 4931 340 4972 non
356 4917 437 4971 lanta
461 4911 599 4968 scandala
618 4913 802 4980 tenebantur,
821 4913 932 4986 simpli.-
988 4909 1057 4967 oerti
1071 4912 1101 4966 lo
1113 4907 1280 4964 mortalium
1290 4907 1389 4964 studia
1402 4905 1562 4964 contrarios
1578 4903 1727 4961 interdum
1738 4906 1818 4964 fines

112 5002 184 5058 citer
197 5005 367 5077 rogantibus
394 5001 541 5067 transtuli,
569 5000 658 5058 nullis
684 5002 880 5074 prmjadioans
899 5019 933 5058 ex
988 4999 1145 5056 babential
1162 4997 1243 5054 Unde
1259 5013 1305 5052 me
1319 4995 1459 5068 putabam
1475 4994 1549 5051 bene
1568 4995 1675 5072 mereri
1698 4995 1735 5051 de
1758 4999 1814 5052 ba-

110 5089 157 5144 bis
174 5107 237 5162 quas
253 5093 424 5162 probantur,
437 5091 489 5147 illa
512 5091 661 5163 suscipere
689 5107 756 5163 quae
776 5090 933 5146 manifeste
986 5088 1056 5145 tinia
1073 5087 1154 5152 meis,
1167 5091 1196 5143 et
1206 5090 1373 5142 nostrorum
1384 5083 1420 5140 ad
1431 5083 1604 5142 discendum
1616 5083 1730 5140 animos
1739 5098 1810 5140 oon·

109 5175 338 5233 haereticasuat.
368 5184 449 5234 Certe
478 5180 522 5250 (at
537 5179 744 5252 compendium
772 5177 851 5250 longi
872 5193 932 5233 aar·
986 5175 1180 5248 aitare,quod
1205 5173 1293 5228 otiam
1319 5173 1409 5230 Greci
1430 5172 1598 5229 versumde
1625 5171 1814 5244 Latinopoat

110 5266 207 5320 monis
224 5264 339 5334 faciam)
356 5266 431 5321 sieut
445 5283 498 5340 ego
513 5269 645 5332 ostendo,
668 5268 764 5324 moab
789 5265 836 5322 his
850 5282 932 5322 aoce-
985 5268 1082 5320 tsntoa
1098 5264 1269 5334 interpretes
1284 5276 1342 5317 non
1359 5261 1551 5330 fastidiunt¹;
1568 5261 1635 5318 inde
1649 5261 1679 5316 in
1690 5260 1817 5334 eulpam

108 5351 309 5427 pissclibrum
340 5352 440 5425 quide
469 5361 519 5412 tuo
546 5356 645 5412 codice
660 5356 928 5427 transcripserunt:
984 5369 1081 5420 vocor,
1096 5356 1125 5408 et
1139 5348 1293 5407 nauseanti
1306 5350 1457 5406 stomacho
1473 5350 1554 5406 eibos
1565 5350 1675 5423 ingero.
1687 5350 1722 5406 lot
1736 5350 1812 5422 quid

144 5463 354 5568 ¹,Psslterium
382 5506 452 5575 pulo
482 5503 565 5561 innui
592 5522 627 5563 ex
655 5505 774 5562 Hebraeo
804 5505 904 5563 Latine
928 5521 945 5563 ι
974 5506 1002 5559 S.
1037 5503 1155 5558 duotore
1178 5499 1336 5568 redditum,
1351 5504 1448 5572 ¹atque
1476 5517 1511 5557 ex
1540 5501 1641 5559 Latino
1669 5503 1766 5562 Graue
1794 5521 1814 5563 a

109 5576 270 5653 Sophronia
285 5574 446 5650 vulgatum.
