4064 6158
719 108 728 136 Ι

185 221 247 320 ne
811 213 1262 292 sussuranensis
1829 224 1890 300 rso

186 359 611 435 leutmlhiomnemouusam
633 375 723 434 quare
751 359 787 417 ab
816 358 932 415 Arianis
956 373 1005 414 ve·
1019 357 1125 422 Aerat
1152 375 1228 417 cure
1256 361 1401 437 episeopis
1430 365 1466 423 de
1497 361 1649 440 uocabulo,
1679 381 1746 423 oum
1781 381 1889 424 sensus

187 453 301 510 uiantes
318 451 464 511 lloolessia
488 451 617 525 recipiet,
635 469 692 508 non
719 449 804 523 quasi
834 447 1009 517 adversario,
1065 451 1142 503 esset
1169 449 1199 506 in
1228 454 1301 508 tuto.
1340 453 1468 529 lienique
1496 454 1561 529 ipso
1583 455 1613 511 in
1641 459 1784 529 temporo,
1819 471 1889 512 oum

187 545 239 600 sed
268 545 352 618 quasi
391 541 535 616 discipulo
570 541 705 614 explices.
748 541 821 595 Narn
856 555 921 594 com
957 535 1009 592 tibi
1065 535 1197 593 fraudem
1214 539 1304 597 luisse
1317 541 1345 598 in
1359 544 1538 617 expositione
1557 561 1659 602 rumor
1678 545 1778 618 populi
1793 545 1888 601 venii·

187 634 274 689 uerbo
294 634 469 706 respondere
493 648 551 687 non
572 629 797 703 possim,aninio
820 633 918 684 tamen
942 641 1009 681 neo·
1065 623 1149 692 leret,
1165 627 1280 698 Valens,
1298 631 1459 690 llursensis
1474 635 1642 707 episcopas,
1658 633 1710 706 qui
1731 649 1797 690 eam
1818 650 1890 691 con·

189 721 259 778 dum
276 723 430 778 assentior.
1065 715 1232 788 scripserat,
1247 725 1389 790 praesente
1408 723 1504 778 Tauro
1531 721 1658 794 praetorii
1675 723 1821 795 praelecto,
1837 723 1889 794 qui

228 813 269 866 17.
284 812 316 867 0.
335 812 394 866 Sub
406 827 472 884 rege
487 809 657 866 Constantio
674 811 693 875 ¹,
718 807 843 864 Eusebio
868 811 896 862 et
915 805 1009 877 Hypa-
1064 804 1192 874 exjussu
1217 807 1294 879 regis
1322 811 1433 882 synodo
1462 811 1577 878 aderet,
1603 811 1755 884 protessus
1784 817 1829 868 est
1859 829 1891 868 se

188 900 228 955 tio
244 899 424 966 oonsulibus,
450 898 567 953 nomine
590 896 712 952 unitatis
737 895 803 950 fidei
826 890 985 948 infidelitas
999 891 1010 924 ²
1065 892 1206 950 arianum
1219 912 1276 951 non
1287 899 1517 971 esse‚etpenitus
1532 900 1568 956 ob
1580 917 1682 956 eorum
1695 899 1890 972 blasphemiis

189 989 298 1060 scripta
312 993 369 1056 est,
384 993 416 1042 ut
431 1003 508 1042 nunc
525 985 779 1060 agnoscitur.Nem
796 982 847 1038 illo
868 987 1009 1052 tempore.
1065 980 1221 1039 abhorrere
1235 984 1255 1039 ⁸.
1280 989 1335 1042 Res
1363 991 1473 1044 secrete
1499 992 1583 1060 gesta
1611 988 1780 1062 opinionem
1809 988 1890 1063 vulgi

188 1077 263 1133 nihil
280 1082 339 1132 tum
362 1076 454 1148 pium,
472 1075 545 1130 nihil
560 1079 620 1130 tam
635 1071 812 1129 conveniens
828 1087 910 1126 servo
938 1067 985 1124 Dei
1000 1069 1011 1101 ³
1066 1085 1122 1126 non
1139 1072 1324 1130 exstinxerat.
1341 1075 1442 1148 Itaque
1457 1075 1516 1132 alio
1529 1077 1576 1133 dio
1603 1077 1633 1133 in
1656 1077 1796 1145 Ecclesia,
1824 1094 1889 1149 que

187 1165 349 1235 videbatur,
366 1183 454 1237 quam
472 1165 613 1219 unitatem
629 1162 756 1234 sequi,et
770 1179 787 1217 u
801 1161 892 1216 totius
907 1157 1011 1214 mundi
1065 1163 1110 1214 est
1123 1162 1199 1232 apud
1215 1162 1391 1232 Ariminum,
1406 1169 1434 1221 et
1448 1165 1651 1238 episcoporum
1678 1165 1812 1223 simulet
1835 1165 1889 1224 lei-

187 1254 395 1310 communione
420 1269 477 1309 non
501 1252 606 1308 scindi.
629 1251 795 1307 Praesertim
820 1265 887 1305 cum
909 1263 1010 1319 super·
1066 1264 1165 1304 corum
1179 1251 1272 1307 turbis
1287 1254 1540 1324 concurrentibus,
1557 1255 1890 1330 Maeonius,cpisoopus

186 1342 268 1398 ilcies
284 1341 473 1415 expositionis
489 1341 561 1398 nibil
573 1342 636 1413 jem
653 1339 828 1412 sacrilegum
845 1337 1009 1410 preferret:
1066 1337 1220 1409 provincie
1237 1342 1385 1414 Byzacena
1403 1345 1424 1412 ⁹,
1441 1345 1487 1400 oui
1508 1349 1627 1416 propter
1650 1348 1763 1401 etatem
1787 1345 1889 1418 prime

186 1427 328 1486 Credimus
350 1431 476 1498 aiebant,
507 1432 537 1486 in
566 1447 655 1486 unum
685 1445 777 1484 uerum
803 1429 888 1483 Deam
909 1428 930 1493 ⁸,
961 1426 999 1479 Pa
1066 1425 1486 1500 ebomnibusdelorebantur,
1504 1431 1891 1508 italoculusest:llaqu‹e

185 1525 255 1576 trem
288 1522 507 1591 omnipotentem.
533 1519 591 1574 Hoc
619 1519 708 1574 etiarn
738 1533 792 1572 nos
821 1516 1010 1572 confitemur.
1065 1517 1240 1588 scrutinatam
1253 1520 1281 1574 in
1296 1520 1435 1592 publicum
1450 1522 1511 1588 ¹⁰,et
1530 1513 1635 1578 ad'nes
1658 1537 1742 1594 usque
1765 1521 1888 1594 perlata,

186 1609 327 1666 Credimus
340 1610 369 1664 in
388 1609 564 1679 llaipeaitum
582 1609 629 1664 Dei
658 1608 773 1670 Filium,
800 1608 849 1678 prii
871 1610 935 1662 onte
957 1621 1012 1662 orn·
1066 1605 1186 1676 aliquem
1200 1607 1301 1664 euobis
1315 1611 1456 1665 sanctitati
1473 1614 1570 1666 cestrar
1598 1611 1685 1682 tepere
1697 1612 1889 1683 precipimus,

183 1699 234 1755 nia
245 1697 361 1766 saecuta,
377 1700 476 1754 etanta
490 1713 570 1752 arnae
585 1697 753 1768 principium
772 1705 857 1751 natus
877 1697 916 1751 est
934 1694 1009 1751 189
1024 1722 1048 1789 Β
1066 1701 1097 1749 ut
1107 1705 1241 1767 quaesunt
1254 1698 1339 1764 mala,
1354 1703 1381 1754 et
1408 1700 1442 1754 ab
1464 1700 1579 1754 auribus
1606 1704 1632 1754 et
1656 1716 1673 1755 a
1701 1700 1781 1755 corde
1793 1705 1889 1756 nostro

184 1803 219 1843 ex
232 1789 296 1843 Dea.
327 1788 430 1843 Natam
452 1793 544 1842 antem
574 1787 750 1857 tlrripenitum
776 1788 866 1840 solam
888 1799 923 1838 err
948 1781 1008 1839 solo
1063 1782 1298 1842 abborrerent)
1311 1787 1418 1855 debeat,
1435 1790 1628 1844 omniumuua
1642 1788 1890 1845 recedamaeutur.

183 1863 277 1944 Patre,
293 1878 379 1932 Deum
406 1892 441 1932 ea
470 1881 535 1941 Deo,
557 1874 681 1930 similem
709 1875 827 1945 penitori
853 1887 903 1928 suo
931 1874 1010 1928 Patri
1063 1872 1245 1946 Responsum
1261 1879 1305 1930 est
1319 1875 1354 1931 ob
1371 1875 1516 1934 universis
1535 1877 1691 1950 episcopis,
1707 1875 1814 1934 Placet.
1832 1879 1890 1934 lta·

184 1965 333 2022 secandum
347 1965 505 2037 Scripturas
517 1981 524 2032 ;
538 1965 615 2034 eujus
630 1963 801 2018 aaliritatem
814 1961 908 2017 nullus
923 1962 1007 2028 uouit,
1064 1978 1120 2034 quc
1135 1979 1201 2018 curn
1217 1963 1365 2031 claudius,
1382 1964 1537 2039 episcopus
1552 1965 1706 2039 provincis
1733 1966 1840 2035 Piceni,
1855 1983 1893 2024 ex

183 2056 241 2110 nisi
255 2056 303 2126 qui
315 2055 389 2110 salus
404 2070 467 2110 eum
481 2054 576 2122 pererit
593 2053 686 2107 Pater.
710 2050 859 2122 Numquid
884 2048 931 2106 hic
961 2049 1010 2104 iu·
1064 2056 1207 2124 precepto
1223 2052 1580 2127 omnium,blesphemias,
1591 2072 1656 2127 quae
1671 2054 1802 2112 Valentis
1816 2056 1891 2131 iere·

185 2148 297 2200 sertum
312 2147 376 2198 eat:
395 2147 461 2198 Erat
474 2151 590 2212 ternpus:
604 2139 711 2212 quando
726 2156 782 2195 noa
801 2142 885 2194 erni?
899 2137 953 2205 vel,
977 2138 1010 2194 de
1063 2141 1180 2208 bantur,
1196 2140 1291 2213 legere
1305 2141 1450 2214 erupisset,
1464 2143 1581 2200 Valens.
1599 2161 1679 2212 sues,
1689 2160 1753 2201 esso
1766 2161 1890 2218 negans,

183 2231 469 2295 nalliseestantitas,
499 2234 627 2285 ereatura
654 2233 693 2284 est
721 2230 809 2284 Filius
841 2229 930 2284 llei⁵i
947 2229 1009 2284 Per·
1063 2229 1234 2286 exclamavit
1248 2234 1276 2286 et
1289 2230 1363 2286 dixit
1376 2232 1396 2266 ¹¹
1422 2233 1477 2287 :Si
1491 2234 1645 2304 prriraepat
1664 2233 1806 2289 caretum
1830 2239 1887 2291 Do·

183 2320 345 2377 sectalides
361 2324 414 2387 est,
431 2319 523 2374 Deum
540 2318 575 2373 de
599 2319 658 2373 Deo
687 2318 814 2373 eredere.
844 2317 878 2371 m
907 2321 1008 2373 natum
1063 2321 1181 2384 minum,
1196 2320 1358 2385 lleiFlium,
1373 2323 1438 2376 ante
1456 2321 1558 2376 soeeula
1585 2338 1622 2376 ea
1644 2327 1728 2378 Patre
1752 2323 1890 2393 penitam,

183 2409 301 2466 aiebant
317 2408 505 2482 Unigenitum
529 2404 636 2473 solum,
664 2423 698 2462 ex
727 2404 789 2461 solo
815 2407 906 2461 Patre.
935 2405 1009 2472 Ouid
1063 2408 1209 2462 anathema
1223 2410 1267 2464 sit.
1284 2409 1326 2464 Ab
1341 2409 1485 2465 universis
1500 2408 1717 2466 conclamatum
1734 2414 1788 2478 est,
1818 2412 1892 2468 dua-

184 2503 229 2554 est
242 2507 340 2554 natum
353 2497 367 2552 ‘l
379 2500 460 2553 Certe
475 2513 532 2552 non
554 2497 676 2551 lactum.
701 2494 844 2551 Nativitas
866 2494 1010 2566 suspicio·
1063 2495 1155 2551 tbema
1169 2497 1215 2551 sit.
1232 2499 1314 2552 -Si
1328 2498 1478 2569 quisnepot
1493 2497 1600 2554 Filium
1611 2498 1732 2554 similem
1755 2499 1835 2555 Patri
1853 2516 1896 2556 se-

184 2603 251 2642 nem
267 2586 418 2642 eulerehet
433 2589 584 2640 creature.
601 2584 755 2639 addebant
782 2587 940 2656 praterea:
958 2584 1011 2652 Qui
1063 2584 1183 2640 mandram
1202 2585 1367 2657 Scripturas,
1397 2585 1544 2644 eratineo
1571 2589 1617 2643 sit.
1641 2587 1749 2646 Omnes
1774 2603 1896 2660 respon-

142 2735 148 2748 ,
185 2676 218 2732 de
234 2677 302 2730 coelo
330 2675 482 2742 descendit,
496 2677 638 2745 eorrreptns
658 2677 697 2728 est
720 2673 753 2727 de
774 2674 882 2743 Spiritu
903 2677 1008 2736 saneto,
1063 2673 1180 2728 derunt.
1196 2675 1479 2731 landemarii-Si
1491 2678 1552 2748 quis
1562 2674 1727 2734 Filiamllei
1740 2677 1892 2735 madiae·

185 2773 268 2819 natus
282 2779 317 2818 en
331 2762 418 2818 ituria
435 2764 554 2833 Virpiue,
577 2762 725 2832 crucifixus
749 2778 766 2815 a
791 2761 888 2816 Pontio
908 2762 1007 2827 Pilato,
1064 2763 1102 2817 rit
1114 2766 1248 2819 oetmuum
1263 2779 1325 2819 cum
1338 2765 1428 2833 Patre,
1436 2765 1587 2821 anathema
1605 2767 1652 2821 sit.
1677 2766 1720 2821 Ab
1743 2765 1893 2824 universis

185 2854 266 2908 tertia
295 2851 340 2907 die
368 2851 520 2906 resurrexit
547 2867 564 2905 a
593 2851 719 2916 mortuis,
749 2848 871 2904 aseendit
899 2851 930 2903 ia
958 2865 1010 2904 rm·
1064 2839 1278 2906 conclamatum
1296 2853 1571 2919 est,Amrtlremosit.
1598 2854 1677 2910 -Si
1702 2856 1762 2926 quis
1785 2855 1895 2912 dicerit

186 2945 243 2998 tum
258 2943 279 3009 ⁶,
296 2941 371 2997 sedet
384 2941 418 2996 ad
432 2940 573 2996 deuterum
587 2939 747 3003 lleiPatris,
777 2941 908 2994 venturus
931 2939 1008 3010 judi·
1063 2941 1217 2997 creaturam
1242 2941 1344 2996 Filium
1372 2943 1431 3009 liei,
1460 2949 1490 2998 ut
1517 2951 1583 2998 sunt
1607 2945 1711 3000 ceterae
1739 2948 1890 3002 ereaturoe.

186 3049 249 3088 core
263 3035 371 3088 rrivosd
384 3037 514 3087 mortuos.
530 3029 678 3084 Sonabant
703 3027 789 3083 verba
810 3026 957 3100 pietatem,
982 3033 1011 3083 et
1064 3030 1210 3084 adalberno
1223 3031 1270 3085 sit.
1291 3029 1433 3086 Similiter
1448 3029 1558 3087 dietum
1575 3036 1631 3098 est,
1642 3033 1893 3089 Acarnaniam.—

67 3127 75 3142 '
185 3119 261 3176 inter
275 3121 348 3175 tanti
364 3119 451 3174 mollo
467 3117 613 3191 praeconii,
635 3133 721 3173 nemo
746 3117 1006 3186 venenum-inser·
1024 3086 1046 3154 c
1065 3117 1095 3174 Si
1110 3117 1433 3189 quisdieeritde'uullis
1447 3122 1619 3176 exstantibus
1642 3121 1755 3189 Filiam,
1781 3129 1807 3177 et
1831 3137 1892 3178 nera

186 3214 249 3264 turn
266 3209 397 3280 putabat.
1062 3206 1094 3262 de
1107 3208 1158 3263 lieo
1172 3211 1267 3273 Patre,
1278 3209 1426 3266 aaodemo
1439 3210 1475 3264 sit
1491 3208 1599 3265 Omnes
1618 3210 1891 3281 conclamaverunt,

222 3299 264 3352 18.
282 3297 351 3354 llsiar
369 3312 468 3352 nomen
491 3312 577 3367 quare
599 3297 732 3351 oblatum.
762 3295 857 3351 Valens
888 3295 1008 3350 llnrseu-
1061 3297 1214 3353 dnatbcma
1232 3298 1276 3352 sit.
1292 3327 1327 3336 -
1342 3296 1372 3352 Se
1387 3297 1891 3371 quisdiaerit,lirctternpueqaaado

184 3388 221 3440 sis
248 3387 400 3456 episcopus.
429 3385 539 3440 Scrinia
572 3384 684 3456 publiea
721 3385 913 3440 Ecclesiarum.
941 3387 1007 3440 dcta
1060 3385 1892 3459 uoneratFilius,anatbemasit¹¹.lnhooveroeunctiepi·

183 3475 365 3532 Ariminensis
379 3474 488 3546 syrrodi.
503 3505 539 3512 —
556 3475 594 3528 lle
608 3472 683 3529 Usim
698 3489 766 3529 vero
789 3473 907 3529 nomine
931 3473 1005 3543 abji·
1061 3472 1151 3544 scopi,
1168 3477 1195 3528 et
1209 3477 1271 3528 tota
1285 3473 1374 3529 simul
1385 3473 1517 3545 Ecclesia
1530 3474 1637 3549 plausu
1655 3476 1782 3548 quodam
1793 3477 1890 3533 altri-

145 3615 149 3625 .
182 3563 295 3630 ciendo,
315 3562 482 3619 verisimilis
517 3562 590 3618 ratio
620 3563 802 3634 prebebatur
829 3564 850 3617 ⁷.
877 3564 948 3632 Quia
976 3565 1005 3618 iu
1060 3561 1149 3633 pudio
1163 3560 1294 3618 Valentis
1309 3578 1407 3619 rocem
1422 3568 1608 3636 exceperunt.
1623 3564 1704 3629 Quod
1735 3563 1760 3620 si
1785 3565 1891 3637 quiea

181 3653 341 3725 scripturis,
358 3651 475 3708 aiebant
487 3667 544 3708 naa
559 3652 708 3718 invenitur,
728 3661 753 3708 et
772 3653 872 3708 mullos
895 3653 1003 3724 simpli-
1059 3651 1144 3707 nobis
1158 3653 1258 3708 licium
1274 3656 1367 3724 putat,
1383 3652 1493 3708 serinia
1506 3653 1623 3726 publica
1646 3657 1802 3710 scrutetur.
1820 3653 1889 3711 Ple-

178 3745 264 3799 ciorer
278 3743 397 3798 riervitate
410 3759 462 3798 sua
474 3739 659 3809 scandalizat,
674 3741 781 3812 placuit
800 3743 918 3812 auferri.
940 3741 1003 3798 Non
1058 3757 1102 3796 nro
1117 3745 1187 3798 sunt
1201 3745 1278 3796 corle
1290 3739 1484 3798 lloclesiarum
1501 3758 1578 3798 arare
1593 3743 1657 3811 ¹³,et
1671 3758 1772 3800 recens
1786 3741 1888 3800 adhuc

217 3865 373 3933 ¹Subrene
390 3865 556 3930 Constantio,
582 3862 711 3931 Eusebio,
729 3869 782 3919 etc.
808 3865 951 3921 Eusebius
975 3871 1003 3922 et
1058 3869 1244 3938 usurpatum,
1272 3881 1427 3937 nequeas
1456 3865 1629 3922 auctoritate
1663 3867 1886 3939 scripturarum

180 3935 323 4016 Hypatius
337 3939 441 3991 iratres
457 3937 574 4016 luerunt
595 3935 736 4014 ruostine
762 3937 858 3992 uxoris
881 3935 1000 3992 loliani.
1056 3937 1231 4063 proiectum,
1242 3938 1302 4019 ‘sub
1318 3937 1415 4009 specie
1431 3937 1512 3994 falsie
1528 3938 1649 4020 rationis
1662 3938 1762 4020 Ariani
1786 3938 1888 3997 abola-

179 4006 251 4062 Vrde
276 4011 342 4061 Am.
366 4005 567 4062 Marcellinum
592 4005 642 4061 lib.
668 4023 725 4062 xxi.
738 4007 879 4063 Consules
903 4013 999 4064 uatem
1078 4011 1137 4074 ant,
1151 4023 1287 4063 neumas
1302 4025 1369 4064 cum
1388 4009 1468 4065 Patre
1484 4009 1655 4065 substantie
1671 4009 1762 4066 Filius
1781 4011 1885 4067 crede·

179 4094 256 4134 anno
271 4077 378 4134 Christi
393 4079 457 4148 537,
473 4077 501 4132 id
525 4081 570 4133 est
598 4077 759 4133 constantii
790 4080 832 4134 12.
859 4083 998 4136 Manena.
1057 4079 1259 4144 retundendam
1277 4079 1350 4134 tides
1365 4079 1492 4136 similem
1508 4079 1585 4136 Petri
1602 4079 1707 4137 Filium
1724 4080 1883 4138 fatebatur.

214 4149 320 4216 ‘Quod
340 4148 409 4206 hinc
422 4148 554 4222 sequitur
565 4149 600 4204 de
616 4151 726 4221 synodo
750 4150 927 4206 Ariminensi
943 4153 999 4206 lra—
1056 4149 1111 4204 Sed
1129 4149 1252 4205 interius
1268 4150 1369 4206 aderat
1384 4150 1464 4206 lraus
1475 4155 1508 4206 ut
1521 4151 1786 4219 essetsimilis,non
1802 4159 1886 4210 esset

177 4227 330 4290 amentum
350 4239 417 4277 curn
443 4221 530 4276 veteri
555 4221 649 4276 mss.
667 4220 998 4287 GermaniPorisieusis,
1055 4219 1188 4326 spaniis.
1208 4244 1217 4269 ι

177 4291 303 4378 aliisque
317 4291 533 4364 exemplaribus
555 4289 679 4346 eontulit
696 4307 724 4346 v.
742 4291 777 4346 cl.
795 4290 941 4356 baluzius,
971 4298 1000 4348 et
1116 4291 1543 4358 Vetuseod.,Etaberr0rese
1569 4295 1719 4351 recessisse.
1751 4293 1801 4350 Sed
1830 4296 1885 4352 boc

176 4364 368 4421 conciliorum
387 4363 507 4418 editioni
536 4360 673 4417 inseruit:
699 4362 740 4416 lbi
771 4377 822 4432 pro
851 4363 998 4432 infidelitas
1053 4364 1215 4433 opinionem
1235 4363 1382 4434 vulpinae
1410 4364 1712 4438 sustinueratrpaulo
1741 4369 1818 4437 post,
1848 4369 1885 4422 Et

176 4439 222 4488 est
246 4434 430 4490 incredulitas
446 4441 490 4498 ;el
510 4448 574 4504 que
605 4432 716 4504 quidem
738 4447 813 4488 naue
846 4433 999 4505 infidelitas
1013 4467 1038 4536 D
1054 4433 1471 4492 laicorumturbacoacurreas.

176 4506 310 4560 noscitur.
1089 4505 1203 4578 iTurpi
1219 4522 1316 4562 errore
1332 4505 1440 4562 lectum
1468 4511 1513 4564 csl
1542 4507 1685 4564 haetenus
1712 4509 1883 4581 Byzantium

210 4574 341 4630 ⁸lnms.
371 4590 458 4646 penas
486 4575 621 4630 eumdem
648 4571 800 4629 Bolusiom
826 4576 910 4632 suuis
938 4579 998 4648 Dei,
1054 4593 1106 4648 pro
1126 4578 1285 4649 Baniurae.
1311 4576 1447 4634 Balarius
1477 4583 1599 4650 pratens
1627 4579 1728 4651 reponi
1756 4578 1819 4635 vult
1845 4597 1884 4637 ex

174 4649 237 4701 tum
252 4649 277 4702 el
292 4653 374 4703 lotias
388 4643 486 4700 mundi
499 4645 691 4701 commuuione
708 4645 820 4716 absque
847 4663 864 4701 a
887 4663 996 4721 praepo·
1053 4647 1174 4720 antiquo
1191 4665 1246 4704 ms.
1263 4649 1402 4705 Primatus
1417 4650 1451 4706 ab
1477 4652 1604 4707 emeritus
1632 4651 1810 4722 deferebatur
1824 4667 1882 4723 pro

175 4717 290 4774 sitione.
1049 4735 1152 4791 prinae
1166 4725 1195 4775 et
1208 4720 1412 4790 deserebantur.
1438 4721 1569 4796 Denique
1593 4727 1676 4779 vetus
1696 4720 1765 4779 edit.
1792 4738 1883 4781 avoces

211 4789 328 4855 ‘ldem,
343 4790 375 4844 la
397 4803 485 4843 uriam
509 4787 600 4842 solum
627 4803 722 4842 verum
750 4788 844 4853 Deuru,
872 4793 927 4846 eto.
946 4809 953 4860 ;
969 4796 997 4849 ct
1047 4795 1345 4897 propteroetalemnon
1362 4793 1505 4864 agnoscit.

175 4858 914 5001 Putitiiill‘ttulit'titiilt'ti‘ti
930 4951 995 4990 aa
1049 4863 1569 5006 ..li”tilitiittttttttt·
1595 4865 1878 4994 lietardi·

115 5000 126 5019 ⁸
171 5004 280 5060 rectius
301 5010 340 5060 De
362 5005 448 5060 rrutlis
471 5003 632 5059 errantibus
655 5003 789 5058 creaturis
811 5019 868 5058 esee
892 5005 994 5062 Filium
1049 5005 1125 5060 ribus
1138 5005 1262 5062 cordium
1276 5009 1432 5061 nostrerum
1447 5021 1499 5077 pro
1512 4953 1657 5063 etagorde
1672 4995 1780 5074 nostr-b,
1794 5015 1847 5064 etc.

171 5073 229 5127 Dei.
1084 5077 1102 5111 ¹¹
1115 5076 1157 5132 lto
1172 5093 1187 5130 e
1202 5093 1257 5132 ms.
1274 5075 1572 5134 Buloziusllditiones
1587 5076 1649 5133 alise
1664 5077 1764 5134 lerunt
1779 5077 1877 5135 Claris-

205 5143 671 5211 ⁶lsthaeoamor·tui,asceuditin
694 5144 793 5199 crelam
821 5161 855 5200 es
870 5145 991 5203 Victorii
1046 5154 1106 5203 tum
1118 5151 1213 5204 Deum.
1231 5149 1296 5204 llox
1319 5163 1353 5203 ex
1382 5148 1483 5205 eodem
1505 5149 1581 5216 cod,
1612 5157 1638 5205 el
1665 5148 1773 5206 addidit
1802 5167 1876 5224 sup-

169 5215 319 5270 codicibus
333 5220 361 5270 et
381 5217 535 5271 Baluziuno
548 5215 704 5287 exemplari
721 5215 901 5272 suffecimus.
914 5219 988 5274 'lum
1045 5219 1172 5291 plentur.

169 5286 313 5340 exoodcrn
329 5293 357 5341 et
380 5287 468 5340 vetor-i
484 5287 610 5342 editione
638 5289 711 5342 tanti
733 5285 823 5342 rnella
859 5292 991 5359 precanii
1081 5291 1102 5324 ¹²
1114 5291 1193 5346 Idem
1211 5305 1245 5344 ex
1261 5287 1310 5344 illo
1333 5288 1421 5345 veteri
1444 5290 1600 5365 exemplari
1629 5290 1878 5350 sufficil:0maes

167 5353 295 5426 legimus
312 5373 363 5428 pro
386 5361 464 5412 tanin
493 5359 541 5412 illa
561 5360 710 5428 preconia,
739 5363 771 5413 ut
799 5363 885 5415 antea
912 5362 988 5418 obli·
1042 5361 1261 5432 respondenmt:
1289 5361 1490 5418 {anthemusia

168 5427 265 5483 nebat.
1079 5433 1099 5468 ¹³
1115 5433 1252 5488 lleodose
1263 5435 1325 5486 oret
1339 5437 1432 5490 certae.
1449 5433 1518 5490 Cod.
1536 5433 1635 5491 Bnlua.
1661 5434 1879 5508 scripturarum

202 5500 212 5533 ⁷
228 5499 298 5555 Rern
314 5502 413 5554 narrat
428 5496 573 5578 Sulpitius
588 5495 640 5551 lib.
658 5515 688 5566 n,
716 5515 779 5572 cap.
805 5502 857 5557 43:
877 5525 891 5554 α
912 5503 986 5561 Usioe
1040 5504 1284 5559 ecclesiasticarum
1298 5517 1382 5561 areae.
1394 5505 1482 5561 loire.
1498 5508 1581 5563 vetus
1597 5506 1680 5576 edit,
1696 5507 1728 5562 st
1742 5508 1876 5578 quiveri-

164 5572 286 5630 verbum
302 5577 441 5642 tanquam
457 5569 629 5641 ambiguum
645 5573 674 5623 et
687 5573 796 5628 temere
812 5591 829 5629 a
851 5575 985 5634 Patribus
1039 5578 1122 5632 talem
1133 5576 1253 5646 tinuerit,
1269 5575 1326 5645 qui,
1343 5579 1398 5632 etc.
