4128 6164
137 243 183 309 31
697 245 791 313 vl'la
813 240 846 312 S.
869 238 1095 313 mulmento
1115 238 1314 312 uacuum.
1814 250 1855 319 ⁸8

141 384 173 438 ot
188 377 363 446 ditissimus
376 376 457 440 urbis
467 377 546 448 hire,
556 395 619 454 quc
635 377 710 436 mari
723 381 822 437 Rubro
832 379 977 453 imminet,
991 381 1019 448 Α
1033 395 1085 437 ora
1108 380 1198 436 maris
1213 378 1336 448 cedens,
1352 381 1431 435 totus
1445 377 1571 451 paralysi
1585 377 1759 454 dissolutus,
1774 388 1803 440 et
1817 386 1853 443 ab

141 487 161 526 a
175 469 298 544 legione
320 487 477 544 possessus
501 471 679 537 demonum,
699 469 735 526 ad
751 486 818 526 oum
833 469 978 526 adductus
1032 469 1128 542 operis
1154 469 1240 526 sociis
1257 467 1371 525 delatus
1399 467 1434 524 sd
1451 473 1596 536 sanctum,
1627 470 1725 528 statim
1743 475 1855 530 sanus·

140 563 200 616 est.
227 563 347 628 Manus,
378 559 484 627 cervix,
512 559 614 626 latera,
643 559 733 632 pedes
761 558 837 614 ferro
866 557 977 614 onerati
1031 557 1068 614 ad
1084 574 1158 631 opus
1172 557 1385 615 reversusest?
1406 556 1517 613 litenim
1534 557 1617 615 littus
1632 561 1709 632 quod
1725 559 1853 619 Palesti-

139 652 241 718 erant,
260 648 427 722 furorisque
442 647 584 704 sevitiam
604 647 677 703 torvi
691 645 768 704 oculi
777 647 975 703 minabantur.
1032 663 1075 702 uo
1090 649 1271 721 AEgyptoqus
1288 646 1481 720 pretenditur
1494 647 1577 718 [Fert.
1594 649 1787 722 protenditur]
1802 667 1854 723 per

139 743 278 810 Cumque
293 737 498 794 deambularet
512 741 635 794 sanctus
648 753 715 791 cum
731 735 882 804 iratribus,
899 740 927 792 et
942 735 977 790 de
1032 740 1167 792 naturam
1184 735 1270 792 molle
1289 736 1385 792 arenis
1401 736 1430 792 in
1442 752 1511 792 saxa
1532 736 1757 795 durescentibus
1770 757 1852 812 aspe-

141 825 310 900 Soripturis
334 825 434 882 nescio
458 825 529 898 quid
553 824 804 897 interpretaretur,
820 824 916 896 erupit
928 823 978 880 ille
1031 829 1132 880 ratur:
1148 824 1348 896 paulatimque
1358 824 1556 882 cohaerescens
1567 826 1622 881 sibi
1638 825 1745 898 glarca,
1760 829 1855 901 perdit

143 916 181 971 dc
196 914 340 971 manibus
369 930 400 970 so
426 913 608 970 tenentium:
635 915 664 968 et
678 910 830 984 amplexus
845 912 897 984 [At.
914 928 977 967 am·
1031 916 1153 981 tactum,
1169 929 1236 968 cum
1253 930 1311 969 non
1328 915 1430 986 perdat
1441 919 1602 987 aspectum.

144 1003 272 1077 ploxans
286 1011 311 1060 et
322 1001 519 1075 amplexatus]
532 1018 601 1057 euru
618 1005 685 1074 post
699 1004 825 1073 tergum,
841 1000 870 1054 in
885 999 977 1056 subli-
1066 1002 1111 1055 20.
1127 1001 1289 1072 Maleficicm
1304 999 1466 1058 dissolutum
1493 1004 1524 1058 ia
1550 1003 1732 1062 caracallas.
1748 1038 1782 1048 -
1798 1007 1854 1064 Sed

144 1092 327 1149 seelevavit.
345 1090 462 1147 Clamor
489 1095 573 1146 ortus
597 1090 634 1146 ab
650 1090 807 1146 omnibus:
835 1089 979 1146 timebant
1032 1091 1061 1144 ct
1075 1088 1192 1144 italicam
1220 1089 1352 1161 ejusdem
1368 1090 1467 1162 oppidi
1483 1092 1636 1166 municeps
1658 1092 1853 1163 Christianus,

143 1180 232 1237 enim
246 1197 286 1238 ne
301 1181 428 1236 conlecta
438 1177 564 1251 jejuniis
580 1176 712 1234 mamhra
733 1176 890 1233 collideret.
906 1180 977 1232 San·
1032 1177 1173 1233 adversus
1183 1177 1341 1234 Gazensem
1352 1178 1556 1247 Duumvirum,
1568 1181 1674 1237 Marna
1686 1183 1763 1240 idolo
1774 1185 1854 1241 dedi·

145 1273 224 1326 ctus
240 1269 387 1325 arridens:
409 1266 499 1324 Silete
522 1267 576 1338 [Al.
593 1266 702 1337 simiel,
719 1265 826 1338 inquit,
852 1269 881 1321 et
905 1265 977 1321 mihi
1032 1268 1107 1332 lum,
1120 1265 1269 1322 Circenses
1283 1283 1375 1339 equos
1398 1267 1450 1338 [Al.
1466 1267 1535 1323 circi
1550 1285 1640 1341 equos
1656 1271 1784 1344 curules]
1801 1291 1854 1329 nu-

144 1373 257 1414 mcum
271 1355 454 1430 palaestritam
482 1355 631 1412 dimittite.
655 1356 695 1410 Ac
715 1353 756 1410 sio
771 1359 875 1410 rellexa
891 1369 979 1428 super
1031 1354 1210 1410 triebat.lloc
1220 1355 1367 1426 siquidem
1378 1354 1407 1409 in
1423 1355 1562 1413 Romanis
1578 1358 1699 1414 urbibus
1710 1361 1774 1430 Jam
1787 1362 1855 1418 inda

142 1447 292 1503 humeros
306 1461 405 1514 mauu,
421 1448 511 1517 caput
525 1445 588 1515 ejus
607 1443 721 1517 tetigit:
737 1442 979 1517 apprehensoque
1033 1442 1205 1499 servabatur
1226 1443 1381 1499 altomulo
1391 1445 1412 1515 ⁴,
1429 1449 1460 1499 ut
1476 1449 1593 1517 propter
1608 1446 1719 1502 ieliocm
1734 1449 1856 1505 Sabina·

141 1535 239 1602 crine,
257 1534 424 1606 antepedes
435 1533 576 1589 adduxit:
594 1531 902 1604 stringeusaregione
916 1549 977 1588 am·
1033 1545 1099 1585 rum
1125 1533 1253 1603 raptum,
1283 1533 1410 1602 conso⁵,
1440 1533 1524 1605 quasi
1557 1535 1746 1593 consiliorum
1785 1537 1854 1607 Deo,

144 1626 199 1680 bas
215 1639 324 1680 manus
340 1623 414 1694 ejus,
431 1620 591 1693 etplautas
620 1625 745 1692 utroque
761 1620 879 1678 calcans
895 1622 976 1692 pede,
1032 1618 1183 1692 quadrigae
1210 1624 1329 1692 septeno
1357 1627 1478 1678 currant
1502 1622 1679 1692 circumitae
1708 1629 1736 1682 et
1764 1643 1856 1699 equos

145 1711 298 1786 simulque
311 1709 511 1783 ingeminans,
520 1713 657 1780 torquere
667 1708 732 1780 [Al.,
759 1711 904 1780 torquere,
917 1709 977 1778 ail],
993 1752 1017 1817 B
1033 1707 1124 1779 partis
1153 1708 1279 1764 adverso
1306 1709 1438 1782 fregisse,
1460 1709 1582 1767 victoria
1605 1713 1654 1768 sit.
1683 1713 1735 1769 llic
1757 1713 1856 1787 itaque

146 1802 318 1858 demonum
344 1799 442 1868 turba,
471 1803 619 1870 torquere.
637 1797 768 1869 Cumque
783 1797 831 1853 ille
844 1796 977 1870 ejularet,
1032 1796 1207 1853 emulosuo
1236 1797 1361 1854 habente
1389 1797 1567 1870 maleficum,
1595 1801 1646 1873 qui
1668 1802 1856 1860 demoniacis

146 1895 176 1946 el
187 1889 296 1946 rsilaxa
305 1888 418 1946 cervice
426 1891 537 1942 terram
551 1886 657 1942 vertice
678 1889 828 1959 tangeret:
845 1885 978 1954 Domine,
1033 1883 1209 1957 quibusdam
1221 1885 1482 1958 imprecationibus
1497 1893 1525 1944 et
1535 1887 1789 1962 hujusimpediret
1800 1892 1854 1964 [Al.

148 1978 257 2052 iuquit,
274 1977 356 2045 Jesu,
373 1973 452 2032 solve
482 1975 635 2044 miserum,
666 1974 744 2031 solve
770 1975 927 2046 captivum.
943 1975 979 2031 Ut
1031 1974 1309 2046 praecantationibus
1323 1978 1352 2031 et
1363 1975 1452 2046 hujus
1463 1977 1615 2049 praeparet]
1626 1983 1765 2050 equos,et
1775 1979 1856 2038 illius

148 2082 256 2131 uuum,
271 2066 313 2121 ita
328 2070 356 2122 et
367 2062 466 2138 plures
487 2063 602 2120 vincera
614 2068 699 2120 tuum
715 2067 769 2120 est.
786 2063 856 2119 Rem
874 2061 979 2136 loquor
1032 2063 1235 2119 concitaretad
1247 2069 1377 2134 cursum,
1389 2065 1469 2120 veuit
1483 2065 1518 2121 ad
1531 2065 1649 2122 beatum
1666 2067 1855 2135 Hilarioncm,

146 2155 326 2222 inauditam,
342 2170 378 2210 ex
405 2152 609 2210 unehominis
637 2151 931 2220 crediversoevcoes,
948 2157 977 2209 et
1032 2155 1209 2208 etuontam
1236 2153 1437 2209 adversarium
1467 2154 1543 2220 ladi,
1573 2171 1663 2226 quam
1689 2173 1720 2212 se
1740 2157 1856 2214 delendi

147 2244 236 2317 quasi
250 2243 391 2299 contusus
407 2240 507 2314 populi
522 2239 634 2298 clamor
648 2239 831 2298 audiebatur.
852 2241 978 2298 Curetas
1032 2239 1203 2296 obsecravit.
1221 2241 1353 2313 ineptum
1370 2243 1465 2298 visum
1485 2247 1530 2298 est
1557 2246 1722 2302 venerando
1747 2247 1810 2302 seni
1825 2247 1856 2302 in

146 2329 421 2405 itaquesthio,non
436 2328 642 2403 postmultum
655 2329 874 2402 temporiscum
889 2347 979 2388 uxore
1032 2327 1235 2400 hujuscemodi
1264 2331 1351 2402 nugis
1379 2331 1539 2387 orationem
1567 2333 1698 2404 perdere.
1724 2337 1856 2407 Cumque

148 2419 388 2479 etliberisvenit
410 2419 445 2475 ad
475 2418 697 2486 monasterium,
726 2417 865 2490 plurime,
894 2421 978 2491 quasi
1033 2416 1197 2473 subrideret
1224 2421 1253 2472 et
1282 2418 1408 2474 diceret:
1438 2418 1496 2474 Cur
1524 2436 1582 2474 non
1604 2421 1855 2494 magisequorum

149 2509 280 2583 gratiam
306 2508 485 2572 redditurus,
516 2507 592 2563 dona
620 2507 755 2562 afferens.
778 2506 829 2562 Cui
846 2512 977 2575 sanctus,
1033 2503 1328 2576 pretiumprosclote
1344 2506 1855 2584 animetuaepeuperibuserogasi

149 2598 219 2654 Non
233 2597 337 2670 legisti,
363 2597 472 2670 inquit,
502 2596 571 2667 quid
601 2595 678 2652 Ciani
695 2595 744 2668 (Ν
757 2597 821 2666 ilcp.
850 2595 890 2668 v),
907 2595 978 2668 quid
1033 2592 1257 2666 illerespondit,
1274 2593 1454 2651 functionem
1482 2611 1546 2652 esso
1570 2595 1737 2668 publicam,
1759 2600 1855 2658 etheo

150 2687 255 2743 Simon
271 2687 339 2758 (Act.
355 2685 419 2758 vnn)
434 2685 516 2757 passi
528 2684 588 2740 sint
599 2701 606 2740 ε
619 2700 746 2756 quorum
761 2681 847 2739 aliter
868 2685 980 2757 occepit
1033 2697 1064 2738 so
1079 2697 1136 2738 non
1151 2685 1211 2738 tam
1227 2681 1309 2753 valle,
1324 2699 1414 2756 quam
1440 2684 1515 2758 cogi,
1536 2701 1590 2742 uec
1604 2702 1690 2758 posse
1704 2686 1854 2746 hominem

149 2775 291 2849 pretium,
322 2774 396 2830 alter
423 2772 546 2841 obtulit;
572 2775 604 2828 ut
632 2772 681 2828 ille
703 2771 839 2828 venderet
853 2774 977 2846 gratiam
1032 2768 1232 2826 Christianum
1243 2770 1286 2827 uti
1297 2772 1418 2844 magicis
1429 2772 1562 2842 artibus;
1579 2775 1629 2831 cod
1646 2792 1662 2832 a
1677 2791 1759 2832 servo
1770 2770 1870 2834 chus

150 2865 281 2937 Spiritus
310 2863 415 2928 sancti,
442 2861 488 2917 bio
518 2859 718 2918 mercaretur?
744 2861 875 2933 Cumque
890 2861 978 2919 Orion
1033 2859 1341 2932 stipotiusauailium
1365 2865 1474 2932 petere,
1491 2863 1732 2921 maximecontra
1745 2865 1855 2924 (lazen-

150 2953 369 3010 tlsnsdiecret:
397 2951 514 3023 Accipe,
545 2951 625 3006 stdo
650 2949 978 3024 pauperibus,respon-
1032 2948 1274 3005 sesadversurios
1290 2948 1360 3005 Dei:
1385 2954 1485 3005 otnou
1502 2952 1633 3008 tameibi
1653 2968 1741 3025 quam
1758 2955 1855 3012 Eccle-

151 3043 217 3098 dit:
234 3043 276 3098 'l'u
292 3040 398 3097 melius
413 3043 495 3111 potes
518 3042 570 3095 tua
593 3036 785 3107 distribuere,
797 3038 847 3110 qui
863 3055 915 3112 per
929 3057 978 3096 ur·
1033 3034 1082 3089 sic
1097 3033 1202 3090 Christi
1218 3033 1405 3092 insultantes.
1432 3036 1561 3110 Rogatus
1588 3053 1657 3111 ergo
1686 3041 1855 3100 ascetribus

149 3132 204 3187 bes
219 3128 365 3195 ambulas,
380 3132 410 3184 et
423 3127 502 3184 nosti
524 3143 677 3200 pauperes.
694 3127 752 3182 Eoo
774 3143 823 3190 our
838 3143 896 3182 rana
910 3114 1012 3186 reli-C
1032 3121 1084 3194 qui
1097 3121 1227 3190 aderant,
1243 3122 1386 3196 scyphum
1401 3123 1519 3181 ssctilem
1535 3142 1593 3197 quo
1613 3126 1712 3185 bibere
1732 3145 1855 3188 eonsue-

150 3217 375 3292 qui,coralieua
387 3215 549 3291 appetam?
563 3215 663 3271 Multis
678 3231 785 3271 nomen
801 3233 976 3289 pauperum,
1032 3215 1122 3280 leret,
1139 3226 1216 3282 equa
1226 3211 1318 3282 jussit
1331 3211 1460 3284 impleri,
1476 3215 1561 3285 eique
1577 3215 1663 3272 tradi.
1680 3218 1771 3284 Quom
1787 3235 1855 3276 oum

151 3306 267 3364 occasio
280 3307 407 3362 avaritia
422 3309 485 3361 est:
502 3303 702 3360 misericordia
720 3320 786 3359 vero
802 3309 892 3362 artem
919 3323 977 3363 uon
1033 3299 1193 3371 accepisset
1209 3299 1335 3370 Italicus
1352 3306 1380 3357 ot
1395 3301 1445 3358 28
1472 3303 1632 3371 stabulum,
1662 3309 1691 3360 ei
1713 3323 1816 3379 equos,
1828 3313 1857 3364 et

151 3395 460 3453 habetlinuoaaeorus
475 3396 586 3466 erogat,
602 3408 691 3464 quam
721 3393 770 3450 22
786 3395 836 3465 qui
862 3395 917 3451 sibi
933 3394 978 3450 ni·
1032 3386 1149 3460 aurigas
1177 3405 1259 3455 suos,
1285 3387 1406 3446 rhedam
1421 3391 1442 3457 ⁶,
1471 3407 1679 3465 carcerumque
1716 3397 1855 3469 repagula
1939 3403 1942 3408 “

153 3483 196 3540 hil
219 3487 361 3542 reservat.
376 3482 464 3540 Tristi
494 3485 592 3539 autem
621 3485 651 3538 et
677 3482 707 3536 in
734 3484 835 3538 terra¹
849 3484 976 3554 jacenti:
1032 3476 1167 3549 aspersit.
1184 3477 1258 3533 Mira
1277 3476 1356 3550 vulgi
1378 3479 1572 3551 exspectatio:
1598 3485 1854 3541 uametadverss-

152 3571 235 3640 Noli,
249 3570 358 3643 inquit,
384 3570 560 3638 contristari,
578 3570 640 3638 ssli;
669 3571 747 3642 quod
765 3571 837 3627 lucio
852 3589 903 3643 pro
920 3589 977 3645 me,
1032 3563 1158 3621 riushoc
1169 3565 1266 3638 ipsum
1294 3567 1431 3634 irridens,
1446 3568 1667 3640 diffamaverat,
1683 3577 1712 3628 et
1728 3572 1855 3632 lautores

151 3663 185 3716 et
202 3675 257 3731 ppo
280 3658 403 3715 turgeio,
418 3659 447 3714 Si
476 3659 555 3716 enim
581 3659 641 3716 haeo
656 3675 804 3732 accepero,
822 3663 851 3716 pt
866 3677 918 3733 ego
933 3662 978 3718 os.
1031 3651 1122 3710 Italici
1134 3653 1190 3710 sibi
1202 3657 1311 3709 derium
1320 3655 1469 3712 Victoriam
1481 3655 1852 3729 pollicentesexsultabant

150 3748 274 3805 tendam
286 3747 390 3814 Deum,
405 3748 484 3804 etad
500 3753 528 3805 te
543 3748 620 3820 legio
635 3752 804 3805 revertetur.
1032 3742 1124 3815 Igitur
1138 3742 1206 3798 dato
1234 3742 1319 3816 signo
1347 3744 1376 3798 hi
1390 3744 1537 3812 advolant,
1567 3745 1609 3802 illi
1625 3749 1853 3820 propediantur.

188 3838 235 3893 19,
248 3835 422 3909 paralyticus
433 3844 554 3893 meratus,
571 3867 605 3876 -
621 3836 691 3900 Quis
701 3853 768 3893 voro
782 3837 877 3910 9030st
889 3837 977 3894 gelen.
1031 3830 1090 3885 Sub
1106 3830 1313 3887 horumourru
1345 3837 1413 3888 roto
1437 3833 1555 3903 lervent,
1587 3835 1630 3892 illi
1651 3839 1854 3908 praetorvolan·

149 3924 361 3999 tiopraeterire,
378 3925 456 3998 quod
472 3925 623 3982 Caranus¹
635 3924 800 3998 Majomites
815 3925 894 3982 haud
914 3925 978 3982 lon·
1031 3919 1106 3976 tium
1134 3924 1217 3991 terga
1244 3920 1292 3975 vix
1319 3926 1453 3978 cernunt.
1469 3922 1586 3980 Clamor
1598 3925 1632 3981 fit
1650 3926 1728 4000 vulgi
1744 3927 1855 3988 nimius

149 4031 186 4088 ge
201 4014 409 4072 omonaslerio
430 4013 507 4086 ejus,
521 4012 636 4087 lapides
665 4014 700 4068 ad
722 4013 927 4071 edificandum
943 4016 979 4071 de
1033 4007 1240 4079 [Coddmimius
1251 4009 1420 4082 attollituri:
1438 4012 1480 4068 ita
1493 4016 1525 4068 ut
1541 4013 1655 4072 Etbnioi
1665 4033 1781 4090 quoque
1795 4017 1853 4091 ipsi

188 4211 197 4242 ¹
212 4207 283 4264 ldss.
301 4221 415 4272 ornnes,
431 4210 458 4262 et
473 4207 503 4262 io
517 4207 609 4262 crenis
624 4222 676 4278 pro
689 4213 772 4262 terro.
1033 4204 1114 4273 dicti,
1126 4205 1175 4277 qui
1192 4204 1227 4260 ab
1243 4203 1326 4260 initio
1337 4205 1503 4277 Neptunum
1515 4206 1855 4269 honorabantllumdem

192 4277 300 4334 ¹Unus
315 4295 384 4346 ms.,
398 4277 534 4345 anonau,
561 4275 612 4332 alii
638 4277 781 4344 Zenonos,
810 4278 854 4334 vel
880 4279 978 4335 anoi·
1033 4276 1112 4333 onim
1124 4280 1153 4332 et
1162 4278 1289 4358 Consum
1302 4280 1417 4332 vocant.
1436 4299 1447 4326 ι
1464 4277 1499 4332 lla
1514 4279 1635 4336 statim:
1652 4283 1855 4367 «Quanquam

156 4347 753 4500 '¹¹2⁸rrll¹.lltlllttlltlt⁰ttl³l·
1034 4346 1542 4501 tittltlttlittltfftlltll:
1567 4352 1856 4500 lj¹¹d⁶iin⁰ti⁰qi¹i

191 4492 309 4547 *Antea
323 4495 425 4546 contra
438 4506 511 4546 mss.
526 4489 614 4545 fidem
639 4493 701 4544 erat
716 4506 746 4545 rn
773 4491 908 4562 presenti
923 4507 980 4547 aar·
994 4476 1018 4542 Ι)
1034 4495 1104 4545 tuno
1118 4490 1292 4546 Sabinarum
1308 4506 1455 4562 virgiuum
1467 4496 1583 4562 raptum
1599 4493 1854 4554 militibussuisin

153 4570 247 4618 rolur.
264 4563 338 4617 Tum
356 4578 408 4634 pro
432 4560 516 4617 Conso
541 4559 611 4617 olim
640 4561 749 4616 erotcd
772 4563 840 4632 ipso.
858 4561 980 4620 Gravius
1035 4560 1222 4617 matrimonia
1247 4560 1429 4634 excogitavit.
1461 4585 1471 4611 ι
1502 4563 1531 4618 S.
1562 4563 1723 4638 Cyprianus
1751 4565 1802 4624 lib.
1819 4570 1855 4624 de

153 4633 214 4705 legi
238 4631 331 4688 voluit
351 4633 386 4688 ab
400 4635 459 4703 ipso
481 4631 575 4687 Conso.
607 4631 647 4687 De
662 4631 716 4686 hoo
731 4636 827 4688 autem
844 4633 980 4689 oonsilio·
1035 4629 1184 4687 idolorum
1198 4633 1335 4700 vanitate,
1352 4655 1366 4683 α
1383 4635 1504 4700 Consus,
1526 4649 1613 4705 quem
1629 4637 1716 4693 deum
1733 4639 1854 4706 fraudis,

154 4720 223 4760 rum
233 4703 304 4769 Deo,
321 4704 368 4759 oui
384 4707 504 4776 septeno
515 4703 639 4758 circuitu
655 4703 803 4776 quadriga
814 4705 979 4772 currebant,
1034 4701 1113 4759 velut
1127 4703 1316 4759 oonsiliorum
1332 4704 1419 4760 deum
1435 4703 1489 4760 ooli
1505 4706 1647 4763 Romulus
1664 4709 1763 4778 voluit,
1780 4716 1856 4782 post

153 4778 317 4832 occurrunt
329 4774 441 4846 passim
457 4773 813 4844 monumenta,equibus
829 4775 980 4858 inscriptio
1077 4773 1300 4855 aminraplum
1330 4775 1506 4832 Sabinarum
1536 4777 1657 4848 perfidia
1685 4781 1855 4851 provenit.»

153 4843 981 4916 vetoselimeliossainCirooldaximoapudPenvinrum
1058 4845 1097 4899 id.
1114 4849 1213 4908 etiam,
1230 4861 1254 4900 sr
1283 4845 1373 4912 lubet,
1401 4847 1574 4920 Dionysium
1594 4849 1855 4906 Halicarnassoeum

154 4920 294 5000 cosmum
321 4916 358 4974 de
387 4916 477 4974 Ludis
505 4915 634 4972 Circens.
662 4914 835 4988 Elegantiss.
861 4917 980 4991 Proper·
1035 4914 1086 4971 lib.
1103 4915 1285 4999 elaterium
1299 4917 1456 5000 ltprimum
1469 4917 1486 4972 l.
1502 4933 1533 4985 11,
1551 4922 1579 4974 at
1602 4919 1802 4990 Plutarchum,
1819 4922 1855 4978 lla

153 4993 218 5054 uus
234 5005 272 5044 u·
1036 4987 1446 5140 qagcsctggsscgsasspnffiazcsbm
1461 5058 1650 5116 consiliorum
1667 5062 1721 5118 deo
1735 5066 1763 5118 et
1778 5062 1857 5122 ludis

1034 5130 1215 5186 circensibus
1240 5128 1358 5185 consule
1380 5129 1609 5200 fragmentorum
1635 5133 1711 5188 Festi
1727 5134 1856 5208 Pompeii

1034 5201 1142 5256 librum
1157 5201 1275 5256 tertium
1289 5217 1296 5267 ;
1321 5205 1349 5255 et
1364 5201 1402 5254 M.
1432 5201 1569 5258 Varronis
1584 5203 1620 5259 De
1643 5204 1741 5274 linquo
1754 5207 1856 5264 Latiae
1905 5218 1910 5225 ’

151 5269 197 5326 Ad
215 5284 279 5325 rem
294 5275 425 5327 nostram
440 5271 531 5326 Varro
546 5269 597 5326 lib.
613 5289 630 5326 v
644 5272 683 5326 lle
697 5271 765 5342 liap.
783 5273 864 5326 lot:
885 5289 896 5320 a
912 5275 981 5328 t'on·
1034 5271 1142 5328 librum
1158 5272 1305 5342 quintum.
1660 5280 1801 5334 Manena.

152 5339 253 5398 sualia
266 5341 344 5398 dicta
358 5359 374 5398 a
389 5342 574 5425 Conso,quod
589 5346 651 5397 tum
669 5342 745 5397 seriae
776 5341 878 5397 obiice
889 5342 914 5398 ei
927 5343 980 5399 deo
1069 5345 1079 5378 l
1093 5343 1155 5397 Vox
1168 5342 1282 5397 rhedam
1295 5340 1325 5397 io
1350 5342 1497 5410 omnibus,
1524 5343 1633 5416 quibus
1657 5349 1769 5404 utimur
1781 5365 1853 5406 mss.

151 5417 183 5470 et
198 5412 231 5468 in
246 5411 322 5468 circo
336 5413 372 5468 ad
387 5429 469 5469 aram
485 5429 550 5484 epus
564 5413 601 5468 ab
616 5358 815 5469 sacerdotihus
831 5413 904 5468 finnt
918 5413 980 5470 ludi
1034 5414 1233 5469 desideratur:
1250 5416 1310 5467 tum
1341 5430 1419 5470 unus
1442 5415 1590 5489 antiquior
1616 5417 1709 5475 Vatia.
1725 5437 1855 5477 carroco·

150 5481 211 5554 illi,
226 5483 337 5617 igibus
347 5483 475 5557 virgines
497 5485 610 5540 sabinae
624 5489 724 5568 rapta.
748 5505 763 5534 »
778 5483 814 5539 llt
827 5483 981 5541 Tertullia-
1033 5499 1148 5557 roche
1162 5484 1270 5568 reputas
1283 5499 1334 5561 pro
1358 5500 1549 5564 carcmcha
1573 5491 1716 5566 repapotc,
1732 5493 1854 5561 fortasse

150 5569 213 5618 uus
254 5553 295 5618 δ.
319 5556 358 5616 lla
383 5556 563 5634 moracella:
579 5577 594 5612 e
623 5555 732 5618 bonde
752 5555 815 5616 ludi
827 5555 980 5620 cousualis
1033 5553 1223 5638 veriuslcgit.

202 5101 257 5151 Aut
270 5101 343 5174 prius
357 5102 456 5152 inlecto
471 5101 592 5165 deposcit
605 5102 714 5166 praemia
729 5115 817 5160 cursu,

202 5163 324 5228 &plima
337 5178 418 5228 qoem
433 5169 530 5214 metam
547 5165 651 5215 triverit
664 5169 719 5214 arte
733 5167 812 5215 rota?
