4068 6170
206 301 286 374 tlte
410 289 416 300 “
799 259 801 263 ’
953 315 1164 384 insanare.
1579 370 1582 377 .
1823 315 1903 388 esst

208 450 320 526 multis,
337 449 470 523 quedam
485 445 553 510 huie
567 453 648 526 operi
667 453 792 524 odientis·
813 454 1026 529 interpretatio‘
1041 455 1070 522 A
1083 459 1217 519 sanetum
1232 459 1347 532 ltoysen
1364 471 1415 529 per
1428 450 1567 530 angelum
1580 457 1625 514 est
1645 451 1793 523 delatum
1821 469 1898 528 qna·-

208 543 297 600 nibus
310 542 494 617 interponere
506 545 938 614 studui3voeahulorumenim
949 563 1032 620 expo·
1086 545 1419 620 rentienim,quodest
1441 562 1548 604 nomen
1567 545 1642 618 ejus,
1659 545 1710 619 qui
1739 561 1812 602 eum
1841 559 1902 618 per·

211 633 280 692 sitio
295 633 368 690 satis
383 633 504 705 indioat,
524 634 595 708 quid
611 635 700 691 velint
713 634 847 709 intelligi.
863 637 896 692 lu
924 636 1031 710 prinei
1086 651 1152 708 gere
1168 635 1353 710 praeuipiebat
1367 635 1403 692 ad
1425 633 1566 708 populum
1577 652 1612 694 es
1631 637 1755 708 AEgypto
1778 633 1903 691 liberen-

208 721 486 796 pioautemdecem
511 723 629 780 nomina
654 723 801 798 ponimus,
823 726 931 798 quibus
955 727 1031 800 epod
1086 724 1168 794 dum,
1186 724 1619 798 respondimepornnqntmn
1642 723 1739 796 (Enod.
1764 741 1806 794 111,
1838 723 1902 794 tn:

207 812 350 870 Eehresos
368 813 588 870 Deusvocetur.
1086 816 1123 882 et,
1140 814 1297 886 Diueryttiir
1318 815 1421 870 lsrael:
1453 815 1506 883 Qui
1537 815 1578 869 est
1609 814 1686 868 misit
1716 805 1766 868 me
1784 811 1831 867 ud
1860 826 1902 868 uos

247 901 377 958 Primum
397 904 476 976 apud
492 904 626 960 Hebraeos
643 903 693 960 Dei
705 920 821 960 nomem
849 905 887 960 lla
914 903 1030 976 dieitur,
1086 901 1191 973 (nm).
1210 906 1351 975 tanquam
1371 903 1400 958 in
1414 903 1477 974 ejus
1492 898 1741 974 eomparatione'm
1759 899 1811 972 qui
1843 914 1903 954 vere

212 992 290 1062 quod
306 991 354 1048 alii
370 995 464 1058 Derim,
485 992 534 1048 elii
551 993 754 1066 etymologiam
767 994 1032 1066 ejusexprimentes
1085 990 1471 1063 est,quiainuommutahilis
1491 995 1546 1060 est,
1562 1006 1598 1046 ea
1611 1005 1674 1062 que
1686 987 1906 1046 commutabilia

210 1080 415 1154 Sohirosttep.
437 1081 579 1156 Ὶσχυρὸῆ,
596 1083 690 1147 idest,
718 1084 821 1156 [ortem
849 1083 1030 1155 interpretati
1086 1081 1251 1149 factasunt,
1266 1081 1349 1153 quasi
1366 1097 1424 1137 non
1440 1079 1614 1152 sint:qu0d
1630 1078 1840 1148 enimdiertur,
1854 1077 1906 1132 luit
2019 1067 2020 1154 l

209 1173 290 1240 sunt,
306 1185 339 1225 eo
354 1170 431 1241 quod
446 1169 706 1227 nullaiutirmitste
720 1171 905 1244 opprimitur,
917 1172 968 1228 sed
981 1171 1033 1227 ior·
1086 1187 1144 1226 uon
1159 1175 1273 1238 est3et
1287 1171 1365 1242 quod
1381 1169 1498 1236 dieitur,
1514 1167 1580 1235 erit,
1597 1168 1798 1224 nundumest.
1832 1165 1906 1222 Deus
2019 1157 2020 1176 ¹

209 1257 248 1312 tis
260 1261 306 1314 est
328 1263 358 1314 et
386 1260 536 1316 sulinoiens
559 1261 595 1316 ed
625 1260 724 1317 omnia
751 1261 961 1332 perpetranda:
979 1261 1031 1317 Se-
1086 1263 1184 1314 autem
1199 1276 1263 1315 esse
1277 1263 1392 1317 tautum
1403 1258 1493 1325 novit,
1510 1258 1611 1328 luisse,
1622 1257 1755 1313 luterum
1768 1272 1835 1312 esse
1851 1272 1906 1311 non

209 1345 339 1402 eundum
349 1363 467 1416 nomen,
479 1353 579 1406 ltaorrr.
596 1350 823 1416 Tertiumltaoe.
836 1349 916 1415 Quod
932 1354 1032 1406 utrum
1086 1346 1265 1404 novit.Solus
1276 1352 1372 1404 eutem
1384 1351 1545 1404 Paternum
1557 1345 1628 1402 i'ilio
1642 1348 1671 1402 et
1685 1345 1793 1418 Spiritu
1806 1349 1906 1400 saneta

208 1449 266 1505 que
280 1433 310 1488 in
322 1435 458 1493 Latinum
473 1437 720 1494 Deuadieiturilst
734 1441 832 1494 autern
848 1438 878 1494 in
894 1437 1031 1494 Latinum
1086 1437 1226 1493 veleniter
1250 1441 1305 1508 est,
1334 1438 1418 1509 nujus
1445 1436 1578 1493 essentie
1606 1439 1808 1507 comparatum
1847 1449 1908 1490 esse

208 1524 832 1599 exGreeaappellutionatranslatum,nem
850 1527 1031 1584 DeusGraeoe
1086 1530 1294 1582 nostrumnon
1312 1530 1443 1582 esseest.
1460 1525 1541 1582 Unde
1565 1529 1594 1580 rt
1612 1523 1640 1580 in
1669 1523 1816 1597 colloquio
1840 1521 1907 1578 diei-

209 1611 624 1694 Theos,iehos[Lepepdda;]
649 1617 767 1689 dieitur,
796 1617 826 1674 id
854 1621 907 1685 est,
938 1619 1029 1672 timor.
1086 1615 1441 1686 mus,VivitDens,quia
1467 1615 1595 1671 essentia
1622 1613 1683 1670 vita
1711 1612 1794 1680 vivit,
1820 1627 1908 1684 quam

208 1701 291 1760 Unde
305 1707 431 1762 tractum
446 1711 491 1762 est
503 1711 588 1774 Deus,
601 1708 676 1778 quod
699 1724 767 1762 aum
802 1705 963 1762 nolentibus
993 1705 1032 1761 sit
1086 1705 1346 1761 morsnonhabet.

208 1790 307 1847 timor.
319 1797 395 1850 Deus
410 1798 507 1851 autem
523 1796 638 1868 proprie
659 1813 765 1852 nomen
794 1797 839 1851 est
867 1793 1029 1864 Trinitatis,
1046 1827 1070 1894 B
1122 1794 1298 1865 Septimum,
1309 1795 1430 1856 Auerni,
1447 1791 1524 1865 quod
1536 1789 1710 1865 generaliter
1734 1789 1908 1862 interpreta-

209 1879 359 1952 pertinens
375 1883 411 1938 ad
427 1883 553 1952 Patrem,
570 1883 727 1951 etlilium,
742 1889 771 1941 et
795 1883 935 1957 Spiritum
962 1899 1029 1938 san·
1085 1884 1133 1937 tur
1146 1883 1287 1953 Dominus,
1304 1882 1381 1955 quod
1397 1881 1565 1938 dominetur
1580 1884 1718 1935 oreaturae
1734 1875 1907 1948 euncte‚vel

209 1973 300 2025 utum.
312 1971 356 2026 sd
373 1987 462 2043 quam
478 1972 651 2029 'trinitatem
667 1973 755 2030 etiam
771 1972 894 2044 reliqua,
907 1987 971 2043 quae
1000 1969 1030 2025 iu
1084 1971 1162 2042 quod
1178 1975 1311 2028 ereatura
1325 1970 1421 2028 omnis
1436 1968 1601 2026 dominatui
1617 1968 1682 2040 ejus
1693 1965 1906 2023 deseruistile-

208 2058 332 2116 Domino
347 2059 424 2117 intra
438 2065 507 2118 sunt
521 2062 617 2134 posita
630 2063 769 2118 vocabula
784 2061 923 2118 referunt.
1085 2059 1184 2116 minus
1196 2076 1263 2132 ergo
1279 2059 1387 2116 dieitur
1400 2063 1429 2116 et
1451 2059 1538 2126 Deus,
1568 2057 1611 2113 vel
1636 2056 1713 2131 quod
1741 2054 1907 2112 dominetur
2019 2053 2020 2072 ¹

244 2147 386 2212 Quartum
402 2167 507 2206 nomen
523 2149 640 2221 dieitur,
656 2151 798 2220 Sannione,
813 2151 891 2222 quod
908 2147 1032 2205 vertitur
1084 2146 1232 2216 omnihus,
1248 2147 1291 2204 vel
1308 2149 1384 2222 quod
1402 2149 1540 2205 timeatur
1555 2165 1572 2203 a
1586 2145 1709 2202 eunetis.

210 2234 396 2309 inLutinum,
411 2242 591 2296 enercitnnm.
607 2241 681 2296 Sunt
701 2240 778 2296 enim
803 2240 832 2294 in
858 2236 1030 2310 hujusmodi
1119 2237 1270 2308 Ootnvum,
1288 2238 1326 2302 ln,
1355 2239 1432 2310 quod
1461 2238 1490 2292 in
1519 2236 1612 2293 Deum
1638 2239 1756 2294 ‘tantum
1776 2233 1905 2306 ponitur,

209 2326 392 2385 ordinatione
409 2329 532 2386 virtutes
548 2330 657 2400 multae,
675 2333 707 2385 ut
722 2328 835 2402 hageli,
855 2323 1028 2399 Archangeli
1084 2327 1262 2398 quodetiam
1286 2327 1403 2383 alleluia
1419 2327 1449 2382 in
1466 2325 1625 2382 novissima
1644 2323 1757 2398 syllaba
1773 2327 1867 2378 sonat.

210 2415 392 2492 Prinoipstus
427 2421 456 2474 et
498 2421 666 2487 potestates,
710 2419 864 2490 conatique
904 2415 1030 2472 eoelestis
1119 2413 1245 2485 Nonum,
1262 2416 1560 2481 Termestinorum,
1577 2414 1700 2480 horest,
1726 2412 1907 2484 quotuortit·

208 2507 319 2564 militie
334 2508 461 2573 ordines,
478 2524 603 2579 quorum
619 2511 718 2562 tamen
731 2506 779 2562 ille
795 2506 936 2563 Dominus
959 2509 1027 2561 est:
1084 2511 1215 2574 terarum,
1245 2505 1324 2576 quod
1355 2505 1470 2577 proprie
1498 2503 1577 2576 apud
1606 2503 1742 2560 ilehrreos
1781 2501 1813 2558 in
1852 2503 1907 2557 ileo

208 2613 310 2654 omnes
323 2596 401 2652 enim
416 2597 472 2652 suh
486 2597 549 2669 ipso
564 2607 642 2663 sunt,
658 2594 1031 2668 ejusquedominatuisub-
1083 2593 1211 2665 ponitur,
1227 2593 1256 2648 id
1270 2601 1312 2649 est
1328 2594 1443 2650 duabus
1457 2610 1494 2662 rn,
1512 2608 1576 2664 quae
1592 2590 1741 2662 duplicata
1761 2588 1907 2646 ineliabile

224 2687 335 2759 jacent.
1084 2679 1200 2737 illudet
1219 2680 1379 2754 gloriosum
1409 2681 1460 2738 Dei
1489 2696 1596 2736 nomen
1625 2678 1782 2735 etiieiunt:
1802 2677 1908 2733 dieitur

244 2774 395 2842 Quintum,
415 2775 519 2845 Eiron,
545 2774 622 2846 quod
647 2773 864 2846 interpretatur,
893 2771 1028 2840 excelsus,
1084 2769 1362 2839 autemineliabilis,
1380 2785 1438 2825 non
1462 2770 1532 2842 quia
1555 2768 1614 2825 dioi
1636 2785 1694 2824 non
1723 2770 1834 2841 potest,
1859 2767 1909 2822 sed

209 2861 278 2936 quia
292 2879 381 2936 super
404 2862 555 2930 eoelosest,
580 2863 656 2918 siout
681 2862 823 2934 seriptum
849 2865 894 2916 est
915 2860 951 2915 da
972 2875 1027 2915 eo:
1084 2858 1154 2931 quia
1169 2858 1244 2914 liniri
1260 2873 1347 2914 sensu
1365 2862 1394 2913 at
1407 2856 1555 2913 intellectu
1583 2857 1711 2912 humano
1736 2855 1910 2912 nulletenus

209 2953 336 3010 Eneeirns
367 2954 506 3024 Dominus,
529 2969 614 3025 auprn
637 2953 715 3008 emtor
743 2950 834 3022 glorio
856 2952 913 3018 eius
942 2949 1028 3022 (Prot.
1083 2949 1197 3020 potest,
1214 2948 1279 3004 ideo
1295 2946 1368 3002 nihil
1396 2947 1480 3003 desso
1499 2946 1586 3020 digne
1615 2946 1670 3002 diei
1701 2949 1810 3019 potest,
1841 2945 1911 3017 quia

210 3058 278 3112 nn11,
294 3042 332 3114 t).
348 3041 485 3098 Elxeelsns
501 3045 597 3096 autam
614 3040 728 3108 dieitur,
746 3054 798 3111 pro
813 3038 894 3095 valde
922 3037 1028 3103 oelsus,
1083 3035 1240 3092 inetlahitis
1255 3039 1308 3092 est.

211 3130 288 3187 sieut
307 3130 441 3200 eximius,
458 3129 541 3202 quasi
556 3130 640 3184 valde
654 3128 796 3184 eminens.
1119 3125 1281 3196 Decimum,
1295 3125 1412 3194 Snonnr,
1429 3124 1457 3180 id
1486 3127 1540 3196 est,
1563 3125 1737 3195 omnipotens
1761 3125 1910 3190 voratur,
2019 3179 2020 3198 ,

241 3224 371 3288 Sextum,
388 3222 484 3280 Ensis,
505 3218 534 3272 id
549 3222 603 3283 est,
619 3219 669 3289 qni
682 3225 721 3273 ert
737 3235 743 3273 :
761 3216 837 3272 Deus
851 3215 930 3271 enirn
947 3214 1028 3271 solus
1044 3197 1066 3264 C
1085 3219 1206 3272 vocetur
1228 3218 1324 3269 autem
1354 3212 1549 3286 omnipotens,
1576 3212 1648 3284 qnia
1671 3210 1773 3268 omnia
1794 3215 1910 3283 ,potest
2019 3247 2020 3300 y

132 3379 140 3394 .
208 3305 277 3378 quia
288 3305 674 3377 eternusest‚honest,quia
689 3303 840 3362 exordium
856 3303 1024 3372 nonhabet,
1079 3300 1458 3374 sediaoiendoquodvult,
1479 3317 1537 3358 non
1565 3300 1702 3374 potiendo
1738 3301 1822 3372 quud
1851 3315 1910 3356 nen

205 3394 366 3452 essentium
383 3410 488 3452 nomen
502 3409 568 3450 vere
596 3397 684 3451 tenet.
702 3395 759 3449 tlon
774 3391 853 3448 enim
868 3404 973 3448 nomen
989 3393 1025 3448 ad
1081 3389 1154 3448 vult.

203 3575 680 3584 ...u———.—-———-——

388 3726 740 3822 ADMONITIO
776 3725 840 3820 IN
874 3721 1284 3835 SUBSEQUENS
1320 3721 1713 3817 OPUSCULUM.

232 4086 345 4143 Nedum
361 4085 546 4156 Hieronymo,
564 4082 726 4155 Augustino
742 4082 830 4138 etiarn
843 4081 982 4136 tribuitur
995 4079 1112 4137 libellus
1126 4081 1182 4135 iste
1191 4081 1229 4135 ne
1238 4079 1472 4137 benedictionibus
1486 4078 1575 4145 Jueoh,
1587 4093 1655 4134 num
1672 4077 1701 4132 in
1729 4095 1818 4144 mss,
1844 4083 1908 4134 tom

200 4175 229 4232 in
245 4173 371 4248 vulgatis
382 4189 458 4246 sepe
472 4171 566 4229 libris.
580 4171 725 4226 Nimirum
741 4186 775 4226 en
790 4170 944 4242 utriusque
959 4166 1052 4226 Putris
1067 4169 1269 4238 lineationibus
1285 4185 1315 4224 rn
1332 4167 1454 4224 Genesim
1466 4167 1836 4239 descriptussubindeesr
1851 4183 1858 4222 :
1875 4172 1905 4223 et

200 4264 279 4338 prior
289 4263 407 4336 quidem
424 4261 564 4333 expositio
580 4260 719 4316 historica
734 4259 854 4316 totidem
872 4259 930 4314 iere
942 4257 1038 4314 verbis
1053 4274 1087 4314 ex
1105 4257 1277 4330 Hieronymo
1293 4257 1445 4329 excipitur,
1457 4256 1566 4328 quihus
1581 4255 1776 4312 nonnullum
1803 4260 1907 4330 Angu-

199 4353 287 4410 sitino
303 4350 562 4408 intermiscentur:
580 4348 743 4420 alteramve
758 4347 924 4419 allegorian,
942 4345 1191 4418 quemadmodum
1207 4344 1255 4400 cll.
1266 4344 1446 4410 Benediatini
1462 4343 1746 4415 Augustiuianeruru
1781 4359 1908 4417 reperim

198 4442 323 4498 editores
340 4444 467 4502 monent,
483 4440 559 4511 apud
576 4439 747 4510 Gregorium
768 4438 797 4491 in
814 4435 1055 4492 librisltnrnlinm
1070 4437 1101 4490 in
1113 4435 1161 4492 lob
1177 4434 1333 4490 invenitur.
1350 4434 1430 4505 Opus
1446 4450 1513 4489 vero
1533 4433 1631 4505 ipsum
1644 4432 1686 4488 ite
1708 4434 1751 4488 uh
1774 4434 1908 4490 :nimrim

197 4530 434 4587 consarcinatum
451 4545 509 4583 non
528 4532 571 4583 est
586 4527 637 4598 qui
652 4525 777 4592 dubitet,
794 4525 849 4580 sub
860 4525 945 4595 eujus
960 4539 1076 4595 quoque
1091 4522 1210 4579 nomine
1225 4521 1374 4594 vulgatum
1392 4520 1479 4578 estin
1494 4521 1559 4593 ejus
1574 4537 1696 4593 operum
1712 4520 1907 4590 antherium

194 4617 322 4684 tametsi,
340 4617 367 4673 id
383 4617 461 4689 quod
477 4615 587 4672 laudnti
604 4613 781 4671 Benedictini
798 4618 949 4684 annotant,
967 4616 1091 4685 utraque
1104 4613 1258 4684 exintegro
1274 4609 1425 4681 expositio,
1442 4610 1492 4666 sed
1508 4609 1609 4666 ordine
1620 4608 1753 4666 nonnihil
1769 4610 1903 4678 diverso,

194 4711 282 4780 atque
296 4705 408 4779 aliquot
420 4704 592 4778 permutatis
609 4705 727 4760 vocibus
742 4703 886 4758 habeatur
900 4701 929 4757 in
945 4701 1029 4757 tertio
1045 4700 1119 4757 libro
1136 4699 1418 4756 Commentariorum
1443 4697 1473 4755 in
1501 4698 1648 4768 Genesim,
1675 4698 1726 4768 qui
1756 4697 1903 4758 Eucherio

192 4796 381 4870 Lugdunensi
397 4793 499 4851 tributi
515 4793 667 4849 olimlalso
684 4793 772 4858 luero,
790 4791 919 4864 aditique
934 4789 964 4846 in
981 4790 1148 4846 Bibliotheca
1159 4791 1282 4844 Pntrnm.
1298 4789 1375 4855 Quin
1390 4787 1469 4844 uliud
1498 4803 1614 4860 quoquo
1643 4787 1777 4858 ejusdem
1805 4805 1903 4860 eupo-

194 4885 309 4943 sitionis
325 4883 472 4956 exemplar
496 4881 632 4952 occurrit,
647 4879 933 4954 qnodalliartianreo
957 4877 1078 4934 tomoV
1112 4877 1404 4950 llieronymianorum
1442 4893 1574 4949 operum,
1613 4875 1664 4947 qui
1702 4876 1903 4950 supposititia

192 4973 329 5044 eontinet,
344 4973 506 5041 exhibetur,
520 4970 694 5042 inscriptum
709 4969 912 5026 henedictiones
926 4968 1035 5038 defitrr's
1048 4967 1183 5033 incohet
1199 4967 1276 5022 brevi
1287 4965 1514 5022 Praelatiunuula
1529 4964 1753 5036 premunitum,
1767 4967 1808 5020 ·et
1836 4979 1904 5038 pos·

193 5065 288 5118 trema
302 5061 347 5117 sui
365 5065 443 5134 perte
456 5061 491 5116 de
506 5059 592 5116 verbo
607 5060 642 5114 ml
659 5059 778 5114 verbum
792 5075 826 5114 ex
838 5059 867 5113 S.
880 5059 1000 5112 Doctore
1015 5055 1259 5126 expressumllos
1273 5054 1323 5126 qui
1340 5054 1421 5126 prius
1437 5053 1514 5110 istud
1526 5053 1720 5125 exemplares
1736 5051 1898 5124 Augustini

194 5147 320 5206 editione
332 5167 350 5204 a
367 5148 557 5206 Benerliotinis
574 5147 715 5204 adornate
729 5145 934 5214 describimus,
945 5150 975 5198 at
989 5142 1186 5216 supposititiis
1199 5141 1365 5214 Hieronymi
1391 5141 1510 5214 seriptis
1534 5139 1663 5215 primum
1680 5154 1895 5204 -eeeeusemus,

196 5235 318 5292 alterum
335 5254 449 5308 quoque
465 5237 521 5293 huo
536 5237 673 5293 duximus
690 5235 936 5301 transferendum,
954 5237 985 5289 ut
1000 5248 1035 5288 ne
1051 5231 1121 5304 quid
1137 5235 1223 5298 esset,
1240 5231 1317 5304 quad
1329 5231 1427 5302 iurea
1451 5230 1535 5288 nohis
1563 5228 1655 5286 laetor
1677 5232 1730 5285 aut
1758 5229 1898 5286 eruditus

196 5326 248 5380 airt
262 5323 426 5382 ineruditus
443 5325 631 5383 desideraret.
