4128 6164
164 195 202 264 u
349 147 352 152 ’
574 197 893 272 ruresreeetrto
914 165 1193 272 ertsrontneu
1217 193 1250 262 s.
1273 190 1476 259 cernone.
1825 195 1867 264 ot

161 334 245 406 juxte
258 349 352 393 senos
367 336 434 395 tuos
448 333 487 395 sit
500 336 654 412 disposite,
663 339 749 410 juxte
771 337 903 411 exempla
917 353 985 393 sae·
1000 332 1028 400 Α
1043 335 1227 396 Desiderium
1242 338 1357 392 nonest
1371 332 1459 390 unius
1473 330 1678 391 rei.Leudstur
1691 339 1826 408 peccetur
1835 335 1867 396 in

166 427 287 491 uterum,
303 442 363 481 non
378 425 409 482 in
433 425 505 484 cibis
520 429 742 502 temporalibus,
756 445 851 501 neque
880 429 910 484 in
927 427 987 484 ulla
1042 429 1337 501 operibusmanuunr
1361 439 1493 478 suerum.
1509 422 1624 480 Dictum
1649 428 1694 480 est
1716 428 1746 481 et
1775 424 1865 482 eliis:

164 511 361 571 similitudine
374 532 487 588 eorum,
503 534 567 590 que
583 517 719 574 videntur
734 519 763 574 in
778 517 850 575 coelo
868 519 928 574 sivo
956 517 987 573 in
1041 519 1158 590 Qualem
1170 519 1284 574 domum
1297 514 1468 586 edificabilis
1487 513 1556 570 miti
1576 515 1639 587 (lto.
1656 532 1730 571 cxvi.
1749 515 1775 584 l)
1789 513 1866 588 ‘iqui

164 604 251 658 terre.
267 602 408 660 Hebetote
423 620 453 671 u,
469 610 500 661 ut
515 605 635 678 possitis
650 624 802 664 occurrere
817 613 874 663 Deo
894 607 925 662 in
940 607 987 663 die
1042 607 1237 681 quadraginta
1264 604 1350 661 eneis
1379 603 1536 660 audierunt
1563 619 1727 662 sermonem
1752 604 1813 667 Dei,
1839 608 1868 660 et

163 689 350 760 visitationis,
365 691 481 749 liberati
496 695 533 751 eb
550 696 748 768 increpatione
769 695 898 752 Merthae.
916 697 988 752 Pers
1043 714 1100 754 non
1128 697 1153 752 ei
1183 695 1353 752 obtulerunt
1380 693 1524 762 victimas,
1554 707 1608 748 nec
1634 691 1720 749 annis
1748 698 1867 764 septus·

164 779 382 836 demnmtuem
398 784 560 840 secundum
586 785 727 842 terminos
757 787 839 857 ejus.⁴
861 786 988 842 Observa
1042 787 1124 861 ginta
1159 787 1367 858 jejunaverunt
1393 780 1446 838 illi.
1475 782 1531 839 Gor
1558 782 1637 837 enim
1666 798 1768 838 eorum
1807 784 1869 838 erat

163 868 266 928 Tbelo.
282 885 316 924 ne
330 887 399 926 reus
425 873 467 929 sis
481 872 690 946 increpationis
711 876 786 947 ejus,
813 875 860 931 cui
875 876 986 932 dictum
1043 879 1110 948 post
1124 875 1212 941 idolo,
1230 890 1282 929 nec
1296 872 1451 929 voluerunt
1471 872 1529 928 Deo
1545 887 1647 927 vacare
1663 869 1770 926 dicenti
1787 886 1793 925 :
1810 871 1866 926 Ve-

163 963 220 1014 est.
242 958 331 1014 Redde
352 962 489 1017 rationem
506 963 721 1035 dispensationis
743 974 797 1021 tue
825 967 900 1037 (tur.
929 981 988 1033 xvi,
1042 972 1142 1021 coteet
1164 963 1251 1020 uidete
1277 964 1406 1035 quoniam
1434 977 1481 1033 epo
1501 977 1561 1017 sum
1590 961 1659 1016 lietu
1687 960 1772 1032 (Psoi.
1805 977 1868 1025 xcv,

161 1047 189 1117 2)
212 1063 220 1114 ;
248 1046 390 1106 velillius
415 1050 466 1122 qui
490 1053 616 1108 comedit
642 1057 672 1110 et
694 1055 768 1109 bibit
791 1071 859 1110 cum
888 1053 988 1118 ebriis,
1043 1055 1098 1126 tt).
1116 1049 1768 1124 etusqueedhenodiemnonvacentDsol
1794 1047 1868 1104 Dici·

161 1137 280 1207 quando
296 1137 393 1193 noluit
408 1139 506 1196 fodere
521 1157 575 1196 nec
589 1143 658 1198 dere
670 1143 817 1199 conservis
833 1143 944 1200 cibaris
959 1144 989 1198 in
1043 1148 1092 1200 tur
1104 1143 1168 1212 tibi,
1187 1142 1284 1198 homo.
1302 1143 1391 1210 Quare
1405 1141 1522 1212 diiipitis
1552 1140 1702 1195 venitatem
1717 1137 1805 1211 (eset.
1833 1154 1869 1204 tv,

161 1229 364 1297 temporesuo
393 1229 497 1300 (liciti,
526 1232 614 1302 xxiv).
639 1233 706 1288 Ideo
733 1233 924 1289 reddiderunt
952 1233 988 1299 ei,
1043 1233 1569 1304 3l‘llincorvestrumuggrevetum
1598 1227 1666 1302 esti
1683 1227 1752 1284 Cain
1769 1243 1871 1300 opere·

161 1313 231 1386 quie
242 1313 355 1371 oblitus
369 1320 415 1372 est
430 1316 503 1390 legis
519 1319 609 1386 beist
625 1320 757 1378 infirmos
779 1322 897 1379 visitare
920 1339 988 1379 con·
1045 1322 1131 1378 batur
1145 1325 1263 1388 terrem,
1281 1324 1313 1374 ut
1327 1318 1443 1375 otlerret
1457 1316 1593 1373 victimas
1607 1314 1676 1380 Deo,
1693 1317 1721 1370 ei
1740 1312 1872 1370 condidit

160 1403 988 1486 tempsitlltidcirooiiuetuareempitetindigerepene:
1045 1411 1209 1479 civitatem
1230 1410 1280 1465 sed
1307 1425 1364 1466 non
1385 1407 1470 1479 juxte
1493 1405 1657 1473 scientiam,
1682 1420 1747 1476 que
1777 1401 1872 1475 placet

160 1490 282 1547 imitans
305 1493 441 1552 hemines
467 1497 734 1556 confidentissimos
757 1505 786 1556 et
807 1506 989 1574 arrogantes,
1044 1499 1113 1569 Deo,
1131 1499 1197 1556 iecit
1212 1498 1271 1556 haec
1286 1497 1397 1554 omnia.
1415 1495 1474 1552 Noe
1488 1499 1517 1550 et
1527 1493 1624 1551 omnis
1640 1493 1746 1550 domus
1761 1492 1824 1562 ejus
1839 1490 1869 1546 in

161 1581 210 1654 qai
225 1581 386 1640 noluerent
400 1585 522 1644 domum
537 1589 582 1644 lli.
600 1589 703 1658 Homo,
720 1607 863 1664 cognosce
875 1607 939 1664 que
950 1592 990 1647 di·
1045 1591 1156 1647 arcade
1167 1589 1270 1645 mundi
1281 1591 1325 1643 est
1336 1588 1450 1642 servate
1460 1582 1623 1656 naufragio.
1633 1581 1782 1638 Abrohom
1792 1579 1872 1636 dives

160 1674 279 1740 center,
295 1672 487 1744 quiabollum
498 1676 615 1733 Domini
627 1679 656 1734 in
672 1679 987 1749 menibuseorumest,
1005 1707 1030 1774 B
1046 1680 1102 1737 init
1118 1697 1124 1736 :
1141 1684 1223 1736 lseec
1239 1675 1357 1750 reliquit
1377 1673 1609 1732 benedictionem
1623 1671 1725 1728 Jacob.
1746 1670 1871 1744 ipseque

160 1763 189 1814 et
203 1761 350 1816 creditum
372 1768 419 1819 cst
441 1764 493 1834 eis,
523 1770 556 1821 ut
584 1772 718 1840 regerent
746 1785 863 1826 carnem
893 1787 989 1841 suem,
1046 1769 1135 1826 Jecob
1165 1765 1308 1824 intellexit
1331 1781 1419 1838 quem
1443 1779 1541 1819 emere
1556 1761 1683 1828 deberet,
1699 1764 1728 1816 et
1757 1757 1874 1815 benedi-

160 1853 189 1904 ct
202 1852 282 1905 stare
308 1851 437 1908 iacerent
455 1871 463 1922 ς
488 1853 513 1910 si
528 1854 601 1912 forte
618 1861 737 1928 possent
756 1859 883 1931 ellegere
898 1859 990 1916 incre·
1047 1858 1171 1915 ctionem
1184 1855 1331 1928 ejuslegis
1342 1853 1621 1911 insterbabeerunt.
1632 1847 1742 1923 loseph
1756 1848 1874 1921 adjutor

161 1936 310 2009 petionem
337 1939 476 2008 Danielis,
499 1947 528 1999 et
551 1943 668 2000 ruinam
693 1945 780 2014 Esau,
796 1951 825 2003 et
852 1948 992 2005 duritiem
1047 1947 1104 2004 fuit
1118 1945 1232 2021 generis
1248 1945 1305 2012 sui,
1322 1945 1392 2017 quie
1407 1945 1557 2017 peccatum
1573 1939 1657 2014 legit,
1669 1941 1698 1996 et
1712 1938 1874 1995 detestatus

162 2025 258 2094 ticoh,
275 2032 305 2083 et
318 2028 511 2087 deiectionem
528 2031 670 2100 lsmaelis,
696 2043 724 2092 et
738 2034 890 2093 illecebras
913 2042 992 2094 sate·
1047 2019 1875 2108 estvoluptetem,ostenditqueposterisquodvisitaturus

163 2113 264 2171 citatis
278 2132 309 2173 ao
328 2119 451 2189 senine,
477 2121 546 2194 quia
569 2129 730 2196 sapuerunt
753 2140 787 2182 ee
813 2143 877 2200 que
906 2143 995 2200 seper
1049 2142 1099 2183 eos
1114 2129 1191 2182 essct
1205 2125 1293 2190 Deus,
1309 2128 1338 2178 et
1351 2122 1466 2195 operuit
1481 2119 1620 2194 mysteria
1634 2119 1874 2184 futurorum,me-

166 2207 274 2261 terram
288 2211 366 2263 sunt.
384 2209 572 2268 Abundentie
586 2217 684 2270 aetem
705 2214 835 2272 bominis
851 2215 996 2289 sapientie
1050 2214 1174 2272 moriem
1185 2213 1354 2286 relinquens
1369 2210 1519 2284 sapientie
1534 2227 1603 2265 snae.
1627 2205 1759 2265 Surrexit
1773 2209 1875 2279 postes

163 2295 295 2366 ejesest.
312 2296 335 2354 0
351 2297 468 2356 homo!
499 2301 758 2376 tradedisciplinae
774 2321 825 2362 cor
845 2309 941 2376 tuum,
958 2322 995 2362 ne
1050 2305 1175 2379 Moyses,
1191 2302 1243 2376 qui
1269 2300 1368 2358 seculi
1396 2299 1465 2356 vicit
1486 2297 1648 2366 illecebras,
1677 2295 1793 2353 divitias
1822 2309 1875 2366 pro

162 2383 344 2458 multiplices
359 2393 491 2447 mortuos
514 2391 544 2447 in
560 2397 730 2466 contemptu
760 2398 789 2450 et
818 2394 996 2468 negligentia
1050 2392 1143 2450 nihilo
1157 2390 1472 2464 hebuitfflgyptiorum
1488 2387 1663 2460 sapientiem
1674 2384 1797 2441 stultam
1809 2399 1874 2439 esse

161 2474 669 2546 tna,proptererroremcordistui.
687 2481 824 2540 Obomoi
843 2500 880 2540 ne
896 2483 998 2544 visibi.
1051 2481 1233 2540 monstravit.
1265 2481 1375 2537 Idcirco
1401 2477 1488 2535 lesus
1516 2474 1706 2532 ministrabat
1742 2473 1780 2540 ei,
1822 2470 1874 2542 qui

161 2557 200 2616 lia
226 2562 386 2635 despicies.
401 2565 599 2626 Meroenerius
616 2586 672 2625 non
695 2574 740 2627 est
764 2577 866 2646 pastor
882 2591 888 2629 :
905 2575 935 2630 in
951 2579 998 2632 tc.
1051 2572 1194 2629 intellexit
1208 2570 1371 2628 doctrinam
1386 2583 1498 2635 eorum,
1521 2570 1552 2622 et
1564 2562 1668 2621 hebuit
1694 2561 1806 2620 socium
1821 2559 1874 2616 Ge-

161 2650 260 2708 nebris
273 2652 377 2726 vulpes
392 2657 560 2714 comedunt.
577 2659 911 2736 Teneglediumgloriae
927 2669 995 2738 tue,
1052 2662 1109 2718 leb.
1139 2661 1278 2718 Homines
1307 2657 1389 2715 stulti
1415 2673 1473 2713 non
1502 2653 1707 2712 intellexerunt
1744 2651 1828 2716 hec„
1846 2643 1875 2705 et

162 2741 439 2812 eognosccloricam
461 2746 640 2819 justitie,et
662 2755 886 2809 neoonternnes
912 2752 998 2810 hebi.
1052 2749 1273 2807 idcircelumen
1290 2747 1426 2804 tenebras
1452 2759 1515 2802 esse
1544 2743 1690 2799 dixerunt.
1719 2740 1798 2798 Deus
1826 2737 1875 2794 de-

161 2825 293 2886 mulum
308 2831 471 2904 sapientie.
486 2839 542 2893 Fac
565 2837 618 2894 tibi
635 2839 780 2906 sacculos,
793 2840 844 2914 qui
874 2859 936 2898 non
952 2843 998 2899 in·
1052 2841 1095 2896 dit
1117 2837 1344 2914 justificationes
1383 2851 1464 2902 sues,
1492 2837 1525 2889 ut
1550 2829 1714 2890 ambularet
1748 2828 1876 2902 populus

159 2921 352 2988 coemant,
382 2927 415 2977 ut
443 2925 891 3002 possisadloremenaspidum
922 2931 995 2988 mit·
1052 2929 1081 2984 in
1124 2929 1178 2998 eis,
1215 2933 1244 2984 et
1280 2926 1311 2982 in
1351 2925 1397 2980 his
1435 2922 1573 2979 omnibus
1611 2937 1670 2976 non
1702 2919 1876 2976 invenerunt

161 3009 221 3062 tere
244 3024 380 3066 menum.
409 3011 450 3068 Ne
478 3011 633 3071 inebrieris
656 3015 782 3085 vino,ex
811 3035 868 3091 quo
900 3018 991 3075 ruine
1052 3034 1213 3083 corsuum,
1230 3011 1599 3079 neoconversetisuntin,
1625 3007 1773 3065 mandetis
1801 3007 1874 3076 Dei;

160 3094 238 3152 liunt
258 3096 405 3169 plurime,
432 3105 460 3156 at
483 3103 637 3160 ambulent
662 3105 731 3160 nudi
757 3123 847 3179 snper
870 3111 988 3164 terrem.
1007 3079 1028 3146 C
1047 3109 1098 3166 sed
1127 3107 1268 3164 vacabant
1296 3101 1450 3160 desideriis
1479 3101 1553 3166 suis,
1583 3103 1612 3156 et
1650 3114 1707 3155 non
1735 3095 1874 3169 operibus
1924 3091 1931 3106 ⁹

160 3183 265 3258 Cogite
278 3189 357 3258 quod
373 3187 420 3245 lex
434 3191 503 3246 data
517 3192 556 3249 sit
566 3193 601 3249 de
617 3193 740 3251 muliere
755 3201 948 3264 menstruate,
959 3203 991 3254 ut
1045 3197 1106 3254 Dei.
1122 3197 1145 3253 0
1160 3193 1270 3252 homo!
1292 3179 1446 3265 usquequo
1461 3207 1519 3246 non
1535 3187 1620 3245 endis
1635 3187 1780 3254 dicentem
1796 3184 1849 3240 tihi
1865 3200 1871 3240 :

161 3279 242 3328 extra
257 3279 354 3331 castra
369 3278 555 3350 projicietur3
570 3281 623 3338 vie
639 3282 718 3340 enim
733 3285 798 3355 ejus
813 3289 993 3343 stratusunt
1049 3290 1154 3352 Vctcote,
1169 3284 1294 3342 etoidete
1309 3284 1375 3355 quio
1390 3297 1438 3351 epo
1452 3296 1513 3336 sum
1536 3280 1628 3334 Deus:
1645 3277 1695 3334 sed
1712 3274 1873 3348 unusquis·

162 3363 267 3434 spinis.
283 3367 445 3438 Paupertas
461 3368 597 3426 humiliet
609 3371 716 3440 virum,
732 3377 761 3429 et
775 3374 921 3445 perstillat
939 3376 990 3432 do·
1046 3393 1104 3450 que
1117 3374 1250 3447 sequitur
1264 3371 1456 3445 cogitationes
1471 3367 1576 3424 citime
1591 3365 1675 3422 sue‘l
1701 3365 1777 3420 Num
1807 3363 1874 3420 visi-
1955 3369 1961 3380 “

162 3467 241 3519 mus,
255 3452 306 3508 ubi
321 3455 420 3512 otiose
435 3463 506 3514 sunt
521 3475 637 3517 monus.
654 3462 695 3518 Ne
709 3461 868 3520 infirmeris
884 3464 919 3520 ed
932 3465 993 3537 pla·
1045 3465 1130 3524 testis
1145 3465 1290 3529 infirmos,
1306 3477 1395 3533 quere
1411 3455 1602 3514 moriemini?
1619 3470 1672 3511 cur
1685 3455 1722 3510 ed
1733 3453 1872 3525 loqueum

161 3555 214 3612 8³⁵
228 3539 388 3614 ligmfflmi
414 3546 476 3602 Teu
492 3551 521 3604 et
546 3548 598 3605 tto.
624 3550 741 3607 Ventris
765 3552 882 3609 insania
909 3556 991 3627 peior
1045 3553 1185 3612 curritis?
1200 3553 1264 3609 Hec
1277 3553 1347 3608 sunt
1360 3549 1439 3606 enim
1455 3543 1600 3620 precepta
1613 3542 1724 3611 vitalis,
1742 3559 1807 3615 que
1822 3558 1868 3598 ec-

161 3633 211 3683 eet
225 3631 362 3688 omnibus
376 3634 474 3690 melis.
489 3637 578 3694 Error
591 3638 743 3697 oculorum
755 3641 905 3698 imminuit
920 3661 990 3717 pru·
1045 3647 1184 3716 ceperunt
1198 3639 1302 3710 sancti,
1315 3643 1347 3695 ut
1357 3640 1543 3694 versarentur
1552 3633 1583 3689 in
1594 3631 1646 3700 eis,
1659 3634 1692 3687 ut
1706 3629 1780 3686 nibil
1792 3630 1872 3688 aliud

161 3716 298 3774 dentiam
314 3721 487 3794 sapientum.
502 3725 606 3783 Deficit
620 3729 739 3802 sepiens
753 3735 872 3803 propter
886 3749 990 3789 conen·
1044 3734 1215 3806 cogitarent,
1232 3735 1265 3786 ut
1280 3728 1408 3784 lucerent
1430 3742 1519 3797 opere
1532 3723 1622 3796 digne
1636 3717 1876 3776 immortalitate:

161 3805 336 3878 piscantium
351 3812 451 3869 cernis
466 3815 495 3871 in
511 3831 608 3884 carne,
620 3819 696 3890 quod
713 3819 835 3892 sanguis
846 3805 989 3895 'sanguini
1043 3817 1258 3878 Voletilieomli
1275 3815 1496 3874 nonssminent
1525 3827 1578 3868 nec
1591 3811 1717 3876 metunt,
1734 3814 1763 3866 ot
1794 3811 1870 3863 Deus

159 3896 330 3954 mimator,
361 3899 469 3959 Omnes
484 3905 534 3977 qui
561 3905 631 3962 estis
645 3913 846 3981 cooperatores
874 3910 936 3978 Dei,
953 3928 989 3969 ne
1044 3910 1124 3966 dedit
1138 3909 1192 3976 eis,
1208 3912 1240 3963 ut
1258 3908 1394 3979 raperent
1418 3903 1469 3960 88
1484 3919 1518 3960 ex
1542 3898 1686 3957 universis
1714 3896 1871 3965 fructibus,

161 3984 291 4054 perdetis
306 3987 430 4060 gloriam
446 3997 582 4050 vestram.
606 3995 685 4051 Scito
708 4002 776 4053 ente
791 3999 891 4054 omnia
910 4001 988 4072 quod
1043 4003 1072 4056 et
1086 3998 1214 4072 gratuito
1228 3996 1375 4051 virerent.
1392 3993 1485 4050 Homo
1513 3990 1636 4064 iniquus
1664 3992 1694 4044 et
1720 3986 1869 4059 pessimus

160 4073 186 4126 si
200 4072 294 4130 leeris
308 4075 339 4131 in
354 4077 457 4151 Alphe,
482 4082 561 4138 Deus
582 4084 744 4141 consentiet
758 4085 822 4142 tibi.
848 4088 920 4144 Cum
936 4107 988 4146 au·
1044 4088 1094 4162 qui
1109 4104 1156 4143 res
1171 4085 1282 4142 alienas
1297 4081 1588 4148 desiderat,imiteter
1608 4081 1653 4133 est
1665 4077 1763 4133 evium
1780 4074 1872 4148 pessi-

159 4165 219 4217 tem
235 4161 295 4220 Dee
310 4169 504 4240 consenseris,
522 4171 551 4227 in
567 4188 625 4245 quo
641 4189 747 4231 cursus
763 4179 833 4232 tuus
846 4181 900 4242 est,
917 4195 988 4251 gau·
1044 4193 1160 4233 morum
1177 4191 1184 4230 ι
1202 4173 1277 4248 repit
1290 4177 1318 4230 et
1333 4165 1531 4228 comedit'non
1556 4184 1619 4224 sue.
1645 4165 1703 4222 Hos
1717 4164 1809 4220 vitere
1823 4164 1871 4218 de-

161 4249 297 4308 derenon
314 4256 423 4326 poteris
436 4256 468 4313 in
489 4261 602 4317 omnire
629 4279 738 4319 venes:
756 4265 875 4336 cujussi
886 4283 988 4324 cerem
1044 4267 1158 4332 bernus,
1175 4268 1203 4320 et
1216 4261 1379 4334 intelligere
1393 4256 1558 4332 parabolas,
1575 4259 1604 4312 et
1618 4271 1676 4310 non
1692 4256 1869 4324 esserepto-

159 4340 302 4412 gesseris,
317 4345 474 4415 prudentie
488 4353 539 4406 tue
551 4355 681 4408 vertetur
700 4353 729 4410 in
750 4353 917 4412 stultitiam.
934 4357 988 4421 Qui
1044 4353 1266 4425 rosetiniqui;
1296 4350 1348 4407 sed
1374 4345 1482 4405 imitari
1511 4347 1636 4416 majores
1664 4346 1791 4427 nostros,
1819 4349 1870 4413 qui

159 4427 261 4485 ebrius
275 4435 332 4500 est,
347 4433 463 4491 ebrium
482 4454 540 4495 non
555 4445 652 4512 potest
665 4442 814 4514 adjuvere.
832 4444 885 4510 Oui
900 4451 989 4516 errat,
1006 4451 1029 4516 Ι)
1044 4444 1218 4518 placuerunt
1234 4441 1365 4506 Domino,
1381 4442 1409 4495 et
1438 4435 1660 4508 increpaverunt
1679 4431 1784 4499 Adem,
1800 4430 1870 4502 quie

160 4517 432 4588 quomodoerrenti
453 4527 627 4584 monstrabit
647 4528 760 4586 viem?
790 4531 839 4603 qui
868 4532 991 4590 voluerit
1045 4534 1172 4591 comedit
1192 4533 1228 4589 ed
1258 4527 1478 4604 persuasionem
1508 4525 1580 4580 evae.
1611 4520 1684 4588 Quis
1711 4524 1869 4592 antequem

159 4603 523 4678 duetorccouti,vtsilli.
549 4617 741 4675 Cecusenim
766 4637 875 4677 cecum
904 4623 991 4680 ducet
1044 4624 1218 4688 comederet,
1229 4619 1348 4676 nomina
1359 4619 1472 4676 cunctis
1487 4615 1575 4673 rebus
1590 4610 1777 4684 imposuit,ct
1793 4626 1871 4665 nuno

158 4691 330 4753 inteream.
347 4699 497 4774 Sapientia
511 4706 589 4778 apud
612 4713 730 4766 sanctos
758 4714 811 4778 est,
829 4715 857 4766 et
885 4711 915 4766 in
930 4711 990 4770 illis
1045 4725 1161 4784 quoquo
1176 4709 1238 4764 suis
1252 4704 1401 4763 vocabulis
1413 4702 1586 4777 apellentur.
1599 4702 1758 4771 Postquam
1771 4701 1870 4752 autern

157 4783 209 4838 Dei
222 4784 362 4844 volentes
374 4792 536 4863 reperitur:
553 4811 611 4852 non
623 4797 654 4851 in
666 4796 714 4854 bis
724 4799 833 4870 quibus
844 4806 990 4876 repugnat
1044 4798 1182 4866 comodit,
1199 4798 1309 4870 ejectus
1323 4799 1367 4851 est
1381 4794 1417 4850 de
1445 4789 1591 4866 perediae,
1607 4791 1636 4844 et
1658 4789 1797 4858 operatos
1825 4788 1871 4841 est

157 4869 249 4942 Dens,
264 4877 359 4948 etqui
374 4878 476 4936 dicunt
491 4899 498 4939 :
514 4884 591 4942 Deus
617 4887 648 4941 in
673 4887 761 4944 nobis
774 4892 821 4945 est
844 4891 989 4964 gaudium
1043 4893 1162 4956 terrem,
1178 4885 1339 4961 genuitque
1353 4882 1423 4939 Gein
1435 4886 1464 4938 et
1487 4877 1568 4948 Abel,
1595 4893 1646 4950 qut
1662 4878 1824 4942 creverunt,
1840 4877 1870 4930 et

158 4975 263 5018 eorum
277 4971 463 5026 convertetur
476 4969 507 5027 in
535 4971 658 5031 luctum.
674 4975 830 5033 Nonenim
846 4994 989 5052 cognove—
1043 4977 1153 5051 operati
1170 4975 1336 5045 suntjuxte
1354 4971 1533 5029 voluntatem
1562 4980 1658 5022 suem.
1689 4962 1771 5033 Opus
1800 4961 1867 5018 tbcl

156 5055 231 5107 runt
243 5055 415 5125 mysterium
428 5059 497 5117 Dei:
513 5078 608 5136 neque
620 5064 794 5122 invenerunt
804 5066 880 5123 viem
896 5085 990 5125 servo-
1044 5065 1153 5140 placuit
1168 5069 1224 5120 Deo
1240 5061 1334 5136 magis
1350 5075 1440 5133 quem
1455 5058 1535 5125 Cain,
1551 5053 1622 5127 quie
1635 5067 1701 5124 quse
1715 5055 1798 5106 erent
1813 5051 1868 5107 ele-

156 5145 481 5230 rnm,etopercpturin
492 5165 535 5206 ea.
548 5151 696 5226 Flagelleti
707 5155 989 5223 suntetnondolue·
1043 5159 1089 5212 cta
1104 5160 1132 5211 et
1147 5152 1286 5226 primarie
1301 5149 1440 5206 offerebat
1454 5147 1531 5212 Deo;
1546 5161 1562 5200 e
1577 5139 1723 5198 contrario
1744 5138 1825 5211 Cain,
1842 5141 1867 5197 si

155 5228 229 5281 runt
244 5229 376 5286 :seducti
392 5239 475 5302 sunt,
486 5240 515 5294 et
528 5255 587 5295 non
600 5239 815 5298 intellexerunt.
832 5243 864 5299 ln
879 5245 928 5301 81
942 5244 988 5302 his
1044 5243 1114 5318 quid
1130 5242 1259 5299 deterius
1274 5239 1338 5306 tuit,
1354 5237 1409 5294 hoc
1424 5233 1531 5291 obtolit
1545 5233 1604 5288 Deo
1623 5247 1629 5286 ι
1658 5228 1709 5302 qui
1724 5227 1755 5284 in
1770 5245 1866 5286 exem-

155 5314 308 5384 omnibus,
321 5333 338 5374 o
352 5319 441 5379 homo
456 5323 517 5398 Dei,
531 5333 673 5387 revertere
683 5330 713 5387 in
728 5331 876 5388 excelsum
889 5357 897 5401 ς
909 5334 988 5406 quod
1043 5333 1124 5406 plum
1141 5329 1261 5388 humani
1278 5326 1393 5400 generis
1407 5324 1626 5397 precesserunt.
1649 5318 1758 5375 Omnes
1786 5319 1864 5374 enim

153 5404 341 5464 tatecieetie
362 5411 522 5485 sepientis.
542 5418 690 5493 Scriptum
713 5425 768 5489 est,
793 5423 853 5478 Nou
886 5439 987 5480 coum·
1043 5412 1544 5496 quislecteolleruntDec,siutiles
1560 5406 1738 5475 suntdbel;
1755 5407 1864 5479 quide-

150 5496 241 5566 litt⁶⁸
256 5498 358 5569 (M-
374 5517 422 5576 ¹¹,
441 5503 496 5579 ll),
512 5511 540 5565 et
569 5524 698 5582 rursum,
713 5510 776 5570 Noe
791 5510 984 5573 inebriaberis
1042 5512 1159 5582 teriora,
1177 5508 1246 5567 coin
1262 5506 1399 5586 operibus
1424 5503 1651 5583 comparentur:
1668 5499 1697 5553 st
1719 5497 1785 5570 eJes
1813 5500 1862 5578 qui
