4064 6158
300 291 360 358 239
922 291 957 356 S.
978 285 1134 356 sussen
1154 285 1377 360 utsuunsul
1905 295 1914 360 l

300 443 469 500 remittere,
483 443 539 484 non
553 427 664 500 expedit
686 427 797 484 nutme.
819 428 948 493 Quorum
976 424 1121 482 Dominus
1134 423 1163 491 Α
1178 425 1381 497 circumcisus,
1395 428 1480 486 tertio
1505 428 1589 500 liber,
1617 431 1653 487 ad
1679 431 1828 487 extremum
1850 429 1914 486 solut

301 519 476 574 sententiam
495 517 642 591 probans:
660 517 745 574 Recte
772 517 892 589 quidem
916 513 1043 580 sentitis,
1071 512 1121 578 eit,
1216 516 1257 570 13.
1275 516 1399 586 Virpines
1413 519 1523 574 inceste
1537 520 1565 574 ei
1578 521 1722 592 nupserint
1734 527 1790 592 pest
1810 534 1914 574 comeus

302 607 379 679 quod
396 623 453 662 nun
468 605 601 678 expedint
616 605 727 662 homini
750 605 786 661 ad
803 607 943 662 cestorum
958 605 1123 676 regnaten·
1177 619 1250 658 aem.
1267 605 1378 677 Tempus
1393 607 1455 663 uite
1482 623 1562 664 omne
1583 607 1661 664 breue
1687 616 1736 665 eet.
1759 609 1889 679 Praeeeptor
1912 645 1914 662 .

303 695 394 762 denti,
417 695 547 768 accipere
572 711 707 764 uxorem;
724 695 775 751 sed
798 693 925 750 difficilis
953 708 999 748 res
1025 694 1080 760 est,
1096 694 1125 746 et
1177 695 1290 764 renymr'
1312 693 1458 766 Greperitu
1482 698 1687 754 Nazianzenus.
1711 697 1850 770 Virpiritee
1867 713 1914 768 qus

303 800 361 840 nun
377 783 751 858 omneseupiuntverbum
780 783 869 850 istud,
898 779 1125 852 verumquibus
1177 782 1266 837 testie
1281 783 1393 841 Christi.
1421 785 1491 854 Quid
1515 788 1624 844 intersit
1651 789 1724 843 inter
1742 788 1913 860 nuptieeetoi

302 872 404 930 dutum
420 877 473 930 est.
489 873 569 930 Alios
584 872 735 930 eunuchos
751 875 856 928 nature
878 869 956 937 lacit,
982 867 1056 924 alies
1079 869 1124 924 vis
1177 871 1304 928 citatem.
1325 904 1360 913 -
1387 876 1545 931 Curramus
1573 893 1625 948 per
1652 875 1774 948 relique,
1801 891 1882 947 neque
1899 892 1915 931 e

302 961 467 1020 hominum.
483 961 553 1018 Mihi
569 961 611 1018 illi
627 960 752 1018 eunuchi
769 960 971 1034 plecent,quos
986 957 1125 1014 castravit
1179 976 1233 1016 nos
1248 960 1358 1032 patitur
1380 965 1550 1036 magnitudo
1573 964 1732 1022 voluminis
1750 964 1850 1021 diutius
1867 965 1894 1020 in
1914 989 1915 998 ε

301 1068 360 1108 nun
374 1052 545 1120 necessitas,
561 1052 611 1107 sed
622 1049 906 1108 voluntastibenter
920 1047 987 1103 illos
998 1047 1028 1103 in
1044 1061 1124 1103 meus
1178 1047 1255 1121 gulis
1275 1049 1436 1107 immorari.
1466 1054 1500 1110 Si
1525 1059 1615 1108 uuum
1641 1055 1776 1125 acceperis
1800 1069 1908 1120 uxerem,

301 1141 386 1197 sinus
401 1141 520 1208 recipio,
536 1140 586 1213 qui
609 1157 640 1196 ss
664 1141 867 1196 castraverunt
893 1140 1011 1211 propter
1035 1150 1125 1208 regne
1176 1140 1306 1208 peccasti.
1321 1137 1407 1196 Aliud
1421 1145 1466 1195 est
1480 1156 1538 1197 nun
1560 1157 1690 1213 peceare,
1715 1140 1791 1198 aliud
1812 1141 1915 1197 benefac

302 1229 452 1296 emiorum,
469 1235 498 1285 et
513 1230 550 1286 ob
570 1229 626 1286 mei
648 1227 760 1285 cultum
782 1227 940 1285 noluerunt
959 1242 1024 1282 esse
1045 1224 1123 1297 quud
1179 1229 1252 1283 Etsi
1274 1231 1400 1300 nupserit
1428 1231 1514 1301 uirpo,
1541 1246 1597 1286 eree
1623 1232 1745 1304 peccaut
1771 1229 1820 1302 (tt.
1846 1247 1915 1303 pecco

302 1319 362 1375 neti
383 1321 461 1375 eunt.
487 1318 639 1392 Simulque
661 1319 814 1374 tractanda
843 1315 1001 1374 sententia:
1017 1317 1073 1386 Qut
1086 1329 1123 1382 ee,
1178 1317 1242 1373 Nun
1258 1316 1308 1372 illa
1320 1318 1412 1391 virgo,
1424 1335 1488 1391 que
1504 1319 1640 1375 sesemel
1656 1319 1706 1376 liei
1721 1319 1808 1376 uultui
1829 1320 1915 1375 dedica

302 1405 409 1479 iuquit,
425 1409 611 1464 castraverunt
623 1411 735 1480 prepter
752 1423 839 1476 repre
861 1406 1001 1461 culorum.
1024 1403 1052 1458 si
1077 1419 1124 1459 eu·
1178 1405 1283 1462 harum
1299 1406 1377 1462 enim
1392 1407 1417 1464 si
1429 1423 1486 1480 que
1497 1408 1640 1481 nupserit,
1654 1407 1913 1465 habebitdamnatio

302 1497 387 1554 strati
403 1497 566 1554 mercedem
578 1496 687 1553 hubent
702 1495 784 1568 regni
808 1492 958 1560 coelorum,
981 1508 1049 1565 ergo
1073 1489 1125 1563 qul
1179 1495 1249 1569 quin
1262 1494 1388 1567 primam
1419 1497 1507 1553 iidem
1522 1497 1636 1553 irritem
1650 1497 1727 1554 iecit.
1740 1497 1767 1554 Si
1782 1502 1871 1554 eutem
1882 1498 1916 1554 hu

303 1599 334 1642 se
349 1602 407 1641 non
423 1587 632 1652 castraverunt,
649 1583 746 1640 locum
772 1600 830 1640 nen
846 1585 971 1656 possunt
994 1579 1125 1652 accipere
1179 1583 1277 1640 viduis
1291 1584 1403 1640 dietum
1419 1585 1567 1656 objecerit,
1583 1590 1693 1658 quanto
1707 1587 1799 1660 magis
1821 1588 1853 1642 de
1870 1587 1916 1660 riq

302 1677 507 1730 castratomm.
536 1675 589 1742 Qui
615 1677 710 1745 petest,
745 1672 851 1744 inquit,
880 1686 987 1743 cupere,
1024 1671 1124 1742 cupiat.
1180 1673 1236 1728 bus
1252 1673 1676 1746 prevalebit,cumetiamhis
1700 1691 1760 1732 nun
1783 1675 1863 1732 liceat
1884 1693 1916 1748 qu

302 1762 427 1820 Grandis
442 1763 509 1818 fidei
524 1767 578 1830 est,
594 1762 772 1836 grandisque
786 1759 965 1830 virtutis,ilei
980 1757 1123 1830 templum
1138 1792 1162 1858 B
1182 1761 1340 1834 aliquunde
1356 1761 1454 1818 lieuitl
1471 1763 1605 1842 Virgines
1620 1763 1711 1832 enim,
1734 1781 1798 1837 que
1815 1767 1875 1837 pust
1889 1781 1916 1821 ec

303 1870 367 1911 esse
393 1853 599 1927 purissimum,
621 1855 716 1906 tutum
741 1867 771 1906 se
793 1849 998 1907 holocaustum
1022 1849 1124 1906 eilerre
1181 1850 1341 1907 erationem
1354 1855 1529 1924 nupserunt,
1540 1869 1598 1909 nen
1609 1856 1669 1910 tam
1683 1851 1916 1925 adulterusunt,q

303 1943 447 2006 Dominu,·
461 1945 491 1999 et
498 1943 583 2014 juxto
597 1940 735 1997 eumdem
759 1939 942 2012 Apostolum,
968 1954 1033 1994 esse
1057 1953 1124 1994 san·
1179 1939 1307 1995 inceste.
1320 1939 1917 2014 Aenevidereturincoquuddiaerut28te

303 2035 385 2090 etum
401 2035 430 2087 et
444 2045 564 2104 corpore
578 2033 606 2086 et
618 2029 733 2101 spiritu.
759 2027 793 2084 ili
817 2031 888 2084 sunt
911 2026 1048 2094 eunuchi,
1075 2025 1126 2098 qui
1180 2028 1266 2098 poerit
1280 2029 1357 2098 uirpo
1367 2043 1423 2084 nun
1433 2029 1768 2100 peccavit,2ttlrursum
1778 2030 1889 2087 coelibes
1896 2048 1917 2086 et

304 2135 335 2179 se
350 2117 465 2192 lignum
479 2119 595 2176 aridum
611 2117 647 2174 ob
658 2116 842 2174 sterilitatem
852 2114 1127 2188 putantes,uudiuni
1183 2115 1259 2186 ptius
1274 2131 1442 2188 provocare,
1457 2117 1557 2173 statim
1574 2133 1605 2174 so
1620 2118 1746 2175 refrenat
1760 2119 1811 2191 (lt.
1821 2119 1917 2176 peiren

305 2225 358 2283 per
372 2207 478 2265 isaiam
494 2210 564 2280 (cup.
580 2209 647 2278 cvr),
674 2205 751 2279 quud
776 2221 828 2277 pru
855 2203 923 2260 filiis
953 2209 983 2260 et
1008 2203 1127 2260 filiabus
1183 2207 1211 2260 et
1225 2203 1305 2260 aliud
1318 2203 1744 2280 inserendo,ini1rmuvit),quod
1758 2224 1917 2266 concessere

304 2299 402 2354 lucum
418 2297 447 2352 in
462 2295 543 2352 cerlis
557 2295 685 2351 habeant
699 2298 844 2368 puratum.
861 2294 971 2350 ilerum
981 2298 1069 2366 typus
1083 2295 1128 2348 est
1181 2309 1266 2349 cens:
1279 2293 1692 2352 iritututterremtemeneurnie
1705 2295 1917 2370 tutetuutlrujru

304 2385 499 2442 Abdemeleeh
512 2387 586 2456 [nus.
602 2382 810 2454 abdamelech]
826 2381 980 2440 eunuchus
996 2382 1026 2438 in
1044 2381 1127 2438 lere·
1183 2381 1367 2446 Quisuntisti
1377 2383 1428 2456 qui
1437 2382 1659 2441 tribulationem
1669 2385 1917 2442 curnishahebunt

306 2475 367 2532 mia
381 2475 451 2547 (cup.
468 2475 586 2544 xxv111);
603 2477 631 2529 et
646 2473 737 2545 spado
752 2471 801 2528 ille
816 2471 922 2545 regine
942 2471 1082 2529 candacis
1097 2470 1128 2527 in
1184 2470 1239 2526 bus
1254 2487 1344 2544 supra
1359 2471 1539 2529 indulserat:
1554 2473 1587 2530 si
1600 2476 1737 2546 occeperis
1751 2491 1918 2543 uecremmol

305 2564 386 2622 Actis
402 2563 602 2636 apostolurum
619 2563 689 2635 (cup.
715 2563 787 2632 νει),
812 2561 863 2634 qui
888 2561 924 2617 ob
948 2561 1038 2617 robur
1061 2560 1150 2640 fidei!
1183 2561 1270 2623 edati:
1285 2563 1311 2617 et
1326 2563 1485 2633 sinopsertt
1499 2563 1652 2632 sepulum
1665 2565 1787 2636 peccauit
1801 2563 1918 2636 [Alpeec

304 2657 359 2712 viri
374 2669 481 2712 nomen
501 2651 638 2708 obtinuit.
666 2651 709 2707 Ad
737 2650 791 2706 hos
820 2655 849 2706 et
875 2647 1125 2707 Clemens¹uus
1184 2649 1389 2706 tribulationem
1404 2652 1918 2726 tamencumisttutebunttrujuemedi

305 2761 457 2806 successor
471 2740 595 2815 apostoli
619 2739 704 2806 Petri,
735 2739 819 2809 cujus
843 2738 950 2794 Puulus
975 2739 1125 2811 apostolus
1184 2737 1278 2811 ignari
1293 2755 1401 2806 rerum,
1414 2739 1591 2812 putabamus
1602 2740 1721 2814 nuptias
1732 2740 1835 2798 saltem
1844 2745 1918 2798 earn}

306 2835 451 2901 meminit,
468 2831 569 2888 scribit
589 2828 744 2902 Epistulas,
769 2842 946 2899 omnemque
972 2844 1045 2900 pene
1066 2845 1128 2885 ser·
1183 2827 1251 2883 bere
1266 2825 1407 2884 letitiam.
1419 2827 1449 2884 Si
1464 2833 1563 2885 autern
1576 2829 1756 2886 nubentibus
1766 2830 1855 2887 etiarn
1874 2831 1904 2886 in

307 2940 424 2984 monem
440 2937 528 2978 suum
543 2918 579 2976 de
593 2916 769 2991 virginitatis
797 2917 924 2989 puritate
940 2917 1084 2974 contexit:
1101 2921 1148 2974 et'
1182 2915 1332 2972 tribulatio
1348 2921 1402 2984 est,
1419 2917 1449 2972 in
1461 2934 1521 2989 qua
1535 2918 1599 2974 sola
1612 2918 1785 2975 videbantur
1804 2919 1911 2976 hebere

307 3015 444 3086 deinceps
459 3008 545 3066 multi
559 3005 728 3080 Apostoliei,
745 3010 774 3062 et
787 3009 926 3078 Martyres
946 3010 974 3062 et
1000 3005 1127 3064 illustres
1183 3005 1255 3074 eies,
1271 3005 1342 3078 quid
1358 3005 1413 3062 erit
1424 3005 1570 3079 reliquum
1586 3008 1795 3081 propterquod
1811 3008 1918 3065 nubunt

307 3109 369 3160 tum
384 3099 536 3158 sanctitate
551 3113 639 3170 quum
653 3094 821 3167 eloquentia
833 3093 898 3161 viri,
919 3111 994 3168 quos
1008 3111 1044 3151 ex
1059 3113 1127 3170 pru·
1184 3097 1212 3152 et
1227 3093 1257 3150 iu
1273 3094 1389 3166 spiritu,
1405 3099 1434 3152 et
1447 3095 1478 3151 in
1495 3095 1603 3165 enimn,
1620 3101 1648 3152 et
1666 3096 1696 3152 in
1710 3096 1777 3170 ipsu
1800 3113 1889 3153 carne
1916 3101 1919 3150 l

306 3193 380 3266 priis
396 3189 513 3263 seriptis
528 3203 615 3242 nosse
635 3183 770 3258 perlueilu
798 3187 851 3239 est.
880 3185 1013 3240 Existimo
1042 3187 1126 3255 euim,
1143 3155 1165 3222 C
1183 3182 1253 3240 letio
1268 3183 1309 3239 sit
1322 3183 1336 3238 l
1348 3185 1407 3257 Epo
1417 3191 1509 3240 eutem
1524 3185 1599 3241 volte
1612 3201 1704 3257 poree.
1719 3185 1777 3255 Sic,
1802 3186 1855 3256 ait,
1882 3187 1919 3243 ob

307 3281 413 3354 inquit,
436 3281 484 3335 tue
509 3293 576 3349 rpus
605 3275 703 3330 tenum
731 3275 742 3308 ²
769 3289 825 3328 esse
847 3275 956 3346 prepter
984 3275 1130 3330 instantem
1183 3272 1280 3328 earnis
1294 3271 1526 3344 tribulationem,
1542 3273 1625 3346 quasi
1643 3291 1701 3329 non
1724 3274 1839 3345 majera
1863 3274 1919 3330 sint

306 3365 603 3436 pressuramque.
620 3363 741 3431 vmttl).
761 3363 827 3426 Ques
853 3366 898 3418 est
924 3361 976 3419 illa
1003 3363 1129 3421 necessi·
1183 3364 1325 3433 pterquae
1356 3377 1413 3418 nen
1440 3362 1582 3419 debeatis.
1612 3363 1698 3433 lpitur
1716 3362 1766 3419 ltee
1784 3363 1859 3431 dice,
1889 3366 1919 3434 [r

304 3461 351 3514 tas
365 3473 439 3530 queo,
456 3457 553 3527 spreto
575 3449 691 3508 vinculo
711 3450 868 3522 conjugali,
884 3451 1060 3523 virginitatis
1075 3469 1127 3524 ap·
1184 3449 1294 3523 tempus
1318 3450 1396 3506 breue
1422 3459 1472 3507 est.
1503 3451 1648 3523 Reliquum
1674 3455 1722 3518 eet,
1756 3459 1786 3508 ut
1817 3453 1867 3524 qut
1892 3452 1919 3507 lu

306 3545 379 3618 petit
391 3545 553 3600 libertatem
569 3541 584 3596 ‘l
600 3543 643 3597 Vce
665 3540 876 3612 praepotentibus
899 3546 924 3594 et
943 3539 1128 3596 nutrientibus
1181 3554 1292 3607 uxores,
1306 3541 1346 3595 eie
1360 3541 1416 3595 sint
1431 3549 1563 3612 tunquam
1576 3556 1631 3597 nun
1650 3540 1787 3596 tolentes.
1815 3541 1919 3614 Neque

306 3633 454 3690 initlodte
475 3631 578 3705 (liuttlr.
608 3646 684 3696 xxiv,
707 3628 857 3696 l5;llurc.
885 3644 947 3696 xm,
980 3629 1010 3684 li
1038 3630 1126 3698 ;l.uc.
1178 3629 1241 3699 jum
1257 3628 1292 3685 de
1307 3627 1471 3703 virginibus
1483 3629 1610 3704 disputo,
1627 3645 1701 3702 quos
1722 3629 1806 3686 nulla
1831 3631 1919 3698 ambi

306 3741 364 3791 xxi,
380 3723 438 3794 23).
455 3723 518 3778 Non
534 3720 581 3776 hic
597 3723 703 3786 scorta,
719 3734 776 3774 non
806 3717 854 3773 hie
882 3716 1037 3790 lupanaria
1059 3735 1128 3774 eon-
1182 3721 1306 3774 estesse
1320 3717 1428 3775 ielices.
1444 3719 1486 3774 Ad
1503 3718 1625 3775 maritos
1646 3717 1740 3776 venio.
1766 3719 1903 3790 Tempus

306 3813 493 3876 demnantur,
511 3810 546 3865 de
558 3824 683 3880 querum
694 3805 974 3863 damnationenullu
983 3805 1127 3884 dubitatio
1181 3807 1665 3881 est,llumiuusprupeestlitiamsi
1675 3807 1919 3880 nungentisviver

306 3903 368 3954 est:
385 3897 435 3952 sed
453 3896 527 3952 uteri
549 3899 756 3960 tumescentes,
782 3901 811 3951 et
836 3895 981 3952 intantum
1001 3895 1127 3969 vagitus,
1182 3895 1278 3963 suuis,
1295 3899 1327 3951 ut
1342 3895 1455 3968 antiqui
1471 3895 1616 3964 hemines,
1627 3900 1724 3953 tamen
1740 3896 1830 3952 breve
1844 3899 1920 3969 putu

307 3991 336 4042 et
350 3987 464 4042 tructus
479 3988 566 4056 atque
581 4000 667 4056 opera
681 3984 1009 4057 nuptiarumouontom
1029 3986 1128 4042 bonurn
1182 3988 1270 4052 esset,
1287 3983 1364 4057 quod
1381 3984 1499 4041 heberet
1513 3983 1672 4056 uliquendo
1688 3985 1789 4056 linem,
1807 3990 1838 4042 et
1859 4000 1919 4041 ess<

305 4072 466 4131 estlornini
492 4073 641 4144 sicesseil
656 4072 717 4128 Cur.
744 4090 795 4140 vu,
818 4073 874 4146 26).
899 4074 928 4129 Si
952 4075 1061 4130 bonum
1085 4079 1130 4132 est
1182 4072 1642 4130 seretNuncvereeunrbrevis
1665 4072 1783 4130 sitnon
1810 4079 1877 4130 tam
1906 4074 1915 4129 l

307 4163 420 4222 homini
436 4161 478 4220 sio
493 4178 568 4230 esse,
584 4160 694 4218 malum
716 4167 760 4218 est
783 4179 835 4236 ege
864 4162 977 4218 homini
999 4163 1040 4218 sie
1070 4179 1151 4240 non,
1183 4159 1919 4236 quemtribuiatienuptiarum,quidueeiplmusu

306 4269 390 4312 esse:
407 4253 701 4324 illuscesceret,
727 4253 787 4308 eroli
813 4267 933 4324 querere
956 4252 1127 4308 solutionem.
1183 4265 1256 4320 quas
1271 4265 1410 4322 cogemur
1424 4250 1481 4307 cite
1504 4249 1659 4307 amittere?
1673 4251 1705 4307 Et
1727 4253 1776 4324 qut
1801 4253 1886 4322 flent,
1913 4251 1919 4306 i

305 4345 413 4402 Solutus
437 4359 464 4399 es
492 4343 525 4398 ot
548 4358 645 4410 uxore,
669 4343 739 4398 nolti
757 4355 881 4412 querere
907 4355 1022 4396 uxorem
1048 4341 1127 4411 tlttd.
1182 4338 1349 4408 etpeudeat,
1373 4341 1398 4394 et
1425 4343 1528 4406 emunt,
1554 4348 1580 4394 et
1607 4347 1723 4396 utuntur
1751 4341 1803 4396 hoe
1834 4357 1919 4395 mum

339 4429 1126 4506 27).Habetunusquisquenustrumterminessuos:
1182 4429 1237 4482 sint
1264 4428 1346 4499 quest
1373 4443 1428 4483 aen
1456 4429 1549 4498 peret,
1579 4427 1725 4498 prodeunt,
1759 4435 1872 4498 urunt,
1906 4445 1919 4483 u

305 4523 394 4579 redde
409 4521 481 4578 inihi
497 4537 607 4587 meum,
623 4523 651 4576 et
663 4522 747 4574 tuum
771 4523 848 4574 tene.
872 4517 901 4574 Si
927 4515 1064 4591 alligatus
1097 4535 1128 4576 ee
1144 4520 1167 4585 D
1183 4516 1231 4573 trec
1244 4515 1356 4572 munde:
1365 4521 1494 4588 praetertt
1509 4517 1581 4573 enim
1595 4517 1685 4588 fipura
1698 4516 1781 4588 hujus
1797 4517 1910 4573 mundi

306 4611 399 4680 uxori,
416 4626 452 4666 ne
478 4608 519 4664 illi
542 4609 594 4664 des
618 4606 784 4681 repudium.
812 4607 841 4662 Sl
866 4606 981 4664 solutus
1003 4625 1069 4664 sum
1093 4608 1130 4665 ab
1184 4624 1235 4676 vn,
1251 4605 1426 4678 susceptet
1442 4605 1762 4677 mundustransit,que
1778 4607 1919 4662 uniuersi

308 4717 407 4770 uxore,
428 4716 486 4758 nun
508 4714 637 4772 querum
662 4711 792 4752 uxorem.
821 4695 856 4752 Ut
884 4712 936 4770 ego
961 4713 1019 4754 non
1049 4697 1129 4756 solvo
1183 4697 1311 4764 duntur,
1328 4695 1496 4768 imoilgure
1516 4700 1544 4752 et
1567 4693 1748 4752 conversatio
1773 4694 1878 4767 hujus
1906 4711 1919 4750 1

305 4790 452 4866 conjugia,
478 4789 503 4848 si
527 4785 617 4846 semel
635 4786 725 4860 ligate
748 4788 836 4854 sunt;
853 4785 893 4842 ite
911 4790 943 4842 tu
970 4803 1026 4843 non
1054 4787 1128 4862 liges
1182 4785 1266 4860 quasi
1282 4783 1376 4840 nubes
1386 4783 1523 4858 preterit,
1549 4784 1625 4840 iuter
1643 4788 1748 4841 cetera
1772 4784 1892 4840 mundi

301 4882 379 4958 quod
399 4881 527 4939 solutum
544 4880 598 4936 est.
610 4876 763 4949 Simulque
773 4874 970 4948 significantis
993 4878 1126 4935 conside·
1180 4881 1209 4933 ct
1223 4874 1330 4949 nuptias
1343 4875 1542 4947 preteribunt.
1559 4873 1659 4946 Neque
1673 4873 1753 4930 enim
1768 4877 1868 4930 erunt
1884 4889 1919 4946 pt

301 4967 636 5029 randave'rborumest.
653 4965 1127 5036 Quiuxoremhabet,utdebitur
1180 4963 1390 5024 surrectionem
1420 4963 1566 5035 conjugia.
1594 4962 1622 5017 si
1649 4965 1747 5019 autem
1771 4977 1864 5018 mors
1893 4963 1915 5016 fi

268 5090 271 5101 ι
299 5061 417 5132 eicitur,
433 5065 538 5118 etesse
554 5059 583 5115 in
606 5056 759 5132 praeputio,
783 5059 811 5112 et
834 5072 937 5112 servus
962 5056 1071 5126 uxoris,
1096 5061 1126 5114 et
1179 5054 1417 5129 nuptiarumpur
1427 5052 1630 5108 necessitatem
1640 5067 1697 5108 nun
1707 5051 1736 5106 in
1747 5050 1917 5107 voluntate

298 5149 375 5222 quud
392 5149 536 5206 motorum
554 5163 704 5206 servorum
720 5149 774 5213 est,
788 5146 927 5216 utltputue.
946 5145 999 5211 Qui
1024 5149 1122 5202 autem
1177 5144 1294 5202 timus?
1309 5145 1344 5199 llt
1358 5142 1436 5215 quod
1451 5139 1549 5196 invitis
1564 5139 1800 5214 extorquendum
1816 5144 1881 5207 est,
1896 5156 1919 5194 u

297 5235 360 5292 sino
376 5251 464 5292 uxore
479 5241 533 5306 est,
551 5237 679 5308 primum
695 5234 806 5293 nullius
822 5235 935 5291 debitur
949 5239 1003 5306 est,
1016 5234 1123 5292 deinde
1177 5249 1228 5307 spe
1243 5232 1431 5306 premiorum
1446 5228 1596 5286 ulierimus
1609 5229 1667 5286 ileu
1681 5227 1696 5284 ‘l
1710 5229 1760 5298 Qut
1773 5231 1845 5286 sine
1857 5243 1919 5283 uxo

333 5377 411 5432 ¹Pro
426 5377 594 5450 virginitate
608 5376 737 5436 locutum
769 5378 860 5434 luisse
886 5381 913 5434 S.
942 5379 1119 5437 Clementem
1174 5378 1254 5443 dare,
1270 5378 1334 5430 tum
1350 5371 1442 5429 nostri
1459 5371 1572 5428 codices
1587 5371 1759 5440 docuerunt,
1792 5375 1869 5428 tum
1905 5369 1919 5426 (

297 5465 372 5522 pere
395 5448 495 5504 letoius
507 5463 576 5504 sues
587 5451 712 5503 testatur
723 5448 812 5528 etiam
826 5455 852 5504 S.
867 5450 1048 5523 lipiphanius
1059 5455 1120 5508 tte-
1175 5447 1353 5518 latinusque
1369 5448 1475 5526 textus.
1492 5443 1556 5499 Alie
1569 5445 1703 5516 quedam
1719 5442 1856 5500 minoris
1875 5457 1919 5498 me

295 5539 351 5580 res.
369 5465 414 5589 dli,
430 5537 454 5576 e.
472 5537 516 5586 xv,
533 5524 562 5572 et
577 5517 658 5598 loeus
680 5519 800 5598 quidem
825 5523 970 5590 eJusmudi
994 5523 1119 5580 occurrit
1173 5534 1263 5626 supra
1277 5523 1366 5589 atque
1381 5515 1457 5570 mira
1472 5515 1674 5572 emendamus.

297 5595 327 5652 in
343 5591 431 5666 priori
447 5591 552 5648 snaed
569 5588 745 5645 Curmtlnos.
1232 5585 1421 5660 Veronensis,
1437 5590 1469 5646 ut
1481 5591 1507 5644 et
1520 5588 1569 5664 qut
1591 5585 1702 5644 tutent.
1724 5585 1838 5660 Grae,
1857 5583 1911 5642 ἵνα

330 5667 340 5706 ¹
357 5663 494 5743 impressi
509 5662 559 5722 ltee
573 5675 639 5738 epus
654 5659 765 5728 tonum,
782 5665 849 5732 eto,
865 5663 916 5720 sed
931 5677 997 5738 epus
1011 5667 1118 5726 reduc.
