4056 6156
232 271 272 334 cr
857 265 890 332 s.
912 267 1066 333 nnsnnn
1088 264 1310 333 stancona
1879 249 1928 331 ἰι

234 405 319 476 uicis)
334 408 363 461 et
376 403 540 476 unumjam
556 401 689 460 attritum
705 403 742 460 ad
766 403 983 471 dormiendum,
1012 400 1057 458 vel
1072 403 1100 470 Α
1115 404 1213 475 caput,
1230 399 1281 474 qui
1296 401 1408 458 habitat
1426 399 1457 458 in
1472 399 1651 460 monasterio
1666 398 1769 460 diebus
1796 399 1927 457 Pascha:

233 491 415 567 operandum
428 510 436 562 ;
447 497 477 549 et
487 491 629 548 amictum
640 490 762 560 lineum,
775 491 964 564 cucullosque
974 492 1057 560 duos;
1113 493 1242 564 exceptis
1253 490 1300 546 his
1315 491 1366 563 qui
1381 490 1410 546 in
1425 491 1601 549 monasterio
1617 489 1771 549 necessarii
1786 493 1866 558 sunt,
1894 490 1929 546 ed

231 585 261 638 et
279 582 430 656 caprinam
460 580 639 655 pelliculam,
669 597 758 654 quam
784 581 911 637 meloten
935 583 1056 648 vocant;
1113 579 1198 636 illum
1215 579 1827 654 omnescongregantur,utquinqueginta
1840 577 1931 634 millia

231 669 390 728 balteolum
421 669 545 738 lineum,
566 674 595 726 et
626 669 747 744 gallicas
783 670 835 742 [lt.
866 668 995 741 caligasl,
1025 683 1058 724 ac
1113 669 1172 725 lere
1188 668 1343 726 hominum
1358 669 1507 727 Passionis
1521 669 1678 727 Dominicae
1695 669 1746 726 bd
1761 667 1848 726 simul
1861 665 1931 724 cele-

231 758 371 816 bacillum
382 758 495 815 itineris
510 757 632 815 socium.
1112 757 1196 814 brent
1214 757 1412 815 testivitatem.

265 849 293 904 5.
306 848 491 920 AEgrotantes
507 846 590 903 miris
611 851 815 904 sustentantur
838 845 1002 918 obsequiis,
1028 849 1058 902 et
1146 847 1173 901 8.
1189 845 1301 915 Mense,
1318 847 1364 903 cui
1379 846 1553 904 vocabulum
1569 850 1614 904 est
1627 848 1749 916 Mesore,
1765 845 1855 902 idest
1875 848 1931 902 Au·

231 936 267 994 ad
283 951 399 992 omnem
415 935 530 1008 copiam
544 937 712 1009 preparatis
736 935 827 992 cibis:
858 935 923 991 sani
951 933 1057 1007 majori
1110 939 1208 1006 gusto,
1224 935 1318 992 instar
1332 935 1448 992 tubilai
1472 935 1656 993 remissionis
1675 935 1737 992 dies
1751 939 1928 1002 exercentur,

231 1023 341 1098 pollent
357 1024 544 1081 abstinentia.
561 1022 610 1080 Bis
626 1024 655 1080 in
674 1025 869 1091 hebdomada,
895 1027 1000 1096 quarta
1028 1027 1057 1080 et
1111 1028 1139 1079 et
1153 1024 1419 1096 peccatacmnibus
1438 1025 1637 1093 dimittuntur,
1650 1023 1930 1096 reconcilianturque

230 1116 312 1170 sexta
327 1112 376 1169 no
389 1112 505 1169 sabbati
526 1113 563 1168 ab
587 1111 726 1168 omnibus
744 1113 906 1185 jejunatur,
937 1115 1055 1184 excepto
1111 1112 1168 1167 sibi
1183 1113 1233 1185 qui
1247 1112 1377 1186 aliquem
1390 1113 1553 1170 habuerant
1569 1112 1765 1182 simultatem
1781 1116 1811 1169 et
1832 1113 1929 1185 dispc-

230 1206 360 1274 tempors
375 1199 492 1257 Pascha
507 1204 535 1256 et
551 1200 743 1257 Pentecosten.
759 1201 832 1257 Aliis
847 1200 952 1257 diebus
962 1215 1056 1256 come·
1111 1205 1223 1257 nuntur
1234 1202 1480 1260 monasteriorum
1496 1203 1602 1277 capita,
1617 1202 1844 1276 dispensatores,
1860 1217 1928 1274 pree-

231 1291 304 1346 dunt
319 1289 369 1362 qui
380 1286 481 1345 volunt
491 1293 558 1362 post
572 1285 743 1346 meridiem:
760 1293 789 1345 et
810 1289 840 1345 in
869 1305 951 1344 coena
973 1287 1055 1345 simi·
1110 1289 1210 1363 pcsiti,
1227 1290 1367 1358 ministri,
1383 1296 1470 1365 prout
1482 1292 1642 1349 necessitas
1658 1291 1823 1364 postularit.

229 1378 297 1435 liter
312 1395 415 1435 mensa
430 1377 559 1450 ponitur,
576 1381 694 1451 propter
707 1377 885 1446 laborantes,
903 1394 998 1447 senes,
1027 1381 1056 1433 et
1144 1381 1173 1434 9.
1188 1380 1386 1437 Aiuntantem
1402 1379 1518 1436 Thebai
1540 1379 1617 1452 qnod
1641 1378 1808 1448 Pachomio,
1824 1379 1928 1436 Corne·

230 1484 348 1539 pueros,
363 1471 510 1539 astusque
528 1467 730 1540 gravissimos.
746 1469 821 1524 Sunt
848 1467 898 1540 qui
927 1467 1055 1524 secundo
1110 1467 1208 1541 linque
1222 1471 1251 1524 et
1266 1469 1347 1540 Syro,
1363 1468 1414 1542 qui
1430 1485 1523 1542 usqne
1543 1468 1629 1524 hodie
1656 1467 1731 1524 ultre
1756 1471 1872 1525 centum
1900 1471 1929 1522 et

232 1573 337 1629 parurn
354 1557 532 1623 comedunt;
549 1555 598 1611 alii
613 1557 664 1629 qui
680 1557 806 1630 prandii,
823 1555 884 1614 sive
898 1573 985 1612 coenae
996 1571 1055 1612 uno
1110 1557 1210 1614 decem
1226 1574 1319 1614 annos
1333 1559 1429 1614 vivere
1443 1556 1560 1626 dicitur,
1572 1555 1695 1630 angelus
1709 1555 1816 1630 lingua
1831 1555 1931 1628 mysti-

202 1689 204 1696 .
230 1649 346 1701 tentum
361 1644 425 1701 cibo
442 1644 569 1700 contenti
585 1649 664 1702 sunt.
681 1643 820 1701 Nonnulli
840 1648 956 1718 gustato
986 1660 1055 1716 pau·
1110 1662 1149 1702 cae
1165 1646 1317 1702 scientiam
1333 1646 1456 1716 dederit,
1473 1650 1507 1702 ut
1522 1646 1683 1703 scriberent
1695 1645 1761 1715 eibi,
1777 1648 1806 1702 et
1828 1644 1929 1717 loque·

230 1732 324 1789 lulum
337 1749 412 1806 pane
426 1733 624 1807 egrediuntur.
641 1733 750 1791 Omnes
762 1734 871 1807 pariter
885 1734 1051 1790 comedunt.
1109 1740 1211 1792 rentur
1225 1751 1277 1808 per
1287 1734 1477 1808 elphabetum
1493 1733 1629 1808 speciale,
1646 1733 1740 1808 signis
1752 1733 1930 1806 quibusdam

230 1822 284 1889 Qui
300 1824 335 1880 ad
347 1838 478 1879 mensam
495 1823 536 1879 ire
550 1821 686 1888 noluerit,
698 1824 728 1878 in
743 1823 849 1880 cellula
862 1840 917 1880 sua
945 1837 1051 1894 panem
1108 1828 1137 1880 et
1151 1822 1292 1898 symbolis
1307 1823 1496 1881 absconditos
1525 1840 1631 1881 sensus
1658 1822 1826 1880 involvens:
1856 1838 1931 1895 quas

229 1915 512 1984 tantumetaqnam‚
530 1927 563 1967 ao
580 1911 672 1968 salom
703 1911 819 1984 accipit,
848 1911 907 1968 sive
935 1911 964 1966 in
993 1926 1051 1968 uno
1107 1927 1161 1968 nos
1176 1909 1321 1984 Epistulas
1335 1911 1346 1945 ¹
1361 1910 1445 1967 itaut
1473 1911 1552 1985 apud
1580 1910 1730 1984 AEgyptioe
1757 1910 1929 1982 Graeceque

230 1999 277 2057 die
290 1999 424 2071 voluerit,
440 2000 499 2056 sive
509 2000 540 2056 in
557 2000 647 2057 biduo
659 2001 678 2056 ¹.
1107 1997 1255 2073 leguntur,
1267 1999 1297 2055 in
1314 2003 1444 2056 nostram
1460 1998 1593 2072 linguam
1607 1999 1759 2068 vertimus,
1775 1999 1875 2056 eadem
1895 2003 1931 2055 ut

264 2091 292 2145 o.
309 2089 423 2146 Fratres
433 2089 565 2161 ejusdem
582 2089 654 2145 artis
681 2089 712 2145 in
731 2106 822 2145 unam
846 2090 966 2146 domum
996 2087 1051 2146 sub
1106 2088 1269 2162 reperimus
1281 2088 1426 2145 elementa
1441 2092 1592 2162 ponentes,
1604 2087 1929 2161 etquesimplicitetcm

230 2178 455 2251 unopraeposito
470 2183 701 2251 congregantur:
716 2178 796 2234 verbi
810 2178 915 2251 gratia,
945 2182 978 2234 ut
1001 2178 1052 2250 qui
1106 2177 1231 2251 AEgyptii
1246 2177 1391 2234 sermonis
1405 2177 1512 2234 imitati
1536 2193 1650 2247 snmus,
1680 2175 1929 2249 interpretationis

229 2267 614 2339 texuntlinasintpariter;
631 2269 810 2340 quimattas,
832 2268 861 2323 in
892 2285 980 2324 unam
1009 2285 1053 2323 re·
1106 2267 1257 2323 fidesest:
1274 2264 1841 2340 nevirosapostclicosettctcsgratia
1863 2265 1927 2338 spi-

229 2359 371 2428 putnntur
387 2354 546 2424 lamilium;
564 2357 769 2426 sarcinatores,
782 2356 967 2429 carpentarii,
998 2355 1052 2412 lul·
1107 2355 1200 2412 ritalis
1210 2371 1306 2412 sermo
1323 2355 1485 2412 rhetoricus
1498 2355 1679 2412 immutaret.
1693 2356 1803 2412 Cetera
1828 2357 1929 2410 autem

228 2443 322 2515 lones,
337 2443 479 2517 gallicarii
496 2459 629 2500 seorsum
646 2445 740 2502 esuis
755 2445 918 2518 praepositis
945 2435 1051 2519 guber·
1107 2460 1171 2516 qua
1186 2445 1216 2499 in
1228 2461 1329 2500 eorum
1339 2444 1512 2501 tractatibus
1522 2442 1931 2516 continenturprelibareno·

229 2537 355 2590 nentur:
381 2538 410 2589 et
437 2548 490 2605 per
524 2532 656 2606 singulas
684 2532 885 2590 hebdomades
901 2533 1053 2590 ratiocinia
1108 2533 1161 2601 lni,
1179 2538 1211 2589 ut
1224 2536 1255 2588 in
1272 2533 1335 2589 suis
1350 2532 1502 2590 discantur
1511 2533 1680 2591 auctoribus
1691 2550 1698 2588 ι
1711 2537 1740 2590 et
1749 2532 1784 2590 de
1798 2531 1930 2588 lontibus

229 2637 351 2694 opernm
367 2638 489 2678 suorum
516 2621 552 2676 ad
579 2622 694 2677 Patrem
720 2622 890 2679 monasterii
910 2622 1051 2681 referunt.
1108 2622 1206 2696 potius
1221 2639 1310 2695 quam
1323 2622 1359 2677 de
1371 2621 1474 2678 rivulis
1492 2621 1604 2692 bibant,
1620 2637 1696 2694 quos
1724 2625 1830 2678 sancte
1858 2635 1929 2677 can-

259 2709 429 2766 nomnium
436 2709 681 2766 monasteriorum
687 2709 1053 2782 princepsunumhabetur
1106 2710 1280 2768 versationis
1291 2709 1389 2775 studia
1400 2709 1553 2766 delectant.

232 2871 268 2926 de
287 2869 399 2942 reliquo
415 2869 628 2926 circumierunt
642 2886 758 2928 manns.
775 2893 786 2920 ι
803 2871 868 2927 Vid.
880 2871 956 2928 inira
988 2889 1050 2944 cap.
1106 2872 1184 2946 quod
1200 2871 1316 2944 proprie
1331 2870 1542 2928 monachorum
1558 2870 1693 2945 designat
1707 2869 1852 2938 habiturn,
1867 2870 1932 2926 llle-

230 2942 275 2998 ll.
302 2947 341 2998 De
371 2941 474 2997 Melcte
499 2944 597 2998 autem
627 2941 735 2998 Paulus
764 2943 905 3000 diaeonus
935 2943 1052 2999 nomine
1107 2945 1195 3002 lolem
1208 2941 1356 3024 appellare
1368 2943 1521 3008 debemus,
1537 2942 1614 2999 sicut
1628 2946 1657 2999 ct
1670 2942 1812 2999 hactenus
1825 2943 1855 2998 in
1873 2940 1932 2998 hac

230 3011 423 3085 Theodemari
435 3013 548 3069 abbatis
559 3012 737 3070 adCarolum
751 3013 797 3069 Ma
820 3031 890 3071 num
905 3015 1050 3071 scribens:
1106 3015 1254 3089 provincia
1265 3031 1282 3070 a
1292 3014 1471 3086 quibusdam
1485 3021 1615 3070 vocatur.
1633 3036 1647 3064 s

230 3106 244 3135 e
263 3083 471 3156 Illud,inquit,
493 3084 713 3152 vestimentum,
744 3031 820 3157 quoffi
850 3102 868 3141 a
894 3085 1053 3142 Gallicanis
1141 3085 1364 3142 lllolsten.eive
1375 3089 1436 3158 post
1450 3085 1572 3141 biduum.

230 3155 383 3212 monachis
398 3154 512 3212 cuculla
527 3155 644 3223 dicitur,
660 3161 690 3212 et
703 3173 757 3213 nos
773 3172 876 3230 capam
901 3173 1051 3224 vocamus,
1067 3134 1088 3202 C
1141 3159 1152 3194 ⁸
1167 3157 1309 3226 Haletem,
1323 3158 1372 3212 sed
1384 3156 1458 3213 terte
1472 3154 1721 3230 typographorum
1732 3155 1932 3224 mendenen.

505 3791 698 3882 elnnrs
726 3793 946 3882 nosnur
974 3795 1250 3886 PACHOMII
1277 3795 1519 3886 nonnus
1549 3797 1657 3904 oar,
1688 3733 1699 3750 ’

428 3997 489 4070 Oui
504 3997 646 4060 fundavit
660 3999 926 4062 conversationem
948 3999 1162 4061 coenobiorum
1178 4019 1195 4062 e
1210 4000 1363 4081 principio
1377 4019 1433 4081 per
1454 4000 1638 4062 mandatum
1659 3999 1728 4061 Dei.

803 4311 1010 4374 uxcnulunl
1034 4313 1352 4390 PRAEGEPTORUM,

271 4628 318 4687 bt
338 4627 428 4695 1.οιιί
446 4629 528 4686 rudis
543 4630 572 4687 in
589 4629 739 4686 collectam
760 4633 930 4686 sanctorum
959 4631 1055 4705 ingre·
1070 4634 1094 4698 D
1110 4650 1199 4706 quam
1216 4634 1434 4692 Levitonarium
1446 4638 1561 4706 vocant,
1578 4632 1735 4707 diligenter
1752 4630 1939 4704 astringens,

233 4717 324 4785 ditur,
340 4721 368 4774 et
382 4733 470 4790 quem
486 4733 537 4790 per
548 4719 679 4775 ordinem
691 4717 803 4790 janitor
813 4717 849 4774 ub
864 4720 938 4776 ostio
954 4737 1056 4778 mona·
1110 4723 1151 4779 ita
1170 4727 1203 4778 nt
1221 4739 1316 4796 genua
1335 4723 1455 4798 operiat.

232 4807 312 4865 eterii
329 4806 533 4878 introduxerit,
555 4809 584 4863 et
607 4808 707 4864 sedere
734 4806 834 4863 lecerit
852 4807 882 4862 in
911 4814 1053 4866 conventu
1146 4810 1193 4868 lll.
1212 4811 1344 4886 Cumque
1359 4813 1484 4871 audierit
1498 4827 1597 4870 vocem
1619 4812 1697 4868 tube
1721 4809 1756 4867 nd
1777 4807 1939 4867 collectam

225 4896 435 4966 lratrum,non
451 4895 478 4953 ei
492 4895 592 4953 licebit
607 4895 729 4953 sedendi
745 4897 841 4952 locum
858 4896 902 4953 vel
918 4898 1051 4954 ordinem
1107 4900 1248 4966 vocantis,
1275 4903 1373 4958 statim
1411 4901 1580 4976 egrediatur
1607 4898 1742 4957 cellulam
1772 4913 1869 4966 enam,
1896 4897 1941 4954 de

226 4990 419 5054 commutare,
436 4987 529 5043 donec
543 5001 612 5043 eum
628 4983 786 5042 transierat
796 4983 939 5052 Tolihioc,
956 4987 1051 5056 idest,
1107 4989 1262 5064 scripturis
1277 4991 1388 5065 aliquid
1403 4991 1549 5048 meditans
1559 5005 1654 5064 usque
1669 4989 1706 5046 ad
1729 4987 1839 5046 ostium
1861 5002 1939 5042 con-

226 5073 402 5143 prepositus
417 5077 524 5158 domus
541 5091 609 5143 sua,
627 5075 664 5131 ad
680 5073 777 5130 locum
791 5073 841 5146 qui
866 5073 891 5130 ei
917 5073 972 5130 rite
1000 5076 1053 5132 de·
1106 5079 1255 5136 venticuli.

228 5157 323 5216 betur.
1142 5166 1190 5224 lV.
1214 5171 1248 5223 tlt
1271 5170 1389 5241 quando
1413 5170 1444 5226 in
1467 5169 1530 5226 loco
1545 5163 1804 5237 collectacoeperit
1825 5163 1940 5220 ambu-

263 5247 300 5303 ll.
317 5246 436 5305 Sedebit
446 5258 544 5308 autem
560 5271 628 5310 oum
643 5253 723 5310 omni
741 5253 845 5309 decore
872 5256 900 5309 et
915 5268 1052 5310 mansue·
1106 5255 1176 5326 lare,
1196 5257 1275 5312 utad
1290 5257 1387 5315 locum
1405 5258 1525 5316 sedendi
1546 5256 1703 5329 standique
1725 5251 1944 5327 perveniat,ne

226 5337 694 5414 tudine;pelliculamqnesnper
715 5341 870 5398 humerum
900 5346 994 5414 geret:
1018 5358 1053 5398 ex
1106 5343 1149 5399 vel
1175 5361 1279 5416 parum
1304 5345 1403 5402 damni
1426 5347 1456 5403 in
1482 5343 1659 5404 monasterio
1691 5359 1725 5400 ex
1745 5341 1943 5398 alteriusve·

227 5426 317 5483 latere
329 5432 357 5482 et
372 5427 499 5483 interiori
517 5434 598 5500 parte
609 5431 738 5486 subdens
751 5430 885 5500 natibus;
911 5436 939 5488 et
965 5433 1052 5488 vesti·
1107 5429 1169 5488 nial
1179 5431 1366 5506 negligentia.

229 5519 375 5590 mentum,
388 5515 416 5575 id
433 5521 488 5590 est,
504 5516 634 5577 tunicam
650 5515 756 5576 lineam
778 5520 889 5594 absque
917 5519 1051 5590 manicis,
1142 5519 1176 5578 V.
1197 5513 1249 5580 Sin
1262 5526 1360 5582 auum
1371 5529 1455 5583 nocte
1477 5523 1595 5602 signum
1605 5519 1780 5595 insonuerit,
1789 5536 1825 5579 ne
1843 5523 1944 5586 stete·
