4068 6170
109 311 190 376 iios
593 315 745 388 QUAES'l.
768 311 959 380 liuboldus·
973 309 1109 380 illidii.
1132 315 1158 380 ll
1181 315 1330 382 REGUM.
1730 318 1814 387 illc

107 447 198 502 natus
209 443 302 504 icisse
313 445 434 525 dipitur,
449 447 500 521 qui
512 447 599 507 etism
624 451 821 523 quadraginta
841 467 934 508 anno·
948 460 976 525 Λ
991 449 1110 519 dicitur,
1123 451 1323 523 quiaaequalis
1343 451 1440 508 meriti
1458 451 1549 510 luisse
1564 453 1616 510 lliii
1641 455 1693 526 [lt.
1719 453 1810 526 illiue]

107 550 176 590 rum
203 535 295 594 luisse
318 536 436 608 legitur,
462 555 529 594 cum
552 554 674 612 regnare
686 539 820 612 cepisset
835 558 841 596 :
858 540 936 596 unde
990 557 1058 597 cum
1083 544 1167 613 patre
1186 545 1388 598 memorantur
1417 541 1471 613 [rit
1488 546 1687 616 memoraturi.
1703 545 1811 603 Abina-

106 623 258 697 colligiiur
271 627 341 683 Saul
361 629 557 700 quadraginta
571 645 664 686 annos
686 645 833 700 regnasse.
851 631 935 694 One·
990 631 1050 686 dab
1063 630 1273 702 interpretetur
1284 640 1450 702 polermeoo
1463 641 1566 704 mono.
1580 634 1687 706 Sponte
1702 636 1813 693 etenim

107 713 234 770 rendum
250 730 303 770 cur
316 713 387 772 alibi
398 713 506 788 iegitur
520 717 613 789 lesui,
629 721 658 773 al
672 715 743 773 alibi
755 717 936 774 abinadab?
990 736 1045 776 sua
1057 723 1140 792 paler
1153 719 1217 791 ejus
1227 721 1295 776 Saul
1312 720 1387 776 mals
1402 723 1515 794 agendo
1531 722 1695 794 aequisivit,
1720 728 1754 781 ut
1767 731 1811 782 ta-

105 801 191 858 iesui
219 803 298 860 anim
322 804 532 878 iuterpretatur
555 807 679 880 equalis.
702 805 832 879 AEqualis
855 806 932 864 ideo·
989 807 1057 864 litor
1070 825 1130 864 una
1145 825 1211 864 oum
1227 808 1296 865 filiis
1311 810 1503 882 perimeretur
1516 812 1566 884 (a).

144 983 185 1052 (o)
201 981 232 1038 lu
247 982 383 1040 Ambros.
401 999 457 1039 ms.
472 1001 478 1039 :
497 985 657 1057 displiciunt
672 985 840 1054 Qunetiooes
854 984 989 1042 debraico
1003 985 1036 1042 de
1047 986 1127 1042 libris
1141 986 1298 1042 iloloclrim.

623 1391 680 1476 m
710 1387 933 1480 nissum.
954 1391 994 1475 u
1024 1391 1228 1480 nncuu
1252 1383 1300 1498 <fit

857 1602 1063 1618 —

147 1773 226 1845 (Gap.
243 1770 264 1827 l.
288 1773 409 1826 -Vers
434 1771 485 1844 2.).
515 1793 530 1820 a
556 1771 587 1827 ln
618 1773 627 1806 ¹
656 1771 704 1828 die
726 1775 826 1830 aulem
847 1772 1039 1850 tertiasspie,
1056 1788 1138 1844 quom
1155 1772 1255 1844 offerre
1283 1774 1392 1846 adipem
1419 1776 1709 1848 orietumzqooniom
1734 1794 1815 1850 ponsa

109 1859 248 1936 apparuit
262 1859 351 1916 homo
364 1858 484 1916 veniens
502 1860 537 1916 de
552 1861 657 1916 castris
670 1860 740 1917 Saul
753 1866 809 1932 »,et
823 1861 936 1934 reliqua
990 1870 1130 1933 peccalum
1145 1861 1304 1918 hariolandi
1323 1871 1363 1918 eet
1388 1879 1553 1936 repcpnore,
1574 1872 1600 1922 et
1623 1867 1705 1938 qimai
1727 1867 1818 1924 moitis

109 1949 267 2008 Hominem
283 1949 375 2006 istum
389 1947 578 2006 Amaieoilsm
594 1949 705 2006 Hebraei
725 1949 817 2007 filiurn
842 1951 936 2008 Doech
990 1952 1156 2007 idololatriae
1171 1951 1244 2007 notio
1259 1953 1465 2023 acquiescenti
1476 1956 1543 2025 llep.
1559 1971 1606 2024 xv,
1621 1957 1666 2025 22,
1682 1956 1739 2028 23),

109 2039 205 2096 fuisse
220 2037 333 2094 dicunt.
349 2036 523 2094 Amalcoites
538 2037 618 2096 euim
633 2041 662 2094 et
676 2039 823 2094 idumeus
844 2055 938 2096 uuum
1027 2039 1119 2112 (Vero.
1135 2039 1194 2112 24.)
1214 2062 1224 2090 ι
1242 2039 1321 2096 Filis
1336 2039 1437 2113 lsrael,
1454 2058 1543 2114 super
1564 2043 1632 2099 Saul
1658 2043 1737 2112 flete,
1766 2042 1819 2115 qui

110 2131 168 2199 eet,
193 2127 263 2200 quia
286 2126 365 2183 lilius
388 2126 601 2200 primogenitus
625 2128 701 2184 Esau
729 2127 847 2202 Dliphaz
870 2128 939 2198 luit,
991 2128 1134 2184 vestiebat
1150 2127 1266 2184 coccino
1282 2128 1312 2184 in
1327 2128 1450 2198 deliciis,
1480 2131 1530 2202 qui
1560 2131 1817 2203 prabebatornc·

109 2221 141 2274 et
156 2215 245 2288 hujus
257 2214 336 2272 lilius
350 2214 731 2274 AmalaoDiademaautem
747 2221 776 2273 ei
790 2216 937 2274 armillam
992 2219 1090 2273 menta
1105 2233 1194 2272 aurea
1208 2215 1300 2272 cultui
1315 2223 1440 2274 vestro.»
1457 2218 1607 2276 Vestiebat
1621 2235 1671 2276 aas
1686 2221 1815 2288 coccino,

110 2321 177 2380 qua
189 2304 280 2362 David
294 2303 439 2371 detulit,a
453 2309 535 2378 putre
550 2304 644 2362 Doech
661 2306 866 2362 commendata
880 2305 937 2362 sibi
992 2312 1021 2362 ot
1035 2306 1182 2379 probabat
1196 2310 1370 2364 ornamenta
1381 2323 1470 2364 aureo
1480 2305 1572 2364 cultui
1583 2323 1684 2366 earum
1700 2309 1735 2366 de
1748 2325 1817 2382 prs·

111 2393 203 2452 ruisse
218 2393 330 2452 iiabrei
344 2393 510 2466 perhibent.
992 2395 1038 2451 dis
1052 2395 1183 2451 hostium
1199 2410 1260 2467 qua
1273 2395 1388 2469 agebat.

149 2483 240 2557 (Vera.
256 2482 313 2556 ⁴2.)
329 2505 344 2534 a
360 2483 395 2540 idi
408 2482 594 2556 planxerunt,
619 2487 648 2540 at
669 2484 819 2554 fleverunt,
843 2488 872 2542 et
889 2486 936 2558 je·
1027 2484 1118 2557 (Vere.
1134 2485 1192 2554 25.)
1208 2507 1222 2535 o
1239 2484 1389 2549 Quomodo
1406 2484 1574 2544 ceciderunt
1590 2487 1678 2544 lortss
1694 2487 1725 2543 in
1742 2503 1815 2561 pro·

106 2574 289 2646 junnverunt
303 2587 399 2644 usque
413 2573 450 2628 ad
464 2589 615 2646 vesperam
630 2589 719 2646 super
733 2573 802 2631 Saul
811 2578 839 2632 ct
849 2591 939 2648 super
991 2571 1031 2628 lio
1046 2573 1060 2628 l
1073 2594 1083 2621 ι
1101 2572 1326 2645 Subauditur‚in
1343 2576 1461 2646 peccalo
1475 2577 1554 2631 luo«
1565 2575 1712 2632 ionathan
1723 2576 1753 2632 in
1765 2592 1816 2632 ex·

108 2661 259 2720 Jonathan
272 2660 366 2720 lilium
377 2663 453 2734 ejus,
469 2668 498 2719 st
515 2680 605 2735 super
621 2663 761 2736 populum
778 2663 938 2734 Domini,et
991 2660 1079 2718 celsis
1094 2661 1155 2718 tuis
1167 2661 1284 2718 occisus
1299 2665 1353 2718 est.
1370 2683 1384 2714 a
1403 2663 1435 2719 ln
1455 2662 1573 2720 Hebraeo
1595 2680 1653 2722 non
1676 2665 1813 2733 habetur,

110 2750 453 2825 superdomumlsrael.
473 2773 487 2802 n
512 2752 657 2824 Populum
686 2752 811 2826 Domini,
842 2770 937 2810 sacer·
991 2754 1045 2808 est.
1063 2750 1651 2823 Estenimsensus:OSsui,ionatbau
1675 2753 1815 2810 inexcel·

110 2841 206 2908 dotes,
221 2844 251 2897 st
263 2839 384 2896 domum
400 2840 489 2896 israel
504 2839 679 2914 generaliter
702 2858 819 2899 omnem
845 2859 937 2916 popu·
992 2840 1034 2896 sis
1048 2839 1119 2908 tuis,
1135 2839 1163 2895 id
1179 2843 1225 2896 cst
1239 2840 1268 2896 in
1284 2844 1401 2912 peccato
1422 2841 1624 2899 inobedientis
1644 2846 1710 2914 tue,
1736 2843 1814 2899 occi-

112 2928 178 2986 lum
195 2929 280 2986 israel
296 2929 377 2986 dicit.
992 2946 1055 2995 eus,
1071 2929 1247 2984 subauditur
1261 2933 1315 2986 cst.

152 3019 246 3091 (Vens.
261 3021 318 3089 18.)
341 3041 355 3071 o
381 3021 416 3076 Di
448 3019 531 3092 dixit,
560 3024 595 3076 ui
616 3020 732 3077 doceret
758 3019 834 3078 lllios
862 3020 939 3077 iuda
1028 3020 1107 3091 (Cup.
1124 3018 1304 3076 ll.-Vers.
1320 3019 1348 3075 6.
1365 3041 1379 3070 a
1397 3019 1430 3076 lit
1444 3035 1522 3078 nunc
1537 3019 1677 3078 retribuet
1693 3021 1812 3093 quidem

116 3109 331 3166 nrcum1iicce
354 3109 497 3182 scriptum
522 3113 565 3165 est
589 3108 619 3164 iu
645 3108 719 3166 libro
742 3109 936 3166 iustorum.»
953 3155 974 3222 G
992 3107 1075 3164 vobis
1093 3107 1235 3164 Dominus
1250 3107 1481 3166 misericordium
1494 3113 1523 3166 et
1531 3107 1713 3166 veritatem.»
1729 3109 1815 3168 Mise-

111 3197 428 3264 stuixiasubauditur
443 3197 544 3269 David,
561 3201 594 3254 ut
607 3199 735 3268 doceret,
760 3199 938 3256 subauditur
992 3197 1148 3254 ricordiam
1181 3198 1211 3252 in
1254 3198 1388 3270 presenti
1430 3197 1546 3267 seculo,
1590 3198 1741 3256 vamtatem
1784 3200 1815 3256 in

111 3293 203 3356 Deus,
214 3287 289 3344 lilios
303 3287 381 3344 iudo
396 3304 508 3359 arcum,
525 3303 607 3361 reges
628 3287 763 3344 videlicet
787 3288 803 3345 J
807 3289 863 3344 uda
887 3288 938 3344 do·
993 3285 1091 3342 luturo
1108 3304 1116 3354 ;
1130 3286 1200 3358 quia
1215 3285 1494 3358 misericordiaque
1509 3286 1539 3342 iu
1554 3285 1690 3358 presenti
1714 3287 1815 3344 sacnti

113 3380 196 3434 cerei
220 3376 432 3446 fortitudinem,
459 3375 571 3434 scilicet
596 3379 629 3432 ut
662 3378 749 3432 lorica
776 3380 807 3432 et
834 3375 937 3432 intenti
993 3374 1136 3431 tribuitur
1150 3376 1185 3431 ad
1203 3376 1453 3447 comparationem
1475 3379 1588 3432 sterno
1609 3375 1817 3434 misericordis

112 3465 255 3524 assentio
276 3467 381 3522 timore
395 3465 524 3532 Domini,
540 3469 569 3522 et
595 3465 625 3520 in
650 3464 802 3536 preceptis
823 3463 885 3533 Dei,
903 3479 938 3520 ne
994 3463 1179 3520 mendacium
1192 3468 1245 3520 est.

113 3571 167 3630 per
182 3553 408 3611 inobedientiam
424 3571 506 3628 reges
520 3553 597 3610 iudo
622 3571 640 3609 a
660 3553 832 3609 fortitudine
853 3557 881 3608 et
902 3554 937 3608 tl·
1029 3549 1165 3624 (Vers.8.)
1178 3575 1192 3602 «
1208 3553 1307 3608 Abner
1320 3556 1418 3608 autem
1435 3551 1514 3610 filius
1526 3552 1584 3610 Ner
1598 3554 1735 3626 princeps
1749 3569 1818 3615 extit

112 3660 197 3700 more
212 3643 339 3711 Domini,
355 3643 433 3700 sicut
449 3643 530 3709 Saul,
547 3642 726 3711 recederent,
742 3645 772 3698 oi
793 3658 826 3698 oo
840 3641 938 3707 modo,
993 3639 1070 3695 citus
1081 3638 1159 3710 Saul,
1176 3639 1244 3696 tulit
1263 3640 1394 3697 isboseth
1416 3639 1510 3696 lilium
1535 3640 1618 3710 Saul,
1639 3645 1669 3697 et
1691 3641 1816 3698 circum-

118 3749 179 3807 quo
194 3731 257 3805 ipsa
272 3731 408 3804 perierat,
424 3731 562 3804 perirent.
575 3730 657 3798 Quod
677 3734 773 3787 autem
790 3729 832 3785 ait
848 3746 854 3784 :
873 3729 941 3785 Ecce
994 3727 1076 3784 duxit
1091 3743 1157 3784 eum
1174 3744 1226 3801 per
1240 3732 1345 3786 castra.
1363 3751 1378 3780 »ι
1394 3729 1425 3786 ln
1444 3729 1559 3786 ltebrso
1574 3728 1701 3786 habetur
1724 3737 1819 3786 trona-

116 3821 251 3895 scriptom
276 3829 315 3878 est
329 3822 361 3877 in
389 3821 461 3877 libro
495 3822 643 3890 istotorum,
673 3820 745 3876 liber
774 3819 939 3886 iustorum,
992 3817 1192 3874 domitianis
1210 3815 1340 3886 danaim,
1369 3831 1431 3889 pose
1459 3816 1691 3882 interpretantur
1715 3825 1816 3874 eloim.

114 3911 195 3967 iiber
209 3909 354 3967 Samuelis
379 3915 423 3966 esi
445 3909 494 3983 (i),
520 3908 568 3965 ubi
595 3910 782 3966 continentur
793 3908 939 3984 prophetis
993 3906 1171 3963 Transduxit
1185 3905 1489 3980 eum,inteiligendum
1506 3909 1551 3961 esi
1565 3905 1641 3962 ultro
1656 3905 1815 3963 Jordanem

107 3999 198 4071 justi.
214 3999 331 4056 Samuel
346 3997 552 4067 videlicet,Gnd
568 4004 597 4056 et
608 3999 728 4056 Mathan
746 4017 753 4055 ι
770 4001 938 4072 inquorum
993 4001 1022 4053 at
1037 3997 1066 4053 in
1082 3996 1207 4052 Mnuaim
1222 4012 1321 4070 regem
1335 4011 1404 4052 sum
1419 3994 1618 4052 constituisse.

110 4086 621 4161 libroscriptumessapsrhibetur,
647 4086 773 4159 qualiter
800 4087 869 4144 Saul
895 4103 939 4144 rs·
1029 4085 1122 4158 (Vere.
1140 4086 1180 4158 9.)
1195 4109 1208 4136 a
1226 4087 1320 4158 Sopor
1349 4083 1456 4142 Galead
1486 4089 1515 4140 ct
1542 4101 1632 4158 super
1659 4085 1818 4144 laesuri.»

109 4177 220 4234 cedens
235 4177 368 4235 atimore
385 4175 509 4246 Domini,
526 4193 577 4250 per
600 4175 831 4234 inobedientiam
852 4193 938 4234 suam
993 4175 1143 4244 Hebrsus,
1158 4175 1263 4244 lesam,
1281 4173 1310 4230 id
1325 4178 1371 4230 est
1383 4190 1472 4247 super
1486 4173 1596 4232 tribum
1611 4177 1696 4232 Aser.

108 4265 209 4341 pariit.
1030 4264 1190 4337 (versili)
1207 4265 1217 4318 Ι
1235 4265 1268 4322 iit
1282 4263 1419 4322 clamavit
1431 4263 1528 4321 Abner
1546 4267 1582 4321 ad
1597 4265 1682 4332 iosb,
1699 4267 1728 4320 st
1751 4263 1815 4320 all:
1908 4314 1912 4326 ,

149 4353 245 4426 (Vere.
259 4355 316 4427 19.)
348 4375 360 4404 a
391 4354 493 4428 Inclyti
522 4355 564 4412 tui
594 4355 681 4413 lsrael
710 4372 799 4429 super
825 4359 940 4412 montes
995 4353 1233 4426 Numuequsad
1257 4353 1482 4410 internecionem
1507 4357 1577 4410 tuus
1601 4367 1704 4410 mucro
1722 4353 1815 4410 dees·

110 4451 183 4501 tuos
199 4443 341 4502 interiecti
358 4448 436 4500 sunt.
456 4466 469 4494 »
501 4444 668 4502 lnHebraeo
696 4444 830 4511 habetur,
859 4460 941 4518 super
993 4439 1261 4498 vietl»ilebrsus
1279 4439 1447 4506 nonhabet,
1467 4444 1540 4496 tuus.
1557 4445 1598 4498 An
1617 4439 1818 4513 ipooroequod

110 4533 220 4590 excelso
234 4537 292 4590 tun.
304 4533 340 4589 iit
355 4537 400 4590 est
414 4550 520 4592 sensus
537 4549 544 4588 :
565 4531 681 4603 Oseul,
707 4532 827 4606 gloriosi
848 4533 937 4591 isreel
953 4517 1144 4601 Dpsrictiiosn
1171 4529 1207 4585 eii
1225 4529 1377 4599 desperatio
1396 4528 1410 4584 ‘l
1426 4531 1457 4584 in
1472 4528 1592 4586 liebreo
1607 4528 1648 4586 ita
1666 4527 1815 4586 hahetur:

110 4637 203 4697 super
216 4621 331 4680 cnoeiea
345 4625 396 4679 tua
411 4623 552 4680 interlecti
569 4626 648 4692 sunt,
675 4623 744 4696 quia
765 4623 794 4680 in
820 4627 937 4697 peccato
992 4620 1033 4674 Ao
1047 4624 1158 4690 ionoroe
1172 4617 1242 4691 quod
1256 4634 1369 4674 ansonis
1394 4619 1448 4674 erit
1468 4617 1544 4688 finis.
1566 4621 1600 4674 st
1622 4622 1668 4676 ssi
1690 4631 1816 4676 sensus:

108 4711 315 4768 inobedientias
327 4712 382 4767 iuss
402 4728 461 4768 una
476 4713 573 4767 tecum
590 4710 749 4785 perierunt.
769 4711 938 4770 inobedisn·
990 4707 1131 4780 Nunquid
1146 4707 1264 4781 ignoras
1280 4706 1357 4780 quod
1373 4707 1409 4763 ad
1425 4705 1652 4764 amaritudinem
1672 4707 1725 4763 tibi
1750 4723 1816 4779 pro·

108 4797 152 4855 tia
167 4814 295 4874 namque
308 4803 360 4855 tun
374 4815 427 4873 pro
442 4797 540 4870 idolis,
556 4799 585 4855 id
600 4804 646 4856 est
660 4800 790 4869 excelsis,
803 4803 936 4874 reputata
990 4796 1096 4864 veniet,
1112 4813 1145 4852 eo
1159 4795 1236 4869 quod
1253 4793 1395 4867 populum
1412 4795 1490 4851 hunc
1504 4794 1601 4852 delere
1615 4795 1729 4850 niteris.

108 4891 166 4956 est,
184 4889 262 4945 sicut
276 4891 323 4945 est
344 4887 415 4944 illud
433 4888 463 4944 in
489 4888 562 4945 libro
588 4888 735 4946 Samuelis
759 4889 877 4946 :ilelior
897 4895 937 4947 est
1027 4887 1106 4957 (Cap.
1125 4885 1173 4942 iil.
1190 4917 1221 4926 -
1238 4885 1317 4941 isrs.
1333 4885 1373 4956 5.)
1391 4907 1401 4933 ι
1418 4885 1523 4940 Sextus
1534 4899 1651 4958 qnoque
1664 4884 1818 4940 isthmum

108 4977 364 5050 enimobedieolio,
378 4993 464 5050 qaam
492 4979 612 5034 virtimoe
629 4985 673 5033 :el
692 4979 849 5036 auscultare
872 4995 935 5035 ma·
991 4975 1027 5031 de
1038 4973 1107 5048 Egla
1123 4991 1211 5030 uxore
1222 4973 1324 5030 David.
1342 4995 1357 5022 »
1380 4973 1526 5037 Queritur
1548 4989 1601 5029 cur
1623 4972 1686 5029 alio
1711 4989 1816 5033 uxores

149 5146 157 5180 ¹
174 5147 205 5201 ln
221 5147 360 5203 omnibus
380 5146 438 5206 iere
464 5144 615 5203 codicibus
638 5147 849 5218 manuscriptis
874 5146 935 5205 haec
989 5147 1071 5216 2852,
1088 5143 1137 5216 qui
1153 5141 1206 5198 bac
1222 5141 1365 5198 divisione
1376 5143 1468 5198 utitur
1483 5145 1549 5215 post
1572 5159 1670 5198 vocem
1691 5145 1814 5215 perime-

111 5218 294 5289 conjunctim
321 5217 469 5290 leguntur,
485 5221 513 5275 ei
533 5217 614 5275 nulla
636 5223 729 5274 exstat
749 5221 936 5289 Quoeotiooum
989 5225 1081 5272 retur:
1098 5217 1231 5270 uranon
1246 5231 1281 5268 ns
1296 5231 1380 5269 ursan
1395 5229 1575 5269 nscuuorau
1598 5229 1769 5271 tnnouruus
1780 5232 1816 5274 ns

109 5289 308 5345 Heirnieorum
321 5289 426 5344 divisio
442 5289 472 5346 iu
493 5289 621 5362 primum
650 5295 679 5345 st
707 5289 871 5348 secundum
901 5291 935 5346 ll·
990 5303 1074 5344 cinno
1089 5301 1218 5342 securum
1233 5301 1332 5342 nsouu
1346 5301 1512 5341 caemunuu
1528 5301 1547 5341 r.
1563 5286 1630 5352 oure
1645 5287 1744 5343 omnia
1758 5287 1816 5343 mi·

108 5361 197 5416 hrum
212 5359 324 5434 Regum
342 5379 348 5417 :
361 5363 491 5418 attamen
505 5377 582 5417 unus
596 5363 641 5418 cst
651 5361 836 5420 Colbortinus
851 5379 934 5422 num.
990 5359 1078 5416 uiatis
1092 5357 1195 5414 litteris
1210 5357 1357 5429 descripta
1371 5361 1449 5413 sunt.

146 5507 282 5576 (ciliano
298 5527 381 5566 meus
397 5527 452 5568 ms.
470 5511 690 5639 inscriptionem
706 5514 834 5588 supplet.
988 5510 1125 5588 appellat,
1143 5525 1199 5566 non
1216 5507 1343 5566 Samueli
1360 5509 1473 5580 tribuit,
1489 5511 1540 5566 scd
1557 5510 1654 5584 ipsum
1668 5509 1815 5568 liausasos

146 5581 185 5653 (i)
199 5581 292 5638 Verus
308 5581 503 5657 Hieronymus
517 5583 547 5638 in
576 5583 822 5658 saismcap.xav1
838 5587 933 5654 initio,
988 5585 1096 5641 librum
1109 5597 1174 5640 esss
1198 5586 1291 5657 putat,
1320 5583 1453 5658 ipsorum
1481 5591 1601 5644 secutus
1626 5581 1812 5644 liebreorum

108 5656 141 5716 et
153 5653 184 5714 in
199 5652 340 5716 lizacbiei.
357 5653 426 5734 Gap.
442 5667 505 5734 vus,
521 5654 600 5718 buno
615 5654 734 5732 librum,
752 5673 841 5736 quem
859 5659 935 5722 desti
989 5654 1177 5720 sententiam.
1677 5691 1681 5696 -
