4100 6156
137 311 188 388 ta
667 303 875 384 onvdasus
898 301 1140 386 Jov1nilunn
1164 315 1236 383 cro.
1260 323 1298 384 n.
1770 302 1831 388 sto

133 455 344 525 etundeoima,
359 470 438 510 unus
453 455 593 510 denacius
614 452 765 525 equaliter
794 453 928 509 redditur
943 470 950 508 ι
967 457 993 522 Α
1009 454 1147 510 scribitur
1162 455 1215 525 [nt.
1228 454 1406 524 ascribiturt.
1426 456 1483 509 Aut
1494 455 1646 511 reverteris
1672 455 1763 528 igitur
1790 457 1827 513 ad

132 549 228 617 etque
244 545 342 618 magis
357 543 522 610 admireris,
540 543 576 599 ab
591 541 638 598 hia
654 542 757 614 incipit
786 543 950 613 praemium,
1007 544 1163 615 antiquum
1181 544 1376 616 propositum,
1393 547 1424 598 ut
1437 541 1498 598 ovis
1514 543 1610 614 possis
1624 559 1688 600 esse
1703 543 1739 600 ad
1755 545 1828 600 dex·

128 634 173 705 qui
189 632 291 688 minos
305 633 335 687 in
348 633 434 688 vinea
447 631 617 688 laborarunt
633 631 687 702 [lt.
705 630 866 702 laborauit.
887 653 901 682 a
1006 635 1118 687 teram:
1136 637 1186 687 aut
1200 632 1223 686 si
1240 632 1364 705 priorem
1382 631 1557 688 seutentiam
1574 647 1709 703 perversa
1729 632 1828 705 poeni·

157 723 203 777 21.
222 723 416 793 Hieronymus.
442 719 610 777 Praedicotio
635 719 800 775 Antichristi
825 736 899 776 uero.
918 751 951 762 —
1006 721 1327 776 tontincommutaris:
1357 720 1428 776 volis
1458 719 1543 788 nolis,
1567 736 1736 792 quanquam
1765 721 1829 777 bar·

128 811 179 867 llie
196 813 226 866 et
238 809 442 881 hujuscemodi
457 809 623 865 divinarum
638 807 854 880 scripturarum
867 810 951 865 testi·
1007 810 1075 864 bom
1096 810 1213 877 raseris,
1226 809 1303 864 iuter
1317 808 1414 865 hircos
1427 808 1640 865 numeraberis,

128 899 250 966 moniis,
264 915 326 970 quat
341 898 377 954 ad
393 898 613 971 perversitatem
639 897 686 952 sui
716 897 862 970 dogmatis
886 897 952 953 cali·
1042 899 1086 952 ll.
1103 899 1323 970 propositionum
1337 900 1478 955 loriniani
1492 899 1583 954 series.
1598 901 1629 954 ln
1651 900 1737 955 stolis
1761 899 1828 973 qnid

128 989 186 1044 dus
198 987 576 1060 disputatorinelinat,quis
587 1003 644 1042 non
658 989 787 1042 tentetur
798 987 885 1042 etiem
896 986 952 1043 ele·
1006 987 1152 1042 cantabunt
1176 989 1265 1058 priori.
1277 986 1428 1042 —Verum
1446 986 1516 1059 quid
1540 989 1659 1058 prodest
1687 986 1803 1044 luscum
1819 989 1831 1024 ⁸

129 1076 376 1132 ciorumDei‘lllt
391 1075 767 1148 quodloannesepostolus
786 1075 952 1131 Antichris-
1005 1091 1108 1132 vocare
1131 1075 1257 1140 luseum,
1280 1080 1308 1131 et
1323 1076 1501 1132 accusatoris
1528 1077 1632 1132 docere
1655 1077 1826 1134 inconstan-

129 1171 173 1222 tos
184 1165 259 1221 dicit
269 1165 384 1222 cauisse
393 1164 503 1221 multos
512 1166 536 1233 (l
546 1165 624 1220 loon.
641 1181 673 1230 11,
690 1164 745 1236 18),
756 1163 817 1220 boec
830 1181 896 1219 rere
907 1169 952 1220 ost
1006 1163 1089 1234 tiam,
1102 1181 1167 1220 oum
1180 1165 1412 1238 propositionum
1429 1165 1519 1221 series
1535 1164 1674 1222 diluenda
1685 1165 1723 1223 sit
1732 1165 1746 1223 t
1756 1167 1830 1224 Oves

125 1254 300 1310 antichristi
310 1253 488 1326 pradicatio,
500 1270 564 1326 quae
574 1254 649 1310 inter
661 1254 911 1326 ipsumloannoru
923 1259 952 1309 et
1006 1258 1036 1310 et
1050 1253 1148 1309 hedos
1163 1269 1180 1310 a
1195 1255 1313 1310 deutoro
1325 1259 1353 1311 ct
1381 1254 1512 1322 sinistra,
1527 1255 1602 1311 duos
1627 1255 1779 1326 justorum
1798 1259 1828 1313 et

126 1343 266 1398 ultimum
282 1343 471 1415 paenitentem
482 1341 595 1398 nullam
611 1342 751 1398 sacitesso
767 1342 949 1399 distantiam.
1006 1331 1192 1415 peccatorum
1204 1359 1268 1400 esse
1288 1344 1405 1399 ordines
1420 1361 1477 1399 non
1508 1359 1661 1415 negamus,
1686 1343 1828 1401 Arborum

124 1430 281 1504 Simulque
300 1432 401 1498 miror,
433 1432 583 1504 quomodo
610 1447 732 1504 serpens
763 1431 894 1488 lubricus
923 1438 952 1490 et
1005 1431 1114 1487 honam
1126 1431 1238 1487 tructus
1253 1430 1346 1487 malos
1358 1448 1413 1486 noo
1428 1431 1592 1498 sucaranae
1604 1431 1713 1486 molam
1725 1432 1828 1500 bonos,

126 1519 251 1576 Proteus
267 1525 367 1577 noster
379 1519 410 1576 in
426 1520 574 1576 variarum
591 1537 622 1576 se
637 1525 731 1576 mutet
747 1524 881 1592 portento
891 1523 951 1578 ior·
1007 1517 1079 1574 nulli
1095 1518 1217 1575 dubium
1234 1524 1288 1575 est.
1302 1520 1403 1576 Decem
1416 1536 1531 1592 quoque
1544 1519 1671 1594 virgines
1683 1521 1830 1592 sepientes

126 1624 254 1666 marum.
270 1607 326 1674 Qui
337 1609 416 1665 enim
432 1609 462 1664 in
478 1609 555 1665 coitu
569 1613 597 1664 et
613 1609 765 1664 saturitate
790 1608 951 1681 Epicureus
1006 1610 1035 1663 et
1046 1606 1162 1674 stultns,
1175 1609 1204 1664 iu
1222 1611 1313 1665 bones
1329 1609 1481 1680 molasque
1496 1608 1826 1667 dividimus.tnditnvio

128 1703 178 1767 est,
195 1698 296 1754 subito
311 1697 341 1753 ln
356 1696 548 1754 retributione
564 1696 735 1753 meritorum
750 1697 864 1752 Stoicus
888 1698 949 1752 olii·
1006 1695 1145 1753 liberatos
1156 1698 1267 1768 justos,
1279 1704 1305 1752 et
1322 1701 1487 1771 peccatores
1506 1698 1593 1770 aquis
1621 1698 1754 1765 obrutos,
1770 1714 1830 1755 non

127 1785 213 1842 citur.
226 1783 458 1858 Hierosolymam
469 1785 543 1841 Citio
559 1786 578 1852 ¹,
589 1785 720 1840 Judaam
736 1786 840 1858 Cypro,
853 1785 952 1842 Chris·
1006 1785 1179 1858 ignoramus
1190 1787 1242 1856 [nt.
1259 1801 1318 1841 non
1335 1786 1500 1860 negamus}
1517 1787 1549 1842 ln
1566 1785 1694 1842 Sodoma
1721 1792 1750 1843 ot
1773 1785 1830 1844 Go-

127 1879 190 1930 tum
205 1873 622 1930 Zenomeommutatffinou
652 1872 720 1930 licet
748 1891 765 1928 a
791 1873 950 1931 uirtutibus
1006 1872 1125 1928 merrha
1138 1875 1406 1947 ereptumjustum‚
1423 1878 1451 1930 et
1465 1874 1572 1947 impios
1595 1875 1662 1948 igne
1687 1891 1828 1932 cousum-

128 1961 282 2034 psnlolnm
297 1961 455 2028 declinare,
471 1966 500 2016 et
513 1961 613 2016 omniu
624 1966 744 2034 peccata
758 1965 829 2018 suot
857 1963 950 2036 paria,
1005 1965 1082 2032 ptos,
1096 1961 1233 2017 omnibus
1247 1962 1438 2035 perspicuum
1453 1966 1506 2018 est.
1517 1962 1621 2019 Decem
1638 1979 1757 2036 quoque
1768 1963 1830 2036 pla·

129 2049 323 2121 eiusdemque
337 2049 470 2105 criminis
484 2065 562 2115 rous,
578 2049 628 2121 qui
659 2051 790 2122 panem’
818 2052 950 2107 esuriens
1004 2050 1051 2122 gis
1064 2067 1235 2122 perorassem
1251 2052 1457 2123 AEgyptumet
1468 2051 1556 2108 lsrael
1571 2051 1661 2109 tuisse
1687 2053 1831 2126 sospitem

133 2138 318 2208 surripuerit,
332 2142 359 2193 et
374 2136 425 2209 qui
447 2137 597 2193 hominem
626 2138 787 2194 occiderit:
821 2144 852 2194 tu
883 2156 952 2212 quo·
1006 2138 1402 2195 novimus.lumoriltubro
1421 2139 1726 2213 transissejustos,et
1754 2141 1831 2198 Pha-

133 2241 192 2298 que
205 2227 393 2281 maximorum
408 2225 552 2282 scelerum
567 2241 635 2281 reus
650 2226 759 2282 teneris
781 2227 838 2298 [at.
870 2231 951 2284 tene·
1006 2244 1126 2284 raonem
1150 2244 1288 2284 cumsuo
1315 2229 1440 2284 exercitu
1472 2229 1651 2296 demersum,
1681 2231 1770 2286 etiam
1800 2230 1831 2286 ln

128 2312 233 2387 herisi.
249 2319 336 2371 Porro
352 2315 434 2371 aliud
449 2318 504 2382 eat,
519 2314 544 2370 si
560 2319 587 2372 te
600 2316 682 2372 dicas
697 2331 733 2370 ne
749 2315 873 2372 minima
884 2316 952 2390 qui·
1006 2315 1116 2372 scholis
1132 2320 1251 2372 cantant
1262 2317 1384 2388 parvuli.
1402 2318 1540 2372 sexcenta
1556 2317 1686 2373 millinio
1711 2319 1831 2374 deserto

125 2406 193 2461 dem
210 2403 321 2462 habere
336 2409 499 2476 peccatam
515 2421 581 2459 cum
594 2421 696 2460 omnes
712 2405 835 2476 apostoli
850 2409 878 2460 ot
889 2422 953 2477 pro-
1007 2405 1155 2473 cecidisse,
1169 2406 1239 2476 quia
1253 2405 1396 2462 increduli
1415 2405 1534 2471 luerint,
1550 2411 1578 2461 et
1601 2407 1676 2462 duos
1709 2409 1830 2463 tantum

124 2495 231 2566 pheta,
249 2494 400 2564 etsancti,
411 2494 496 2564 Juxta
518 2493 547 2548 id
563 2492 641 2565 qued
671 2491 700 2547 in
728 2494 857 2548 secunda
886 2509 952 2566 pro-
1006 2498 1113 2549 terrem
1127 2493 1364 2565 ropromissionis
1375 2495 1512 2561 intrasse,
1528 2493 1682 2566 Scriptura
1712 2495 1830 2561 docent,

122 2583 272 2654 positione
287 2582 425 2646 disserui,
441 2585 605 2654 peccatores
620 2597 684 2636 esse
699 2597 730 2636 se
744 2580 895 2654 plangent,
906 2597 952 2638 so·
1007 2587 1036 2637 et
1050 2582 1128 2638 8⁶⁰
1140 2580 1262 2654 reliqua,
1274 2599 1338 2655 quae
1355 2599 1448 2654 usque
1464 2583 1499 2638 ud
1512 2583 1661 2656 operarios
1680 2583 1782 2652 vinee,
1800 2584 1830 2641 in

123 2672 171 2728 lus
187 2672 228 2728 de
238 2670 360 2742 justitia
376 2669 520 2744 glorieris.
551 2674 626 2726 ante
652 2671 732 2726 nudo
761 2687 827 2727 eras
857 2671 951 2742 pede:
1007 2671 1066 2725 duo
1077 2669 1545 2726 bonorumatmalorumordioes
1560 2671 1753 2744 descripsisti.
1772 2671 1831 2728 Sed

125 2761 218 2816 modo
233 2777 293 2815 noo
310 2759 407 2815 solum
418 2761 556 2826 cateneto,
582 2758 632 2815 sed
648 2763 677 2814 et
704 2763 816 2814 ornato.
846 2760 954 2815 Tonc³
1008 2757 1094 2831 qualo
1105 2763 1161 2824 est,
1173 2760 1286 2830 utquia
1304 2759 1482 2815 iuterbonos
1506 2765 1534 2814 et
1549 2759 1643 2815 malos
1654 2760 1760 2816 divisio
1773 2765 1833 2828 est,

126 2865 202 2922 pexa
215 2848 319 2904 tunica
329 2853 358 2904 et
369 2848 452 2921 nigro
466 2847 610 2904 subucula
624 2847 805 2913 vestiebaris,
822 2849 954 2905 sordide·
1007 2854 1038 2904 tu
1051 2863 1167 2903 asseras
1178 2847 1254 2902 iuter
1263 2847 1455 2920 ipsosbonos,
1465 2846 1537 2903 vele
1556 2850 1702 2904 contrario
1726 2849 1830 2914 malos,

124 2944 184 3006 tus,
204 2937 324 2995 “Set
338 2935 477 3009 pallidus,
491 2940 520 2991 et
539 2934 678 2994 callosam
694 2953 781 3008 opero
810 2938 954 3009 gestitans
1008 2936 1120 2992 nullam
1132 2935 1388 3004 essedistentiam,
1401 2935 1533 3008 nihilque
1554 2937 1672 3002 reterre,
1685 2941 1784 2993 utrum
1801 2937 1831 2993 lu

126 3042 252 3083 manum
268 3044 276 3093 ;
292 3041 373 3081 nuuc
388 3024 474 3080 lineis
489 3030 518 3080 et
535 3025 636 3081 sericis
656 3026 800 3094 vestibus,
816 3031 845 3082 et
871 3029 954 3082 Atre·
1009 3041 1110 3098 pecore
1123 3025 1231 3098 aliquis
1242 3023 1317 3080 aries
1329 3025 1413 3079 sitan
1426 3023 1562 3080 ovicula?
1583 3023 1686 3080 Utrum
1699 3026 1826 3098 primam

125 3116 231 3172 batum
247 3115 302 3187 [nt.
321 3114 538 3185 atrebatarum]
549 3129 582 3170 nc
596 3112 742 3170 laodicea
772 3113 953 3169 indumentis
1008 3115 1251 3180 lanamhabeent,
1261 3129 1296 3168 nu
1309 3112 1468 3168 secundam
1480 3112 1494 3167 l
1504 3111 1608 3168 Utrum
1621 3113 1773 3170 scabidum
1784 3129 1833 3187 po-

124 3209 250 3261 ornatus
265 3203 391 3259 incedis.
412 3201 648 3267 aubertinam,
666 3203 839 3270 niteteutis,
863 3189 1351 3268 comaeCcussitetmorbidum,
1369 3217 1404 3255 on
1432 3205 1566 3273 vegetum
1596 3207 1684 3274 atque
1713 3203 1828 3260 sussul-

123 3293 153 3348 in
168 3292 346 3365 occipitium
363 3292 546 3363 frontemque
561 3295 738 3347 manantur:
769 3293 952 3364 protensus*
1007 3293 1094 3349 tans‘i
1118 3292 1245 3348 maxime
1259 3305 1325 3346 cum
1344 3289 1473 3346 Ezechiel
1494 3305 1562 3346 oves
1583 3291 1783 3358 rationabiles,
1800 3296 1830 3348 et

122 3387 169 3440 est
185 3379 385 3454 aqualiculus,
398 3379 557 3453 insurgunt
574 3380 699 3446 humeri,
715 3384 813 3452 turget
839 3386 952 3453 girttur,
1008 3381 1207 3437 diversitatem
1218 3380 1294 3435 inter
1309 3393 1399 3450 pecus
1425 3385 1454 3435 ot
1478 3395 1578 3451 pecus,
1594 3396 1653 3435 sun
1682 3379 1830 3453 prophetae

122 3475 153 3526 et
168 3471 209 3526 de
227 3469 328 3525 obesis
338 3467 474 3524 saucibus
488 3468 535 3524 vix
550 3467 692 3524 eullocata
716 3470 802 3524 verba
814 3485 952 3541 promuu-
1009 3471 1181 3526 auctoritate
1196 3469 1386 3535 demonstret,
1410 3468 1511 3524 dicens
1528 3485 1534 3522 :
1560 3471 1626 3524 Ecce
1640 3486 1687 3541 eqo
1710 3469 1830 3543 jrniieo⁸

121 3565 192 3614 tur.
210 3557 294 3612 i'erte
312 3557 341 3613 io
355 3560 437 3612 tantu
454 3556 621 3613 diversitate
645 3557 738 3613 victus
753 3560 797 3613 est
820 3557 953 3624 vestitus,
1009 3561 1082 3615 inter
1093 3573 1175 3630 pecus
1191 3562 1216 3612 et
1228 3573 1321 3629 pecus,
1339 3559 1365 3612 et
1379 3558 1454 3612 inter
1466 3559 1564 3612 arietes
1578 3567 1603 3613 et
1621 3559 1764 3626 hirenaei
1786 3560 1831 3614 in-
1850 3609 1853 3614 ,

125 3659 258 3703 necesse
272 3649 326 3710 est,
339 3651 388 3701 aut
401 3645 460 3714 hio,
476 3650 528 3701 aut
550 3636 591 3701 itit
615 3661 680 3701 esso
705 3649 867 3717 peccatum.
893 3646 955 3702 Noa
1009 3651 1140 3719 terpecns
1150 3648 1254 3719 piapne
1268 3649 1294 3702 et
1307 3647 1498 3701 macilentam.
1516 3647 1568 3702 Pro
1582 3661 1613 3702 eo
1641 3645 1712 3718 qnod
1741 3647 1833 3704 lauri-

128 3734 217 3809 quod
234 3737 383 3807 peceatum
399 3735 430 3790 iu
444 3734 508 3790 cibo
533 3733 623 3790 autin
638 3734 771 3790 vestibus
800 3751 929 3790 asseram
948 3752 955 3790 z
1012 3737 1061 3793 tos
1076 3736 1233 3792 menineris
1248 3735 1443 3807 ampinpototis
1457 3738 1483 3789 et
1506 3734 1636 3790 comibus
1649 3736 1746 3790 uestris
1767 3751 1832 3792 oen·

126 3826 183 3882 sed
197 3823 279 3897 quod
304 3822 430 3879 venetas
445 3827 475 3878 at
492 3823 683 3880 commutatio
701 3823 730 3877 iu
755 3823 884 3879 deterius
913 3840 957 3880 re·
1012 3827 1136 3882 titntntis
1152 3826 1245 3881 omnio
1260 3825 1492 3895 infirmopecorc,
1509 3823 1593 3879 donec
1613 3823 1836 3896 disperperentnr

128 3911 323 3987 prehensioni
339 3911 471 3984 proxima
486 3911 533 3968 sit.
550 3912 631 3978 Quod
648 3915 745 3967 autem
770 3911 956 3984 reprebendi·
1012 3913 1118 3984 (decet.
1148 3929 1244 3978 naxia,
1274 3913 1317 3980 17,
1332 3914 1377 3976 20,
1402 3912 1457 3983 21).
1489 3912 1522 3966 tlt
1537 3915 1569 3967 ut
1599 3912 1743 3970 sciremus
1770 3929 1835 3986 qua

128 4009 191 4068 tor,
207 4019 226 4057 a
239 4001 350 4056 virtute
366 3999 465 4072 procul
481 4005 526 4056 est
546 4019 553 4056 ε
581 4001 659 4072 quod
686 4017 703 4056 a
731 3999 837 4056 virtute
857 3999 958 4073 procul
1014 4003 1070 4059 ista
1085 4003 1144 4059 sint
1161 4003 1201 4069 [lt
1217 4001 1297 4071 sunt]
1315 4015 1429 4072 pecora,
1446 4001 1545 4055 statim
1569 4000 1692 4057 intulit:
1712 4003 1759 4058 Vos
1785 4018 1836 4058 on·

130 4095 190 4156 est,
201 4091 274 4146 vitio
288 4090 473 4161 mancipatur
490 4090 583 4162 :qood
593 4089 731 4145 vitiosum
747 4088 889 4161 arguitur,
897 4107 960 4162 pec
1014 4102 1078 4156 tem,
1097 4107 1190 4163 qreqes
1203 4092 1256 4146 mei
1279 4091 1299 4156 ⁷,
1315 4105 1377 4145 oues
1401 4105 1512 4162 poscam
1541 4105 1620 4162 mese,
1647 4091 1769 4148 homines
1791 4107 1837 4148 cs·

130 4185 199 4236 cato
209 4177 361 4251 juugitur.
378 4178 458 4244 Quod
473 4182 625 4250 peccatum
640 4178 868 4250 etjuxtatuam
894 4194 960 4235 een·
1016 4180 1143 4250 amitat.
1168 4180 1223 4252 31).
1251 4177 1382 4250 idipsum
1398 4194 1467 4251 ergo
1496 4178 1552 4234 orit
1580 4178 1701 4246 Paulus,
1731 4183 1761 4235 ot
1788 4178 1838 4238 ille

129 4267 301 4324 tentiamiu
318 4266 441 4323 sinistro
461 4270 553 4340 perte,
579 4271 608 4324 et
622 4267 770 4324 hircorum
799 4282 887 4341 grege
912 4269 961 4326 da·
1016 4269 1171 4344 poenitens,
1185 4268 1237 4340 qui
1252 4283 1319 4323 cum
1336 4267 1428 4340 patris
1443 4267 1709 4336 uxoredormierat,
1725 4267 1795 4340 quio
1806 4265 1838 4324 ia

173 4431 183 4464 ¹
195 4425 318 4484 Racilio
331 4427 411 4484 enim
424 4427 495 4484 urbe
511 4426 572 4483 inC
592 4426 637 4500 pri
653 4426 764 4483 insultu
778 4427 872 4484 Zenon
883 4428 962 4485 Stoi·
1016 4447 1088 4504 pesco
1101 4449 1108 4497 ·,
1120 4447 1187 4486 nam
1200 4446 1273 4502 pexa
1292 4428 1393 4484 tunica
1407 4446 1458 4501 pro
1486 4445 1559 4484 novo
1587 4432 1616 4484 et
1643 4427 1783 4501 eleganti,
1810 4431 1840 4484 et

130 4516 239 4558 comm
276 4499 392 4574 riueeps
416 4499 493 4566 iuit;
522 4443 600 4555 uuile
624 4497 729 4559 Κιτιεύς
759 4497 803 4554 vel
838 4497 960 4562 Κιττιεύς
1016 4503 1144 4586 pretiosa
1167 4502 1311 4574 accipitur
1339 4517 1355 4555 a
1385 4498 1493 4556 latinis
1521 4499 1723 4570 scriptoribus,
1752 4503 1840 4572 atque

128 4516 499 4640 Groece,zatinecittieus
523 4569 697 4642 appellatur.
727 4568 792 4624 Vid.
819 4555 1079 4646 Quaestio-Dipso
1095 4573 1239 4644 inprimis
1264 4572 1392 4628 llorntio.
1410 4572 1544 4628 Fortasse
1574 4576 1672 4628 autem
1701 4570 1840 4644 Hierony·

130 4659 187 4699 nes
202 4642 234 4698 in
251 4641 388 4697 Genesim
400 4646 538 4713 capaci
553 4643 582 4696 in
597 4641 704 4697 Jerem.
721 4657 785 4712 oap-
803 4658 834 4696 11.
1017 4642 1433 4717 musacceperitproaillose,
1450 4643 1589 4714 sineque
1616 4641 1689 4715 pecti
1718 4642 1841 4698 deberet

167 4711 962 4785 ¹levissimamculpamgravissimodelrctocompa·
1016 4715 1152 4788 obpilos.
1183 4716 1273 4771 Greci
1303 4731 1366 4769 eam
1396 4719 1506 4770 vestem
1536 4710 1693 4786 μαλλώτιον
1719 4715 1847 4780 νοοειῐιι.Ι

133 4789 198 4842 rat.
206 4783 469 4842 Contrahacteous
479 4784 645 4840 obtinuitin
658 4783 746 4840 editis
762 4783 846 4840 libris
857 4788 886 4839 et
901 4785 961 4856 ple·
1016 4785 1194 4842 Prudentius
1209 4787 1238 4842 io
1254 4787 1338 4858 Hym.
1356 4790 1471 4857 impexo
1481 4786 1557 4842 villas
1571 4787 1648 4856 virpo
1669 4783 1838 4840 bestialibus.

135 4859 244 4928 risque
253 4855 343 4912 etiam
351 4871 423 4912 mss.
435 4855 610 4928 gravissima
620 4854 702 4910 alteri
721 4870 802 4926 eque
823 4855 962 4926 gravissi·
1017 4863 1050 4913 st
1066 4863 1164 4913 noster
1178 4858 1322 4929 superiori
1338 4857 1401 4927 lib.‚
1427 4873 1509 4913 num.
1538 4859 1582 4924 lo,
1598 4855 1737 4912 sordidam
1763 4855 1841 4910 tuni-

134 4944 197 4995 ωε
208 4927 398 4988 conferretur.
411 4927 480 4983 Erat
490 4942 594 4999 nempe
605 4943 706 4998 ponem
715 4927 849 4982 esurienti
871 4929 963 4982 sarri-
1016 4946 1076 4984 eom
1091 4927 1175 4983 dixit.

133 5001 234 5126 prema
246 5014 255 5054 ε
265 5004 293 5054 et
303 5013 408 5071 panem
417 4998 557 5054 esurienti
570 4997 803 5079 surripere-idem
815 4997 854 5079 sit
877 5003 963 5070 atque
1055 4999 1202 5055 ‘Gravius
1218 4996 1318 5053 mallet
1332 5013 1482 5070 propensus
1496 5013 1529 5053 ex
1545 4995 1594 5052 illo
1604 4995 1695 5052 Persii
1714 5013 1720 5050 :

159 5071 296 5152 ominem
312 5068 441 5154 occidere
453 5087 460 5137 ς
471 5085 540 5124 uam
564 5071 652 5151 etlam
674 5085 724 5140 qur
748 5068 890 5149 esurienti
904 5085 965 5152 ¹¹⁰⁰.
1054 5097 1162 5162 Pinguis
1177 5094 1345 5160 aqualiculus
1360 5107 1495 5158 propenso
1510 5092 1672 5158 sexquipede
1685 5095 1780 5143 exstat.

134 5141 579 5212 dederit,occrdrt;notumquo
603 5138 674 5195 illud
699 5155 732 5194 ex
756 5139 964 5196 Ambrosio&
1328 5191 1334 5202 ,
1423 5191 1428 5202 ,

134 5213 322 5285 nonpneisti,
339 5211 503 5268 occidisti.ll
527 5211 673 5267 contrario
697 5210 721 5264 si
746 5209 878 5266 esuriens
901 5210 965 5284 ipse
1058 5191 1489 5250 ⁵1l8t⁰ffl01P⁰P⁵¹OS³l¹i³¹
1508 5207 1515 5246 ²

135 5283 297 5366 fflfipifftr
318 5281 465 5339 ¹⁰Vi⁸⁸im⁰
488 5282 621 5366 ⁰ffi¹¹iuf¹¹
641 5281 791 5365 Peqfflhissi
814 5280 902 5353 idque
920 5287 966 5338 ⁰⁸⁸
1055 5346 1061 5360 .
1150 5310 1182 5358 Et
1194 5309 1270 5358 lirsco
1285 5309 1330 5372 qui
1345 5308 1431 5370 possit
1445 5307 1533 5357 dicere
1546 5305 1661 5359 luscum.

134 5355 220 5429 quod
238 5353 432 5427 Hieronymus
443 5353 572 5409 conterre
583 5353 718 5416 intendit,
730 5356 757 5408 et
768 5353 879 5408 cooiert
889 5371 965 5409 reve-

136 5423 927 5498 rainVeronensimarxquoleeumemaculavimus.
1054 5425 1171 5480 ilitiom
1198 5440 1418 5492 mss.,crcoepo
1441 5423 1572 5496 judicabo
1597 5425 1683 5496 juxta
1710 5423 1843 5480 Graccum

176 5497 189 5532 ⁸
204 5498 245 5553 lix
260 5495 378 5552 lloratio
388 5496 496 5564 hausit,
508 5497 539 5551 Si
553 5497 769 5567 tortesnbncnto
790 5511 868 5568 preme
892 5497 965 5550 Trito
1020 5491 1160 5562 incapacia

134 5569 234 5626 sucat
244 5571 364 5627 tuneo:
375 5573 414 5636 ut,
426 5573 507 5640 puto,
521 5567 648 5623 multum
664 5566 778 5622 diverso
789 5582 889 5635 sensu,
908 5567 965 5624 nisi
1055 5569 1064 5602 ⁷
1081 5566 1257 5622 Veronensis
1267 5580 1360 5637 proper
1375 5568 1437 5630 inei,
1453 5583 1546 5638 propes
1558 5583 1669 5638 poscnoe
1695 5582 1792 5630 mete:
1816 5568 1846 5630 et

136 5641 168 5696 si
179 5638 228 5698 hie
247 5639 326 5715 apud
339 5637 668 5712 Hieronymum-impexo
679 5637 719 5695 sit
735 5636 892 5714 legendum
912 5655 965 5714 pro
1022 5637 1108 5716 paulo
1123 5640 1190 5714 post
1202 5638 1268 5712 qnia
1285 5637 1368 5696 semet
1382 5653 1399 5696 o
1413 5637 1518 5696 destris
1532 5643 1581 5697 est.

309 5766 442 5832 Parnon.
479 5763 589 5836 xx1n.
1653 5764 1689 5831 tt
