4068 6170
231 321 327 386 uste
988 319 1200 387 serenum.
1848 319 1909 388 titt

243 459 323 512 ctum
338 453 447 511 suum?
462 474 476 506 ιι
496 453 536 511 iis
564 455 619 513 hoc
647 455 709 513 loro
735 456 953 514 demonstratur
980 456 1063 525 illud,
1080 460 1107 526 Α
1123 459 1388 517 nemlacturumin
1405 460 1467 518 loco
1491 476 1549 533 quo
1573 457 1759 531 requiescunt
1779 458 1908 530 Abrabam,

243 544 321 616 quod
334 542 420 616 paulo
434 543 570 616 superius
586 543 697 602 dictum
712 550 775 603 est:
800 547 919 603 desecuit
947 561 997 603 rec
1012 546 1065 602 llo·
1122 545 1201 605 isaac
1216 553 1245 604 et
1258 548 1357 607 Jacob.

243 632 763 706 cidircpostrlbrclom(llllep.xrn,
786 634 844 708 39),
873 634 902 692 id
932 637 1067 702 est,ces-
1156 637 1247 708 (Vera.
1278 639 1336 710 2⁴.)
1360 661 1374 690 ιι
1387 639 1421 694 itt
1439 639 1639 712 deposuerunt
1675 652 1770 692 arcam
1803 634 1856 692 lici.
1885 637 1910 692 st

240 721 314 779 savit
336 724 440 778 utnon
456 721 584 780 exiretur
603 723 754 796 abaliquo
770 727 799 780 et
812 723 998 781 reduceretur
1011 723 1066 780 lb·
1121 726 1253 782 ascendit
1266 727 1416 795 Abiatbar,
1433 728 1523 784 donee
1534 725 1666 800 expletas
1680 729 1755 782 esset
1768 724 1854 780 omnis
1873 739 1910 796 pc

241 809 345 867 selem.
362 809 432 868 lnde
446 811 487 868 ait
502 810 623 869 mulier:
637 833 650 862 ιι
666 810 819 868 Etlocutus
830 815 875 868 est
889 811 1065 868 rexverbum
1120 814 1208 887 pulos
1219 815 1269 888 qui
1285 832 1421 888 egressus
1440 817 1535 872 luerat
1549 817 1585 872 de
1600 815 1726 872 civitate.
1739 835 1752 863 ιι
1767 812 1911 868 ldooarcan

240 898 320 956 istud
335 903 367 955 ut
381 903 490 973 peccet,
505 903 534 956 et
562 915 620 956 non
644 900 766 957 reducat
790 901 914 973 ejectum
943 916 1065 958 suum.»
1119 903 1169 960 Dei
1181 904 1353 978 deposuisse
1367 905 1514 976 dicuntur,
1531 910 1562 960 ut
1586 903 1728 959 Dominus
1751 899 1912 956 abllbialbar

240 989 322 1055 Quod
337 1004 405 1044 vero
419 987 476 1046 ait:
494 1012 508 1040 ιι
524 988 618 1054 Quare
645 987 781 1062 cogitasti
806 989 975 1047 istiusmodi
1003 1005 1065 1046 rem
1119 993 1268 1050 sacerdote
1287 992 1498 1061 consuleretur,
1529 1010 1586 1066 quo
1609 1007 1711 1048 versus
1733 989 1913 1046 Davidireds·

241 1081 343 1133 eontra
357 1076 498 1150 populum
522 1075 614 1132 nair»
631 1077 774 1150 Populum
793 1079 853 1146 Dei,
880 1083 963 1135 rorat
987 1095 1066 1135 aum·
1118 1079 1210 1138 beret.
1226 1083 1397 1140 ascendisse
1411 1088 1508 1139 autem
1536 1079 1677 1136 abiathar
1690 1078 1803 1150 dicitur,
1825 1076 1851 1134 ld
1872 1081 1912 1144 est.

241 1165 308 1222 dem
328 1164 476 1238 Absalom‚
493 1166 553 1221 sivo
577 1183 627 1222 eos
655 1167 705 1240 qui
725 1184 793 1223 cum
813 1166 863 1222 illo
892 1167 987 1224 ierant
1010 1165 1063 1238 (At.
1119 1185 1227 1226 orasse.
1244 1171 1606 1244 litquiaoraoulodivinc
1635 1186 1693 1225 non
1714 1169 1740 1224 ei
1765 1183 1914 1239 responsum

240 1253 345 1324 erant),
362 1255 411 1325 qui
428 1255 514 1327 quasi
529 1255 635 1328 captivi
650 1261 679 1312 et
699 1257 783 1328 eiecti
807 1259 900 1324 errent,
925 1272 959 1312 eo
986 1257 1064 1328 quod
1118 1263 1174 1326 est,
1187 1260 1294 1317 ideirco
1310 1261 1338 1316 in
1349 1259 1599 1334 subsequentibus
1623 1259 1693 1312 dicit
1717 1256 1815 1321 David,
1835 1260 1864 1310 ut
1881 1271 1914 1312 re·

240 1357 298 1398 uon
314 1344 522 1428 reducerentur
549 1344 585 1400 ad
612 1345 812 1402 hereditatem
837 1343 904 1400 Dei:
933 1361 969 1400 no
992 1345 1065 1402 torte
1118 1351 1283 1420 portaretur
1297 1365 1363 1405 arca
1378 1348 1427 1404 Dei
1443 1350 1472 1405 in
1489 1348 1602 1404 urbem.

239 1431 340 1498 coacti,
352 1431 408 1488 diis
424 1431 567 1488 alienisin
583 1438 660 1489 terra
674 1432 771 1490 aliena
791 1434 942 1490 servirent.
1153 1439 1232 1508 (Cep.
1257 1436 1330 1493 XVl.
1347 1469 1382 1478 -
1395 1437 1477 1494 Vers.
1504 1437 1562 1508 to.)
1580 1459 1590 1486 ι
1605 1435 1678 1502 Quid
1699 1433 1772 1490 mibi
1797 1437 1824 1489 et
1842 1433 1915 1503 vobis,

275 1519 368 1592 (Vere.
381 1522 437 1593 lt.)
452 1521 534 1577 «Nec
547 1522 607 1577 rull
621 1523 715 1594 perire
740 1523 816 1580 Deus
841 1523 985 1588 animam,
1013 1523 1063 1578 sed
1119 1524 1169 1580 otii
1194 1527 1323 1581 Serviel
1350 1526 1544 1582 Dimittiteut
1577 1523 1742 1580 maledicat.
1756 1546 1769 1572 ιι
1804 1522 1916 1578 liebreus

239 1614 376 1666 retractat
388 1609 531 1683 cogitans,
549 1627 584 1666 ne
613 1612 843 1685 percatpenitus
867 1612 915 1685 qui
932 1612 1064 1683 abiectus
1119 1614 1294 1684 nonhabet,
1319 1623 1350 1671 ut
1370 1615 1525 1681 maledicat,
1550 1613 1600 1670 sed
1634 1617 1763 1678 tantum,
1793 1609 1916 1667 rmledicot

237 1702 293 1754 est.
311 1721 324 1748 ιι
339 1699 379 1755 Ac
393 1699 417 1754 si
433 1699 654 1756 diceret:Deus
671 1703 834 1773 peccatores
850 1700 1065 1773 quiadiubolo
1118 1703 1179 1774 (ms.
1204 1703 1342 1776 nrohdir).
1368 1703 1467 1760 abisai
1498 1703 1579 1759 solus
1619 1703 1779 1757 discretz«
1792 1699 1872 1769 Vade,
1896 1701 1917 1754 et

238 1787 344 1859 captivi
359 1786 536 1856 detinentur,
555 1793 587 1844 ul
609 1789 644 1844 ad
665 1804 696 1845 se
715 1793 932 1857 convertantur,
961 1792 1061 1845 vocat:
1118 1791 1275 1864 amputabo
1299 1795 1387 1864 caput
1414 1793 1527 1863 ejus;»
1550 1796 1578 1848 ct
1602 1790 1690 1846 David
1715 1790 1752 1846 ad
1778 1788 1875 1856 abisai,
1897 1791 1918 1842 st

238 1879 267 1932 et
292 1880 323 1931 tu
340 1876 390 1948 qui
411 1892 479 1932 eum
503 1877 612 1933 imitari
641 1876 740 1947 debes,
756 1894 808 1936 cur
836 1894 894 1934 uon
918 1894 951 1934 eo
977 1878 1064 1933 modo
1116 1880 1191 1936 Joeb
1206 1881 1356 1953 respondit
1371 1879 1489 1937 diceus:
1506 1905 1520 1930 ιι
1536 1880 1611 1947 Ouid
1628 1879 1700 1935 milri
1715 1882 1744 1935 et
1771 1877 1855 1938 robis.
1876 1875 1915 1932 ilii

239 1964 364 2038 agisis)-
1118 1968 1223 2025 Sarvie
1239 1973 1251 2026 l
1266 1991 1280 2019 ιι
1304 1970 1344 2025 Ac
1360 1969 1384 2025 si
1407 1969 1530 2026 diceret:
1557 1969 1698 2041 Nunquid
1721 1966 1809 2023 vultis
1832 1964 1918 2022 interti-

273 2054 367 2125 (Vers.
383 2054 441 2126 26.)
456 2075 470 2104 ιι
485 2053 519 2110 lit
533 2056 650 2127 quando
669 2049 845 2113 tondebatur
858 2053 992 2130 capillus,
1017 2071 1063 2114 se·
1117 2073 1182 2114 cere
1198 2056 1299 2124 istum,
1321 2056 1398 2114 sicut
1411 2056 1599 2115 interfecistis
1622 2057 1749 2113 Abnert
1771 2079 1784 2106 ι
1801 2055 1918 2112 Dominus

239 2142 296 2202 mal
311 2147 409 2200 auem
434 2143 464 2200 in
492 2159 569 2200 anno
591 2144 776 2202 medebatur.
794 2166 808 2194 ιι
824 2149 857 2201 ln
879 2144 998 2202 Hebreo
1022 2144 1064 2200 ita
1118 2145 1195 2202 enim
1212 2145 1348 2218 precepit
1362 2146 1388 2202 ei
1404 2149 1437 2203 ut
1448 2145 1634 2203 malediceret
1646 2147 1744 2202 David.
1762 2145 1795 2201 lit
1808 2143 1869 2217 quis
1887 2145 1919 2200 est

237 2233 360 2307 legitur:
374 2255 388 2284 ιι
404 2233 438 2288 ut
451 2233 750 2306 queudctondebatur
762 2233 931 2307 caputejus.
948 2234 1062 2290 Statuto
1117 2235 1167 2308 qui
1182 2233 1270 2306 dicat,
1285 2249 1376 2307 querc
1391 2233 1432 2292 sio
1457 2235 1571 2304 sercrit;
1590 2258 1603 2286 ιι
1628 2233 1815 2298 subauditur,
1838 2246 1918 2304 quare,

237 2329 334 2379 autem
364 2325 494 2394 tempore
523 2321 714 2379 tondebatur:
743 2323 812 2395 quia
840 2323 979 2396 gravabat
994 2339 1061 2380 eum
1117 2323 1345 2380 sielsoeritnon
1364 2323 1513 2389 nonninus,
1538 2325 1587 2380 sed
1604 2323 1698 2380 Semel
1714 2323 1764 2393 (c).
1779 2321 1867 2378 Semel
1883 2317 1920 2392 qui

236 2409 378 2470 cesaries.
395 2410 579 2467 ponderabat
593 2411 714 2484 capillos
729 2411 834 2485 capitis
857 2411 902 2468 sui
928 2411 1062 2468 ducentis
1116 2412 1308 2470 maledicebat
1324 2413 1422 2480 David,
1440 2411 1501 2486 ipse
1516 2418 1562 2467 ost
1576 2413 1668 2468 Nalrat
1680 2417 1764 2484 pater
1778 2410 1919 2478 Jeroboan,

236 2500 317 2558 siclis
333 2501 459 2573 pondere
474 2500 602 2575 publico.
615 2521 629 2550 ιι
644 2499 706 2557 Nou
734 2499 813 2557 enim
828 2501 910 2558 semet
936 2502 966 2557 r'rr
989 2516 1062 2558 anno
1117 2499 1167 2574 qui
1187 2500 1265 2557 iilius
1289 2500 1402 2556 Gemini
1422 2501 1548 2558 dicitur:
1565 2506 1595 2557 et
1613 2501 1642 2556 in
1658 2501 1719 2557 zelo
1744 2501 1847 2557 domus
1868 2494 1921 2553 Saul

237 2595 269 2648 ut
285 2588 379 2646 Latini
392 2588 507 2646 codices
518 2587 637 2656 babeat,
661 2588 837 2646 tondebatur
862 2593 950 2662 caput
977 2590 1061 2661 ejus:
1117 2588 1268 2646 maledixit
1279 2589 1381 2644 David.
1396 2590 1507 2646 Nomen
1524 2606 1590 2646 vero
1606 2591 1649 2644 avi
1665 2591 1731 2660 ejus
1749 2587 1857 2645 Gemini
1871 2585 1920 2654 init,

235 2679 288 2735 ssd
298 2681 407 2734 statuto
421 2681 563 2751 tempore,
578 2677 608 2735 id
623 2681 677 2751 est,
695 2679 731 2736 de
746 2678 867 2752 triginta
887 2679 917 2734 ia
940 2677 1062 2752 triginta
1116 2678 1218 2752 etipse
1232 2676 1327 2734 Somsi
1339 2693 1373 2733 ex
1387 2676 1465 2734 tribu
1482 2676 1681 2750 Ephraimfilii
1696 2676 1809 2749 Josepb
1834 2671 1922 2730 exstitit

236 2766 350 2824 diebus.
1117 2766 1236 2824 Undect
1250 2765 1327 2822 idem
1343 2766 1438 2822 Semel
1458 2767 1493 2822 ad
1515 2765 1606 2823 David
1621 2764 1711 2821 dicit:
1741 2767 1850 2821 Primus
1871 2777 1923 2836 quo·

271 2857 350 2929 (Cap.
366 2853 568 2913 llV.-Vers.
581 2856 622 2929 7.)
639 2876 654 2909 ιι
673 2856 742 2914 Post
755 2854 953 2929 quadraginta
963 2859 1060 2912 autem
1116 2854 1337 2927 quevcnitrodie
1359 2853 1392 2912 dc
1415 2857 1492 2911 omni
1513 2853 1588 2910 tribu
1610 2853 1707 2926 loseph
1738 2855 1774 2926 (ll
1799 2855 1856 2925 llcq.
1877 2865 1921 2916 sn,

237 2961 330 3002 annos
341 2944 413 3003 dixit
426 2944 563 3002 Absalom
579 2945 615 3003 sd
631 2960 749 3018 regom:
765 2945 877 3000 Vadam
892 2949 921 3002 st
941 2943 1061 3001 reddam
1115 2945 1174 3018 20).

238 3033 897 3109 votamea‚qussvoviDominoinllebron.·
929 3034 1060 3101 Quadra·
1152 3031 1245 3106 (Vere.
1271 3033 1328 3107 17.)
1353 3035 1424 3091 «Ad
1452 3049 1538 3107 quam
1562 3034 1709 3092 absalom.
1738 3034 1805 3090 iiaec
1824 3029 1923 3099 estin·

239 3124 370 3198 gesimm
388 3124 531 3197 agebatur
543 3139 640 3180 annus
659 3140 694 3181 ex
712 3139 746 3180 eo
761 3127 890 3196 tempore
905 3139 963 3195 quo
992 3120 1061 3179 Saul
1116 3123 1192 3197 quit,
1208 3121 1302 3196 gratia
1318 3123 1352 3179 ad
1364 3123 1583 3180 amicumtuum
1594 3124 1608 3179 t
1619 3147 1634 3176 ιι
1644 3123 1806 3181 lnllebraeo
1818 3121 1922 3194 legitur:

238 3213 318 3270 liobe
332 3213 479 3270 civitatem
494 3228 562 3269 cum
581 3211 784 3269 sacerdotibus
803 3210 950 3286 octoginta
978 3191 1099 3284 quin-G
1118 3235 1133 3262 «
1149 3210 1214 3268 lieo
1237 3216 1292 3279 est,
1313 3211 1420 3283 inquit,
1446 3211 1647 3268 misericordia
1671 3217 1724 3269 tua
1746 3213 1784 3269 ad
1816 3209 1922 3269 amicum

238 3319 295 3376 que
311 3307 428 3376 propter
442 3301 533 3358 David
548 3299 705 3358 interemit.
734 3304 767 3356 itt
791 3299 899 3358 idcirco
913 3299 961 3356 hic
983 3299 1061 3358 idem
1116 3299 1245 3357 tuumt»
1261 3301 1342 3368 Quod
1358 3316 1417 3356 uon
1440 3299 1625 3370 alllrmsndo,
1651 3301 1702 3357 sed
1718 3301 1852 3374 negando
1872 3313 1924 3371 pro·

237 3391 482 3466 quadragesimus
497 3407 592 3447 annus
606 3389 735 3464 ponitur,
751 3394 783 3446 ut
797 3394 978 3446 monstretur
990 3389 1062 3447 divi·
1117 3389 1311 3446 nuntiandum
1327 3393 1381 3445 est.
1398 3389 1432 3444 ut
1447 3393 1492 3445 est
1513 3404 1637 3446 sensus:
1662 3388 1862 3446 Misericordia
1882 3389 1922 3446 est·

239 3498 305 3538 nam
322 3479 462 3538 ultionem
475 3479 609 3538 snscitsri
626 3495 714 3552 super
728 3478 830 3551 David,
849 3494 882 3536 ec
899 3479 976 3552 quod
990 3479 1057 3536 Abl-
1116 3483 1167 3535 eut
1181 3478 1238 3534 dici
1254 3478 1350 3544 debet,
1366 3477 1443 3551 quod
1461 3478 1549 3535 David
1560 3479 1690 3534 amicum
1708 3471 1923 3534 tnumdimisiati

238 3568 348 3628 melech
359 3570 397 3644 (t)
412 3570 592 3626 sacerdotem
608 3567 751 3633 refellerit,
766 3572 796 3625 et
808 3572 1002 3640 proptereum
1016 3572 1061 3626 tot
1116 3573 1226 3625 etcum
1242 3584 1275 3625 eo
1291 3584 1348 3624 aon
1366 3567 1437 3624 istil

237 3659 422 3717 sacerdotum
451 3661 544 3716 cedes
567 3656 753 3716 laetaluerit.
770 3658 855 3727 Cave,
878 3656 978 3727 lector,
998 3657 1057 3731 ple·
1151 3656 1572 3730 (Gap.llVll.·-Vers.2‚3.)
1597 3657 1732 3730 Cumque
1758 3655 1860 3732 legarit
1877 3667 1924 3710 ou·

238 3765 344 3822 rosque
373 3749 528 3807 mendosos
554 3748 668 3806 codices
685 3751 706 3815 ¹,
727 3747 757 3804 in
781 3747 890 3820 quibas
918 3747 1060 3821 scriptum
1116 3746 1163 3802 nis
1178 3743 1303 3819 populus
1319 3746 1369 3818 qui
1384 3761 1451 3802 cum
1466 3763 1500 3802 co
1521 3749 1574 3814 est,
1588 3746 1759 3819 percutiam
1778 3761 1870 3818 regem
1889 3741 1925 3796 da·

238 3837 393 3907 invenitur,
408 3845 468 3911 post
482 3847 609 3911 quotuor,
634 3853 692 3895 non
720 3845 779 3908 post
799 3836 982 3910 qucdropintc
1007 3853 1061 3894 aa·
1116 3834 1252 3903 solatum,
1264 3837 1294 3892 et
1305 3834 1618 3892 reducamunivarsum
1631 3835 1789 3910 populum,
1801 3829 1923 3907 quomodo

238 3944 298 3984 nos.
314 3927 346 3984 ln
362 3925 559 3984 veracioribus
574 3942 641 3983 vero
655 3925 816 3994 codicibus,
833 3928 862 3982 et
875 3923 906 3981 in
922 3923 1062 3982 Hebraica
1116 3941 1218 3982 omnes
1230 3923 1333 3981 reverti
1347 3924 1450 3980 solent.
1468 3947 1482 3976 ιι
1499 3923 1614 3982 Scilicet
1629 3925 1706 3982 sicut
1732 3924 1836 3981 reverti
1850 3919 1925 3977 solent

239 4015 361 4073 veritate
373 4031 430 4071 non
446 4017 581 4088 quatuor,
598 4015 649 4072 sed
672 4014 868 4088 quadraginta
891 4013 1063 4072 scribuntur
1116 4013 1166 4087 qui
1182 4012 1289 4070 amisso
1304 4013 1334 4071 in
1350 4013 1446 4085 prelio
1461 4029 1529 4087 rege
1547 4017 1744 4086 revertuntur,
1761 4014 1804 4070 sio
1827 4008 1924 4066 unirer·
1991 4035 1992 4041 ι

239 4104 319 4163 anni.
345 4103 375 4161 Si
404 4119 470 4162 vero
491 4104 689 4162 conentiosus
710 4103 787 4176 quis,
808 4105 925 4161 cosdem
936 4111 1063 4177 quatuor
1117 4119 1168 4160 sus
1183 4101 1309 4176 populus
1325 4102 1412 4159 lsrael
1428 4107 1587 4160 revertetur
1601 4103 1637 4159 ad
1653 4107 1691 4159 te.

239 4209 332 4252 annos
347 4197 477 4250 astruere
490 4191 614 4250 voluerit
627 4192 663 4249 ab
679 4208 713 4250 co
728 4197 859 4274 tempore
884 4208 941 4265 quc
969 4193 1061 4250 Abss·
1153 4191 1245 4266 (Vens.
1260 4190 1287 4248 9.
1303 4191 1360 4265 lu.)
1375 4213 1390 4244 ,ι
1411 4191 1445 4248 lit
1469 4207 1536 4248 cum
1559 4192 1696 4250 ceciderit
1719 4207 1800 4248 unus
1823 4184 1925 4262 quilibet

238 4283 297 4341 lom
312 4284 426 4340 Amnon
439 4282 556 4339 tratrem
572 4297 660 4339 suum
673 4281 829 4351 interiecit,
840 4297 933 4354 usque
946 4280 1061 4339 adillud
1116 4281 1146 4337 in
1163 4279 1315 4354 principio,
1329 4279 1424 4337 audiet
1441 4297 1623 4355 quecunque
1637 4279 1779 4348 audierit,
1795 4283 1824 4336 et
1849 4277 1925 4332 diret:

238 4377 355 4447 tempus
370 4387 428 4446 quo
440 4371 517 4444 patri
531 4371 618 4429 dixit:
634 4393 649 4423 ιι
664 4370 788 4441 Vadam,
804 4375 834 4428 et
849 4370 969 4428 reddum
997 4375 1063 4428 vota
1117 4371 1203 4427 Facta
1216 4373 1262 4427 est
1276 4368 1361 4443 plaga
1388 4369 1418 4426 in
1442 4372 1551 4444 populo
1574 4371 1625 4445 qui
1649 4371 1832 4444 sequebatur
1851 4363 1924 4421 lba-

240 4478 314 4532 mea,
332 4461 473 4536 quereri
490 4459 613 4517 Domino
629 4460 659 4518 in
688 4458 823 4528 Hebron;
842 4479 856 4510 ιι
871 4459 1062 4531 perspicuess
1116 4458 1174 4516 lom
1189 4477 1195 4529 ;
1212 4463 1240 4516 et
1255 4458 1433 4516 iustissimus
1447 4460 1586 4534 quisque,
1610 4462 1697 4531 cujus
1723 4474 1777 4515 cor
1799 4459 1842 4514 cst
1858 4447 1925 4526 qnasi

241 4566 350 4616 errare,
363 4549 388 4606 si
404 4547 558 4620 dilipenter
575 4551 777 4622 perscrutatus
793 4547 890 4614 luerit,
919 4547 1060 4619 iuveniet;
1077 4564 1101 4631 1)
1117 4547 1220 4616 leonis,
1237 4563 1341 4620 pavore
1356 4547 1494 4606 solvetur.
1508 4570 1522 4599 ιι
1538 4548 1570 4605 ln
1589 4549 1710 4605 ilebreo
1736 4547 1780 4604 ita
1804 4543 1922 4600 babetur:

238 4655 305 4698 cum
321 4637 423 4712 utique
437 4636 587 4706 absalom,
603 4636 754 4694 interiecto
768 4638 895 4704 Amnon,
907 4637 936 4693 in
951 4636 1063 4694 Gessur
1119 4661 1130 4690 ι
1147 4637 1182 4695 lit
1198 4635 1375 4694 lectissimus
1390 4635 1463 4710 ipse,
1489 4638 1573 4708 cujus
1595 4653 1646 4695 cor
1665 4641 1710 4693 est
1736 4633 1822 4708 quasi
1843 4627 1924 4690 leonis.

238 4728 316 4802 apud
328 4725 461 4784 'I'holmai
478 4741 575 4798 regem
590 4725 685 4782 tribus
700 4725 796 4797 annis,
808 4729 838 4782 et
857 4725 886 4782 in
897 4725 1061 4784 Jerusalem
1115 4742 1222 4801 pavore
1237 4724 1375 4782 solvetur.
1391 4747 1405 4777 ιι
1425 4726 1506 4791 Quod
1524 4737 1580 4783 non
1606 4723 1797 4791 affirmando,
1822 4721 1869 4778 aad
1888 4729 1924 4771 uc

239 4816 307 4874 inde
322 4818 484 4883 revocatus,
510 4831 567 4871 non
590 4813 652 4870 viso
673 4819 764 4887 patre,
788 4814 903 4871 duobus
931 4819 1062 4872 moratus
1116 4816 1211 4892 gando
1225 4813 1475 4888 pronuntiandum
1490 4818 1543 4871 ast.
1559 4813 1754 4871 Fortissimus
1780 4812 1835 4868 ists
1855 4799 1924 4862 baril

236 4905 325 4964 tuerit
339 4905 434 4976 annis,
450 4909 479 4962 et
493 4908 572 4962 sexto
588 4919 664 4960 anno
679 4901 783 4961 lactem
799 4903 890 4976 patris
904 4904 1017 4974 viderit,
1033 4909 1063 4962 et
1116 4905 1325 4979 intelligendus
1336 4909 1399 4972 cst;
1416 4904 1494 4978 quod
1510 4909 1538 4961 et
1553 4903 1705 4974 sequentia
1720 4901 1877 4958 declarant.

238 4999 420 5052 contraeum
450 4993 679 5068 perduellionem
708 4993 922 5066 praeparaverit.
951 4993 1059 5052 Votum
1151 4996 1243 5068 (Vens.
1262 4993 1482 5065 re‚17.)·scir
1500 4993 1577 5050 enim
1601 4991 1697 5047 omnis
1725 4988 1816 5046 lsrael
1839 4985 1922 5042 lorteu
1989 4999 1990 5018 ι

240 5099 366 5157 namque
380 5101 411 5142 so
426 5085 539 5142 vovisse
554 5081 721 5142 mentiendo
735 5082 817 5152 dixit,
842 5082 937 5152 isset,
953 5083 1059 5140 oratio·
1114 5083 1719 5158 essepatremtuum,etrobustosomnes
1749 5077 1801 5151 qui
1821 5087 1881 5132 cum
1900 5082 1923 5123 οῦ

277 5305 285 5338 ¹
300 5309 359 5363 lios
387 5323 500 5366 errores
529 5311 646 5368 abunde
669 5311 887 5368 conlutevimus
899 5311 928 5368 in
944 5311 1027 5369 Notis
1041 5311 1077 5369 ed
1093 5312 1221 5370 bicinam
1237 5309 1443 5367 bibliothecam.

274 5520 314 5588 (α)
328 5515 373 5583 ΑΙ,
388 5532 455 5572 cum
468 5520 594 5604 dmbros
605 5540 672 5594 ms,
688 5542 737 5582 cur
749 5541 804 5584 non
814 5528 965 5598 cecropis?
1152 5525 1186 5597 (c)
1203 5524 1290 5581 Addit
1305 5524 1416 5588 liuban.
1430 5527 1460 5578 at
1475 5523 1583 5580 liebraei
1596 5521 1698 5580 dicunt
1733 5520 1812 5578 isira
1833 5515 1921 5602 quarto

237 5588 365 5724 Μὲιὺθζῗιι
389 5593 474 5646 veteri
488 5591 622 5663 lectione,
639 5613 722 5654 maus
738 5613 794 5656 ms.
812 5602 840 5656 et
854 5597 977 5672 asban,
992 5599 1061 5658 Ati·
1115 5595 1316 5732 campense
1331 5611 1383 5672 pro
1395 5595 1487 5652 Semcs'
1501 5595 1588 5652 habet
1603 5595 1737 5654 ambros.
1756 5607 1810 5650 ms.
1832 5593 1922 5648 rena
