<?xml version="1.0" encoding="UTF-8"?>
<!DOCTYPE html PUBLIC "-//W3C//DTD XHTML 1.0 Transitional//EN"
    "http://www.w3.org/TR/xhtml1/DTD/xhtml1-transitional.dtd">
<html xmlns="http://www.w3.org/1999/xhtml" xml:lang="en" lang="en">
 <head>
  <title>
</title>
<meta http-equiv="Content-Type" content="text/html;charset=utf-8" />
  <meta name='ocr-system' content='tesseract 3.04.00' />
  <meta name='ocr-capabilities' content='ocr_page ocr_carea ocr_par ocr_line ocrx_word'/>
</head>
<body>
  <div class='ocr_page' id='page_1' title='image "./patrologiaecurs01goog/patrologiaecurs01goog_0837.png"; bbox 0 0 4108 6174; ppageno 0'>
   <div class='ocr_carea' id='block_1_1' title="bbox 250 277 1873 394">
    <p class='ocr_par' dir='ltr' id='par_1_1' title="bbox 250 277 1873 394">
     <span class='ocr_line' id='line_1_1' title="bbox 250 277 1873 394; baseline 0.006 -40"><span class='ocrx_word' id='word_1_1' title='bbox 250 288 327 356; x_wconf 83' lang='grc'>4444</span> <span class='ocrx_word' id='word_1_2' title='bbox 601 277 610 284; x_wconf 85' lang='grc'><strong><em>’</em></strong></span> <span class='ocrx_word' id='word_1_3' title='bbox 897 287 1019 358; x_wconf 82' lang='lat' dir='ltr'><strong>iriam</strong></span> <span class='ocrx_word' id='word_1_4' title='bbox 1041 293 1301 364; x_wconf 83' lang='grc'>4444444444.</span> <span class='ocrx_word' id='word_1_5' title='bbox 1819 327 1873 394; x_wconf 61' lang='lat' dir='ltr'><strong>q„</strong></span> 
     </span>
    </p>
   </div>
   <div class='ocr_carea' id='block_1_2' title="bbox 243 417 1069 982">
    <p class='ocr_par' dir='ltr' id='par_1_2' title="bbox 243 417 1069 982">
     <span class='ocr_line' id='line_1_2' title="bbox 245 417 1068 486; baseline 0 -10"><span class='ocrx_word' id='word_1_6' title='bbox 245 417 301 476; x_wconf 86' lang='grc'>434.</span> <span class='ocrx_word' id='word_1_7' title='bbox 315 419 442 476; x_wconf 81' lang='lat' dir='ltr'><strong>Salomon</strong></span> <span class='ocrx_word' id='word_1_8' title='bbox 453 433 507 474; x_wconf 90' lang='grc'><strong>444</strong></span> <span class='ocrx_word' id='word_1_9' title='bbox 517 417 611 476; x_wconf 87' lang='grc'>444444</span> <span class='ocrx_word' id='word_1_10' title='bbox 619 421 733 476; x_wconf 88' lang='lat' dir='ltr'><strong>similem</strong></span> <span class='ocrx_word' id='word_1_11' title='bbox 741 421 783 476; x_wconf 89' lang='lat' dir='ltr'><strong>sul</strong></span> <span class='ocrx_word' id='word_1_12' title='bbox 793 425 874 476; x_wconf 88' lang='lat' dir='ltr'><strong>liliam</strong></span> <span class='ocrx_word' id='word_1_13' title='bbox 883 425 1068 486; x_wconf 72' lang='lat' dir='ltr'><strong>bonoamibl.</strong></span> 
     </span>
     <span class='ocr_line' id='line_1_3' title="bbox 244 485 1069 554; baseline 0.002 -16"><span class='ocrx_word' id='word_1_14' title='bbox 244 485 324 538; x_wconf 85' lang='grc'>444444</span> <span class='ocrx_word' id='word_1_15' title='bbox 332 487 431 550; x_wconf 87' lang='lat' dir='ltr'><strong>sarlpta</strong></span> <span class='ocrx_word' id='word_1_16' title='bbox 440 485 588 538; x_wconf 90' lang='lat' dir='ltr'><strong>Salomonis</strong></span> <span class='ocrx_word' id='word_1_17' title='bbox 599 489 747 554; x_wconf 82' lang='lat' dir='ltr'><strong>antiquata,</strong></span> <span class='ocrx_word' id='word_1_18' title='bbox 756 501 805 538; x_wconf 89' lang='lat' dir='ltr'><strong>uec</strong></span> <span class='ocrx_word' id='word_1_19' title='bbox 814 489 841 537; x_wconf 92' lang='lat' dir='ltr'><strong>in</strong></span> <span class='ocrx_word' id='word_1_20' title='bbox 853 487 981 538; x_wconf 89' lang='lat' dir='ltr'><strong>memoria</strong></span> <span class='ocrx_word' id='word_1_21' title='bbox 991 489 1069 551; x_wconf 84' lang='lat' dir='ltr'><strong>dura·</strong></span> 
     </span>
     <span class='ocr_line' id='line_1_4' title="bbox 245 551 1068 676; baseline 0.001 -15"><span class='ocrx_word' id='word_1_22' title='bbox 245 551 548 674; x_wconf 45' lang='lat' dir='ltr'><strong>ve[gilalxiits’.⁴S9ifi⁹ipliciores</strong></span> <span class='ocrx_word' id='word_1_23' title='bbox 558 625 762 676; x_wconf 80' lang='lat' dir='ltr'><strong>nonnumquam</strong></span> <span class='ocrx_word' id='word_1_24' title='bbox 776 611 890 662; x_wconf 89' lang='lat' dir='ltr'><strong>salutem</strong></span> <span class='ocrx_word' id='word_1_25' title='bbox 899 625 1068 676; x_wconf 88' lang='lat' dir='ltr'><strong>consequun-</strong></span> 
     </span>
     <span class='ocr_line' id='line_1_5' title="bbox 244 673 759 737; baseline -0.002 -13"><span class='ocrx_word' id='word_1_26' title='bbox 244 677 296 732; x_wconf 85' lang='lat' dir='ltr'><strong>tur,</strong></span> <span class='ocrx_word' id='word_1_27' title='bbox 314 687 394 737; x_wconf 90' lang='lat' dir='ltr'><strong>quam</strong></span> <span class='ocrx_word' id='word_1_28' title='bbox 409 673 541 724; x_wconf 76' lang='lat' dir='ltr'><strong>doctiores</strong></span> <span class='ocrx_word' id='word_1_29' title='bbox 556 677 689 735; x_wconf 90' lang='lat' dir='ltr'><strong>amittunt,</strong></span> <span class='ocrx_word' id='word_1_30' title='bbox 704 677 759 725; x_wconf 88' lang='grc'>447.</span> 
     </span>
     <span class='ocr_line' id='line_1_6' title="bbox 274 735 1065 817; baseline 0.001 -32"><span class='ocrx_word' id='word_1_31' title='bbox 274 735 411 817; x_wconf 74' lang='grc'>8444444444.</span> <span class='ocrx_word' id='word_1_32' title='bbox 423 737 487 795; x_wconf 84' lang='lat' dir='ltr'><strong>Quis</strong></span> <span class='ocrx_word' id='word_1_33' title='bbox 503 737 681 801; x_wconf 84' lang='lat' dir='ltr'><strong>provinciale</strong></span> <span class='ocrx_word' id='word_1_34' title='bbox 697 738 837 788; x_wconf 77' lang='lat' dir='ltr'><strong>Palaestina</strong></span> <span class='ocrx_word' id='word_1_35' title='bbox 859 735 929 786; x_wconf 90' lang='lat' dir='ltr'><strong>dicta</strong></span> <span class='ocrx_word' id='word_1_36' title='bbox 944 737 977 788; x_wconf 87' lang='lat' dir='ltr'><strong>sit</strong></span> <span class='ocrx_word' id='word_1_37' title='bbox 991 736 1065 787; x_wconf 87' lang='lat' dir='ltr'><strong>Salu-</strong></span> 
     </span>
     <span class='ocr_line' id='line_1_7' title="bbox 243 801 995 926; baseline -0.001 -15"><span class='ocrx_word' id='word_1_38' title='bbox 243 801 432 911; x_wconf 43' lang='lat' dir='ltr'><strong>tarSlisiinffidrTitanl</strong></span> <span class='ocrx_word' id='word_1_39' title='bbox 447 861 573 924; x_wconf 90' lang='lat' dir='ltr'><strong>aquibus</strong></span> <span class='ocrx_word' id='word_1_40' title='bbox 588 866 762 925; x_wconf 91' lang='lat' dir='ltr'><strong>sumpserunt</strong></span> <span class='ocrx_word' id='word_1_41' title='bbox 776 863 924 926; x_wconf 83' lang='lat' dir='ltr'>exordium,</span> <span class='ocrx_word' id='word_1_42' title='bbox 940 864 995 911; x_wconf 78' lang='lat' dir='ltr'><strong>aie.</strong></span> 
     </span>
     <span class='ocr_line' id='line_1_8' title="bbox 271 923 809 982; baseline -0.004 -8"><span class='ocrx_word' id='word_1_43' title='bbox 271 923 385 974; x_wconf 88' lang='lat' dir='ltr'><strong>Samson</strong></span> <span class='ocrx_word' id='word_1_44' title='bbox 399 929 425 974; x_wconf 89' lang='lat' dir='ltr'><strong>et</strong></span> <span class='ocrx_word' id='word_1_45' title='bbox 438 924 522 974; x_wconf 86' lang='lat' dir='ltr'><strong>Dalila</strong></span> <span class='ocrx_word' id='word_1_46' title='bbox 537 924 608 973; x_wconf 91' lang='lat' dir='ltr'><strong>unde</strong></span> <span class='ocrx_word' id='word_1_47' title='bbox 622 926 739 982; x_wconf 82' lang='lat' dir='ltr'><strong>ruerunt,</strong></span> <span class='ocrx_word' id='word_1_48' title='bbox 754 927 809 975; x_wconf 80' lang='grc'>377.</span> 
     </span>
    </p>
   </div>
   <div class='ocr_carea' id='block_1_3' title="bbox 238 991 1064 1181">
    <p class='ocr_par' dir='ltr' id='par_1_3' title="bbox 238 991 1064 1181">
     <span class='ocr_line' id='line_1_9' title="bbox 271 991 1064 1050; baseline 0 -8"><span class='ocrx_word' id='word_1_49' title='bbox 271 991 368 1044; x_wconf 89' lang='lat' dir='ltr'><strong>Sancti.</strong></span> <span class='ocrx_word' id='word_1_50' title='bbox 383 993 450 1042; x_wconf 79' lang='lat' dir='ltr'><strong>bute</strong></span> <span class='ocrx_word' id='word_1_51' title='bbox 466 993 609 1043; x_wconf 88' lang='lat' dir='ltr'><strong>adventum</strong></span> <span class='ocrx_word' id='word_1_52' title='bbox 623 993 726 1050; x_wconf 85' lang='lat' dir='ltr'><strong>Cbristi,</strong></span> <span class='ocrx_word' id='word_1_53' title='bbox 751 993 840 1044; x_wconf 89' lang='lat' dir='ltr'><strong>Sancti</strong></span> <span class='ocrx_word' id='word_1_54' title='bbox 855 1008 948 1045; x_wconf 88' lang='lat' dir='ltr'><strong>omnes</strong></span> <span class='ocrx_word' id='word_1_55' title='bbox 963 994 1064 1044; x_wconf 83' lang='lat' dir='ltr'><strong>detine·</strong></span> 
     </span>
     <span class='ocr_line' id='line_1_10' title="bbox 239 1053 1064 1119; baseline 0.001 -14"><span class='ocrx_word' id='word_1_56' title='bbox 239 1053 338 1106; x_wconf 90' lang='lat' dir='ltr'><strong>bantur</strong></span> <span class='ocrx_word' id='word_1_57' title='bbox 352 1057 380 1105; x_wconf 93' lang='grc'><strong>44</strong></span> <span class='ocrx_word' id='word_1_58' title='bbox 396 1056 501 1105; x_wconf 85' lang='grc'>4444444</span> <span class='ocrx_word' id='word_1_59' title='bbox 513 1069 518 1102; x_wconf 93' lang='lat'><strong>:</strong></span> <span class='ocrx_word' id='word_1_60' title='bbox 536 1069 590 1104; x_wconf 92' lang='lat' dir='ltr'><strong>non</strong></span> <span class='ocrx_word' id='word_1_61' title='bbox 606 1061 695 1106; x_wconf 90' lang='lat' dir='ltr'><strong>autem</strong></span> <span class='ocrx_word' id='word_1_62' title='bbox 707 1060 767 1119; x_wconf 89' lang='lat' dir='ltr'><strong>post</strong></span> <span class='ocrx_word' id='word_1_63' title='bbox 781 1059 1001 1106; x_wconf 83' lang='lat' dir='ltr'><strong>resurrectionem</strong></span> <span class='ocrx_word' id='word_1_64' title='bbox 1014 1057 1064 1106; x_wconf 86' lang='lat' dir='ltr'><strong>Do-</strong></span> 
     </span>
     <span class='ocr_line' id='line_1_11' title="bbox 238 1117 743 1181; baseline 0.006 -15"><span class='ocrx_word' id='word_1_65' title='bbox 238 1119 313 1174; x_wconf 82' lang='lat' dir='ltr'><strong>mini.</strong></span> <span class='ocrx_word' id='word_1_66' title='bbox 329 1120 392 1181; x_wconf 89' lang='lat' dir='ltr'><strong>quia</strong></span> <span class='ocrx_word' id='word_1_67' title='bbox 408 1131 468 1167; x_wconf 92' lang='lat' dir='ltr'><strong>cuni</strong></span> <span class='ocrx_word' id='word_1_68' title='bbox 483 1117 587 1168; x_wconf 88' lang='lat' dir='ltr'><strong>Christo</strong></span> <span class='ocrx_word' id='word_1_69' title='bbox 602 1125 673 1176; x_wconf 88' lang='lat' dir='ltr'><strong>sunt,</strong></span> <span class='ocrx_word' id='word_1_70' title='bbox 689 1122 743 1169; x_wconf 86' lang='grc'>464.</span> 
     </span>
    </p>
   </div>
   <div class='ocr_carea' id='block_1_4' title="bbox 237 1189 1064 1440">
    <p class='ocr_par' dir='ltr' id='par_1_4' title="bbox 237 1189 1064 1440">
     <span class='ocr_line' id='line_1_12' title="bbox 270 1189 1064 1253; baseline 0 -15"><span class='ocrx_word' id='word_1_71' title='bbox 270 1189 390 1252; x_wconf 79' lang='lat' dir='ltr'><strong>Sapiens.</strong></span> <span class='ocrx_word' id='word_1_72' title='bbox 407 1189 452 1237; x_wconf 90' lang='lat' dir='ltr'><strong>Vir</strong></span> <span class='ocrx_word' id='word_1_73' title='bbox 466 1189 574 1250; x_wconf 86' lang='lat' dir='ltr'><strong>sapiens</strong></span> <span class='ocrx_word' id='word_1_74' title='bbox 589 1189 616 1238; x_wconf 92' lang='lat' dir='ltr'><strong>in</strong></span> <span class='ocrx_word' id='word_1_75' title='bbox 631 1189 771 1253; x_wconf 87' lang='lat' dir='ltr'><strong>Scripturis</strong></span> <span class='ocrx_word' id='word_1_76' title='bbox 781 1189 1064 1250; x_wconf 86' lang='lat' dir='ltr'><strong>laboralelaomponit</strong></span> 
     </span>
     <span class='ocr_line' id='line_1_13' title="bbox 238 1249 1064 1323; baseline 0.004 -25"><span class='ocrx_word' id='word_1_77' title='bbox 238 1249 319 1300; x_wconf 91' lang='lat' dir='ltr'><strong>libros</strong></span> <span class='ocrx_word' id='word_1_78' title='bbox 334 1251 420 1323; x_wconf 86' lang='lat' dir='ltr'><strong>quiin</strong></span> <span class='ocrx_word' id='word_1_79' title='bbox 437 1263 532 1300; x_wconf 88' lang='lat' dir='ltr'><strong>manus</strong></span> <span class='ocrx_word' id='word_1_80' title='bbox 551 1252 693 1300; x_wconf 86' lang='lat' dir='ltr'><strong>stultorum</strong></span> <span class='ocrx_word' id='word_1_81' title='bbox 716 1253 836 1312; x_wconf 90' lang='lat' dir='ltr'><strong>veniunt,</strong></span> <span class='ocrx_word' id='word_1_82' title='bbox 861 1257 887 1301; x_wconf 87' lang='lat' dir='ltr'><strong>et</strong></span> <span class='ocrx_word' id='word_1_83' title='bbox 909 1253 1064 1314; x_wconf 77' lang='lat' dir='ltr'><strong>frequenter</strong></span> 
     </span>
     <span class='ocr_line' id='line_1_14' title="bbox 238 1313 1062 1377; baseline 0 -15"><span class='ocrx_word' id='word_1_84' title='bbox 238 1313 377 1362; x_wconf 80' lang='lat' dir='ltr'><strong>calumniis</strong></span> <span class='ocrx_word' id='word_1_85' title='bbox 391 1317 491 1376; x_wconf 88' lang='lat' dir='ltr'><strong>putent,</strong></span> <span class='ocrx_word' id='word_1_86' title='bbox 508 1316 560 1362; x_wconf 82' lang='grc'>445.</span> <span class='ocrx_word' id='word_1_87' title='bbox 578 1313 627 1372; x_wconf 86' lang='grc'><strong>044</strong></span> <span class='ocrx_word' id='word_1_88' title='bbox 639 1329 668 1362; x_wconf 87' lang='grc'><strong>44</strong></span> <span class='ocrx_word' id='word_1_89' title='bbox 687 1315 744 1361; x_wconf 88' lang='grc'>4444</span> <span class='ocrx_word' id='word_1_90' title='bbox 756 1319 804 1370; x_wconf 86' lang='lat' dir='ltr'><strong>cst,</strong></span> <span class='ocrx_word' id='word_1_91' title='bbox 816 1327 920 1377; x_wconf 89' lang='lat' dir='ltr'><strong>semper</strong></span> <span class='ocrx_word' id='word_1_92' title='bbox 930 1315 962 1363; x_wconf 88' lang='lat' dir='ltr'><strong>dc</strong></span> <span class='ocrx_word' id='word_1_93' title='bbox 973 1314 1062 1363; x_wconf 87' lang='lat' dir='ltr'><strong>lutura</strong></span> 
     </span>
     <span class='ocr_line' id='line_1_15' title="bbox 237 1329 1060 1440; baseline 0.001 -17"><span class='ocrx_word' id='word_1_94' title='bbox 237 1374 334 1424; x_wconf 80' lang='lat' dir='ltr'><strong>saeculo</strong></span> <span class='ocrx_word' id='word_1_95' title='bbox 347 1376 454 1440; x_wconf 87' lang='lat' dir='ltr'><strong>cogitat,</strong></span> <span class='ocrx_word' id='word_1_96' title='bbox 470 1376 542 1438; x_wconf 92' lang='lat' dir='ltr'><strong>quod</strong></span> <span class='ocrx_word' id='word_1_97' title='bbox 558 1377 631 1426; x_wconf 83' lang='lat' dir='ltr'><strong>ducit</strong></span> <span class='ocrx_word' id='word_1_98' title='bbox 646 1329 684 1424; x_wconf 54' lang='lat' dir='ltr'><strong>arf</strong></span> <span class='ocrx_word' id='word_1_99' title='bbox 694 1376 833 1436; x_wconf 86' lang='lat' dir='ltr'><strong>dextram;</strong></span> <span class='ocrx_word' id='word_1_100' title='bbox 850 1377 896 1440; x_wconf 93' lang='lat' dir='ltr'><strong>qui</strong></span> <span class='ocrx_word' id='word_1_101' title='bbox 919 1390 982 1426; x_wconf 89' lang='lat' dir='ltr'><strong>vero</strong></span> <span class='ocrx_word' id='word_1_102' title='bbox 997 1377 1060 1424; x_wconf 89' lang='lat' dir='ltr'><strong>insi-</strong></span> 
     </span>
    </p>
   </div>
   <div class='ocr_carea' id='block_1_5' title="bbox 236 1437 1061 1548">
    <p class='ocr_par' dir='ltr' id='par_1_5' title="bbox 236 1437 1061 1548">
     <span class='ocr_line' id='line_1_16' title="bbox 236 1437 1061 1548; baseline 0 -60"><span class='ocrx_word' id='word_1_103' title='bbox 236 1449 322 1548; x_wconf 51' lang='grc'>414444,</span> <span class='ocrx_word' id='word_1_104' title='bbox 338 1437 371 1486; x_wconf 92' lang='lat' dir='ltr'><strong>da</strong></span> <span class='ocrx_word' id='word_1_105' title='bbox 388 1437 521 1502; x_wconf 75' lang='lat' dir='ltr'><strong>praesenti,</strong></span> <span class='ocrx_word' id='word_1_106' title='bbox 536 1438 608 1500; x_wconf 93' lang='lat' dir='ltr'><strong>quod</strong></span> <span class='ocrx_word' id='word_1_107' title='bbox 627 1439 743 1500; x_wconf 89' lang='lat' dir='ltr'><strong>positum</strong></span> <span class='ocrx_word' id='word_1_108' title='bbox 768 1443 808 1488; x_wconf 90' lang='lat' dir='ltr'><strong>est</strong></span> <span class='ocrx_word' id='word_1_109' title='bbox 833 1439 860 1487; x_wconf 93' lang='lat' dir='ltr'><strong>in</strong></span> <span class='ocrx_word' id='word_1_110' title='bbox 875 1439 992 1496; x_wconf 90' lang='lat' dir='ltr'><strong>sinistra,</strong></span> <span class='ocrx_word' id='word_1_111' title='bbox 1006 1441 1061 1488; x_wconf 86' lang='grc'>469.</span> 
     </span>
    </p>
   </div>
   <div class='ocr_carea' id='block_1_6' title="bbox 230 1497 1062 2806">
    <p class='ocr_par' dir='ltr' id='par_1_6' title="bbox 230 1497 1062 2806">
     <span class='ocr_line' id='line_1_17' title="bbox 263 1497 1062 1564; baseline 0 -16"><span class='ocrx_word' id='word_1_112' title='bbox 263 1497 328 1548; x_wconf 91' lang='grc'>44444</span> <span class='ocrx_word' id='word_1_113' title='bbox 342 1503 381 1548; x_wconf 86' lang='grc'><strong>444</strong></span> <span class='ocrx_word' id='word_1_114' title='bbox 395 1499 501 1562; x_wconf 88' lang='lat' dir='ltr'><strong>sapiens</strong></span> <span class='ocrx_word' id='word_1_115' title='bbox 516 1513 576 1549; x_wconf 89' lang='lat' dir='ltr'><strong>cuin</strong></span> <span class='ocrx_word' id='word_1_116' title='bbox 592 1500 699 1560; x_wconf 87' lang='lat' dir='ltr'><strong>divitiis,</strong></span> <span class='ocrx_word' id='word_1_117' title='bbox 721 1515 799 1564; x_wconf 88' lang='lat' dir='ltr'><strong>quani</strong></span> <span class='ocrx_word' id='word_1_118' title='bbox 827 1505 933 1550; x_wconf 89' lang='grc'>4444444</span> <span class='ocrx_word' id='word_1_119' title='bbox 954 1501 1062 1562; x_wconf 87' lang='lat' dir='ltr'><strong>sapiens</strong></span> 
     </span>
     <span class='ocr_line' id='line_1_18' title="bbox 236 1561 1059 1627; baseline 0.002 -17"><span class='ocrx_word' id='word_1_120' title='bbox 236 1571 264 1610; x_wconf 92' lang='lat' dir='ltr'><strong>et</strong></span> <span class='ocrx_word' id='word_1_121' title='bbox 277 1575 369 1626; x_wconf 87' lang='lat' dir='ltr'><strong>quare,</strong></span> <span class='ocrx_word' id='word_1_122' title='bbox 381 1564 436 1611; x_wconf 86' lang='grc'>443.</span> <span class='ocrx_word' id='word_1_123' title='bbox 451 1562 562 1624; x_wconf 81' lang='lat' dir='ltr'><strong>Sapiens</strong></span> <span class='ocrx_word' id='word_1_124' title='bbox 578 1561 650 1612; x_wconf 89' lang='lat' dir='ltr'><strong>vadit</strong></span> <span class='ocrx_word' id='word_1_125' title='bbox 664 1563 696 1611; x_wconf 88' lang='lat' dir='ltr'><strong>ad</strong></span> <span class='ocrx_word' id='word_1_126' title='bbox 708 1563 816 1612; x_wconf 90' lang='lat' dir='ltr'><strong>domum</strong></span> <span class='ocrx_word' id='word_1_127' title='bbox 827 1562 887 1623; x_wconf 83' lang='lat' dir='ltr'><strong>viri,</strong></span> <span class='ocrx_word' id='word_1_128' title='bbox 902 1563 948 1627; x_wconf 91' lang='lat' dir='ltr'><strong>qui</strong></span> <span class='ocrx_word' id='word_1_129' title='bbox 963 1577 990 1612; x_wconf 89' lang='lat' dir='ltr'><strong>se</strong></span> <span class='ocrx_word' id='word_1_130' title='bbox 1006 1576 1059 1612; x_wconf 88' lang='lat' dir='ltr'><strong>ccr-</strong></span> 
     </span>
     <span class='ocr_line' id='line_1_19' title="bbox 235 1623 1058 1697; baseline 0.002 -25"><span class='ocrx_word' id='word_1_131' title='bbox 235 1623 314 1686; x_wconf 89' lang='lat' dir='ltr'><strong>ripiat</strong></span> <span class='ocrx_word' id='word_1_132' title='bbox 328 1623 538 1696; x_wconf 75' lang='lat' dir='ltr'><strong>delinquentem,</strong></span> <span class='ocrx_word' id='word_1_133' title='bbox 553 1628 583 1674; x_wconf 91' lang='lat' dir='ltr'><strong>ut</strong></span> <span class='ocrx_word' id='word_1_134' title='bbox 597 1625 712 1674; x_wconf 91' lang='lat' dir='ltr'><strong>adducat</strong></span> <span class='ocrx_word' id='word_1_135' title='bbox 727 1626 758 1674; x_wconf 90' lang='lat' dir='ltr'><strong>ad</strong></span> <span class='ocrx_word' id='word_1_136' title='bbox 771 1626 908 1697; x_wconf 71' lang='grc'>4444444444,</span> <span class='ocrx_word' id='word_1_137' title='bbox 924 1629 950 1674; x_wconf 87' lang='grc'><strong>44</strong></span> <span class='ocrx_word' id='word_1_138' title='bbox 965 1638 1058 1688; x_wconf 88' lang='lat' dir='ltr'><strong>provo·</strong></span> 
     </span>
     <span class='ocr_line' id='line_1_20' title="bbox 234 1687 1059 1821; baseline 0.011 -25"><span class='ocrx_word' id='word_1_139' title='bbox 234 1687 768 1821; x_wconf 67' lang='grc'>4444444444444344</span> <span class='ocrx_word' id='word_1_140' title='bbox 783 1692 1059 1821; x_wconf 66' lang='lat' dir='ltr'><strong>transiliebat</strong></span> 
     </span>
     <span class='ocr_line' id='line_1_21' title="bbox 234 1810 1058 1872; baseline 0 -14"><span class='ocrx_word' id='word_1_141' title='bbox 234 1810 307 1872; x_wconf 92' lang='lat' dir='ltr'><strong>quod</strong></span> <span class='ocrx_word' id='word_1_142' title='bbox 321 1810 456 1859; x_wconf 91' lang='lat' dir='ltr'><strong>interdum</strong></span> <span class='ocrx_word' id='word_1_143' title='bbox 472 1812 659 1872; x_wconf 86' lang='lat' dir='ltr'><strong>sapientissimi</strong></span> <span class='ocrx_word' id='word_1_144' title='bbox 683 1811 804 1860; x_wconf 88' lang='lat' dir='ltr'><strong>boiniues</strong></span> <span class='ocrx_word' id='word_1_145' title='bbox 819 1813 974 1860; x_wconf 88' lang='lat' dir='ltr'><strong>necessariis</strong></span> <span class='ocrx_word' id='word_1_146' title='bbox 989 1810 1058 1860; x_wconf 93' lang='lat' dir='ltr'><strong>indi·</strong></span> 
     </span>
     <span class='ocr_line' id='line_1_22' title="bbox 234 1872 1060 1936; baseline 0.001 -15"><span class='ocrx_word' id='word_1_147' title='bbox 234 1875 332 1934; x_wconf 85' lang='lat' dir='ltr'><strong>gaant;</strong></span> <span class='ocrx_word' id='word_1_148' title='bbox 349 1885 409 1922; x_wconf 85' lang='lat' dir='ltr'><strong>cuni</strong></span> <span class='ocrx_word' id='word_1_149' title='bbox 425 1873 453 1920; x_wconf 91' lang='lat' dir='ltr'><strong>in</strong></span> <span class='ocrx_word' id='word_1_150' title='bbox 467 1872 585 1921; x_wconf 75' lang='lat' dir='ltr'><strong>Ecclesia</strong></span> <span class='ocrx_word' id='word_1_151' title='bbox 615 1873 806 1936; x_wconf 78' lang='lat' dir='ltr'><strong>imperitissimi</strong></span> <span class='ocrx_word' id='word_1_152' title='bbox 828 1875 927 1935; x_wconf 91' lang='lat' dir='ltr'><strong>quique</strong></span> <span class='ocrx_word' id='word_1_153' title='bbox 947 1874 1060 1922; x_wconf 86' lang='lat' dir='ltr'><strong>tlorcant</strong></span> 
     </span>
     <span class='ocr_line' id='line_1_23' title="bbox 234 1935 1057 1997; baseline 0 -13"><span class='ocrx_word' id='word_1_154' title='bbox 234 1937 261 1984; x_wconf 89' lang='lat' dir='ltr'><strong>et</strong></span> <span class='ocrx_word' id='word_1_155' title='bbox 274 1935 420 1996; x_wconf 75' lang='lat' dir='ltr'><strong>prudentes</strong></span> <span class='ocrx_word' id='word_1_156' title='bbox 433 1947 461 1983; x_wconf 91' lang='lat' dir='ltr'><strong>se</strong></span> <span class='ocrx_word' id='word_1_157' title='bbox 476 1947 533 1984; x_wconf 83' lang='lat' dir='ltr'><strong>esse</strong></span> <span class='ocrx_word' id='word_1_158' title='bbox 553 1935 723 1989; x_wconf 76' lang='lat' dir='ltr'><strong>arbitrentur,</strong></span> <span class='ocrx_word' id='word_1_159' title='bbox 740 1937 795 1985; x_wconf 83' lang='grc'>464.</span> <span class='ocrx_word' id='word_1_160' title='bbox 817 1935 949 1997; x_wconf 88' lang='lat' dir='ltr'><strong>Sapientis</strong></span> <span class='ocrx_word' id='word_1_161' title='bbox 973 1935 1057 1984; x_wconf 89' lang='grc'>44444-</span> 
     </span>
     <span class='ocr_line' id='line_1_24' title="bbox 233 1996 1057 2060; baseline 0 -15"><span class='ocrx_word' id='word_1_162' title='bbox 233 1997 276 2045; x_wconf 86' lang='grc'><strong>444</strong></span> <span class='ocrx_word' id='word_1_163' title='bbox 289 2001 337 2054; x_wconf 88' lang='grc'>444,</span> <span class='ocrx_word' id='word_1_164' title='bbox 353 1997 511 2059; x_wconf 89' lang='lat' dir='ltr'><strong>sapientium</strong></span> <span class='ocrx_word' id='word_1_165' title='bbox 523 1998 650 2058; x_wconf 73' lang='lat' dir='ltr'><strong>praeviam</strong></span> <span class='ocrx_word' id='word_1_166' title='bbox 667 1996 751 2060; x_wconf 86' lang='lat' dir='ltr'><strong>sequi,</strong></span> <span class='ocrx_word' id='word_1_167' title='bbox 766 2001 792 2046; x_wconf 91' lang='lat' dir='ltr'><strong>et</strong></span> <span class='ocrx_word' id='word_1_168' title='bbox 805 2011 889 2045; x_wconf 87' lang='lat' dir='ltr'><strong>vanos</strong></span> <span class='ocrx_word' id='word_1_169' title='bbox 900 2010 954 2045; x_wconf 92' lang='grc'><strong>444</strong></span> <span class='ocrx_word' id='word_1_170' title='bbox 970 1998 1057 2046; x_wconf 83' lang='grc'>44444·</span> 
     </span>
     <span class='ocr_line' id='line_1_25' title="bbox 233 2059 1055 2122; baseline 0.001 -15"><span class='ocrx_word' id='word_1_171' title='bbox 233 2059 325 2108; x_wconf 88' lang='lat' dir='ltr'><strong>derare</strong></span> <span class='ocrx_word' id='word_1_172' title='bbox 340 2072 469 2116; x_wconf 89' lang='lat' dir='ltr'><strong>rumores,</strong></span> <span class='ocrx_word' id='word_1_173' title='bbox 480 2061 535 2108; x_wconf 85' lang='grc'>446.</span> <span class='ocrx_word' id='word_1_174' title='bbox 551 2059 663 2122; x_wconf 88' lang='lat' dir='ltr'><strong>Sapiens</strong></span> <span class='ocrx_word' id='word_1_175' title='bbox 678 2059 809 2122; x_wconf 84' lang='lat' dir='ltr'><strong>perlectus</strong></span> <span class='ocrx_word' id='word_1_176' title='bbox 825 2059 898 2108; x_wconf 85' lang='lat' dir='ltr'><strong>nulla</strong></span> <span class='ocrx_word' id='word_1_177' title='bbox 908 2059 1055 2121; x_wconf 83' lang='lat' dir='ltr'><strong>argutione,</strong></span> 
     </span>
     <span class='ocr_line' id='line_1_26' title="bbox 233 2119 1057 2184; baseline 0 -15"><span class='ocrx_word' id='word_1_178' title='bbox 233 2119 343 2184; x_wconf 82' lang='lat' dir='ltr'><strong>indiget.</strong></span> <span class='ocrx_word' id='word_1_179' title='bbox 359 2119 433 2170; x_wconf 92' lang='lat' dir='ltr'><strong>nulla</strong></span> <span class='ocrx_word' id='word_1_180' title='bbox 447 2121 579 2170; x_wconf 90' lang='lat' dir='ltr'><strong>calumnia</strong></span> <span class='ocrx_word' id='word_1_181' title='bbox 594 2121 778 2179; x_wconf 90' lang='lat' dir='ltr'><strong>conturbatur,</strong></span> <span class='ocrx_word' id='word_1_182' title='bbox 788 2123 843 2171; x_wconf 87' lang='grc'>433.</span> <span class='ocrx_word' id='word_1_183' title='bbox 853 2125 956 2179; x_wconf 78' lang='lat' dir='ltr'><strong>Quanto</strong></span> <span class='ocrx_word' id='word_1_184' title='bbox 972 2122 1057 2182; x_wconf 86' lang='lat' dir='ltr'><strong>magis</strong></span> 
     </span>
     <span class='ocr_line' id='line_1_27' title="bbox 232 2182 1057 2246; baseline 0 -14"><span class='ocrx_word' id='word_1_185' title='bbox 232 2183 292 2245; x_wconf 90' lang='lat' dir='ltr'><strong>quis</strong></span> <span class='ocrx_word' id='word_1_186' title='bbox 302 2183 458 2246; x_wconf 89' lang='lat' dir='ltr'><strong>sapientiam</strong></span> <span class='ocrx_word' id='word_1_187' title='bbox 474 2183 553 2233; x_wconf 88' lang='lat' dir='ltr'><strong>luerit</strong></span> <span class='ocrx_word' id='word_1_188' title='bbox 568 2192 733 2238; x_wconf 86' lang='lat' dir='ltr'><strong>consecutus,</strong></span> <span class='ocrx_word' id='word_1_189' title='bbox 748 2188 823 2233; x_wconf 89' lang='lat' dir='ltr'><strong>tauto</strong></span> <span class='ocrx_word' id='word_1_190' title='bbox 834 2182 892 2246; x_wconf 89' lang='lat' dir='ltr'><strong>plus</strong></span> <span class='ocrx_word' id='word_1_191' title='bbox 902 2183 1057 2246; x_wconf 75' lang='lat' dir='ltr'><strong>indignatur</strong></span> 
     </span>
     <span class='ocr_line' id='line_1_28' title="bbox 232 2245 1056 2318; baseline 0.001 -25"><span class='ocrx_word' id='word_1_192' title='bbox 232 2245 368 2318; x_wconf 80' lang='lat' dir='ltr'><strong>subjacere</strong></span> <span class='ocrx_word' id='word_1_193' title='bbox 382 2245 462 2318; x_wconf 80' lang='lat' dir='ltr'><strong>vitiis,</strong></span> <span class='ocrx_word' id='word_1_194' title='bbox 474 2249 507 2318; x_wconf 33' lang='lat' dir='ltr'><strong>,et</strong></span> <span class='ocrx_word' id='word_1_195' title='bbox 520 2246 612 2307; x_wconf 88' lang='lat' dir='ltr'><strong>procul</strong></span> <span class='ocrx_word' id='word_1_196' title='bbox 626 2260 682 2294; x_wconf 89' lang='lat' dir='ltr'><strong>esse</strong></span> <span class='ocrx_word' id='word_1_197' title='bbox 697 2260 712 2294; x_wconf 89' lang='lat' dir='ltr'><strong>a</strong></span> <span class='ocrx_word' id='word_1_198' title='bbox 726 2246 868 2295; x_wconf 88' lang='lat' dir='ltr'><strong>virtutibus</strong></span> <span class='ocrx_word' id='word_1_199' title='bbox 887 2259 954 2318; x_wconf 84' lang='lat' dir='ltr'><strong>quas</strong></span> <span class='ocrx_word' id='word_1_200' title='bbox 968 2245 1056 2318; x_wconf 81' lang='lat' dir='ltr'><strong>requi·</strong></span> 
     </span>
     <span class='ocr_line' id='line_1_29' title="bbox 231 2307 1055 2420; baseline 0 -64"><span class='ocrx_word' id='word_1_201' title='bbox 231 2311 275 2418; x_wconf 59' lang='lat' dir='ltr'><strong>fit,</strong></span> <span class='ocrx_word' id='word_1_202' title='bbox 291 2310 345 2420; x_wconf 61' lang='grc' dir='ltr'>31ϋῖ</span> <span class='ocrx_word' id='word_1_203' title='bbox 362 2307 499 2381; x_wconf 78' lang='lat' dir='ltr'><strong>Sapientia</strong></span> <span class='ocrx_word' id='word_1_204' title='bbox 512 2311 707 2419; x_wconf 46' lang='lat' dir='ltr'><strong>perdtctirgiienta</strong></span> <span class='ocrx_word' id='word_1_205' title='bbox 720 2309 842 2419; x_wconf 44' lang='grc'>4444414444</span> <span class='ocrx_word' id='word_1_206' title='bbox 863 2307 1055 2419; x_wconf 34' lang='grc'>414144444444444-</span> 
     </span>
     <span class='ocr_line' id='line_1_30' title="bbox 232 2378 1057 2504; baseline 0.005 -26"><span class='ocrx_word' id='word_1_207' title='bbox 232 2378 296 2480; x_wconf 75' lang='lat' dir='ltr'><strong>iti.</strong></span> <span class='ocrx_word' id='word_1_208' title='bbox 309 2383 429 2504; x_wconf 82' lang='grc'>4444·</span> <span class='ocrx_word' id='word_1_209' title='bbox 443 2383 750 2504; x_wconf 67' lang='lat' dir='ltr'><strong>inalienare?</strong></span> <span class='ocrx_word' id='word_1_210' title='bbox 763 2383 877 2482; x_wconf 74' lang='grc'>4444</span> <span class='ocrx_word' id='word_1_211' title='bbox 894 2383 1057 2504; x_wconf 63' lang='lat' dir='ltr'><strong>arinis</strong></span> 
     </span>
     <span class='ocr_line' id='line_1_31' title="bbox 232 2493 1056 2557; baseline -0.002 -13"><span class='ocrx_word' id='word_1_212' title='bbox 232 2495 377 2553; x_wconf 87' lang='lat' dir='ltr'><strong>mentibus,</strong></span> <span class='ocrx_word' id='word_1_213' title='bbox 392 2499 422 2542; x_wconf 92' lang='lat' dir='ltr'><strong>ut</strong></span> <span class='ocrx_word' id='word_1_214' title='bbox 437 2494 524 2542; x_wconf 90' lang='lat' dir='ltr'><strong>lumen</strong></span> <span class='ocrx_word' id='word_1_215' title='bbox 540 2507 617 2550; x_wconf 86' lang='lat' dir='ltr'><strong>visui,</strong></span> <span class='ocrx_word' id='word_1_216' title='bbox 633 2493 698 2544; x_wconf 85' lang='lat' dir='ltr'><strong>ibid.</strong></span> <span class='ocrx_word' id='word_1_217' title='bbox 709 2494 839 2544; x_wconf 84' lang='lat' dir='ltr'><strong>Probatur</strong></span> <span class='ocrx_word' id='word_1_218' title='bbox 849 2495 876 2543; x_wconf 91' lang='lat' dir='ltr'><strong>in</strong></span> <span class='ocrx_word' id='word_1_219' title='bbox 887 2494 966 2543; x_wconf 90' lang='lat' dir='ltr'><strong>bonis</strong></span> <span class='ocrx_word' id='word_1_220' title='bbox 976 2509 1056 2557; x_wconf 88' lang='lat' dir='ltr'><strong>appe·</strong></span> 
     </span>
     <span class='ocr_line' id='line_1_32' title="bbox 230 2555 1056 2616; baseline 0 -10"><span class='ocrx_word' id='word_1_221' title='bbox 230 2557 328 2614; x_wconf 88' lang='lat' dir='ltr'><strong>tendis,</strong></span> <span class='ocrx_word' id='word_1_222' title='bbox 342 2559 369 2606; x_wconf 91' lang='lat' dir='ltr'><strong>et</strong></span> <span class='ocrx_word' id='word_1_223' title='bbox 384 2557 412 2605; x_wconf 93' lang='grc'><strong>44</strong></span> <span class='ocrx_word' id='word_1_224' title='bbox 428 2556 504 2604; x_wconf 90' lang='lat' dir='ltr'><strong>malis</strong></span> <span class='ocrx_word' id='word_1_225' title='bbox 527 2556 701 2614; x_wconf 78' lang='lat' dir='ltr'><strong>declinandis,</strong></span> <span class='ocrx_word' id='word_1_226' title='bbox 717 2556 780 2604; x_wconf 81' lang='lat' dir='ltr'><strong>ibid.</strong></span> <span class='ocrx_word' id='word_1_227' title='bbox 798 2557 843 2606; x_wconf 88' lang='lat' dir='ltr'><strong>Est</strong></span> <span class='ocrx_word' id='word_1_228' title='bbox 869 2556 970 2616; x_wconf 84' lang='lat' dir='ltr'><strong>lignum</strong></span> <span class='ocrx_word' id='word_1_229' title='bbox 995 2555 1056 2606; x_wconf 78' lang='lat' dir='ltr'><strong>vitm</strong></span> 
     </span>
     <span class='ocr_line' id='line_1_33' title="bbox 231 2617 1056 2731; baseline 0 -1"><span class='ocrx_word' id='word_1_230' title='bbox 231 2617 982 2731; x_wconf 54' lang='lat' dir='ltr'><strong>lllulllltllllllllllrlllllllltlilll‘illl</strong></span> <span class='ocrx_word' id='word_1_231' title='bbox 1005 2619 1056 2730; x_wconf 76' lang='lat' dir='ltr'><strong>ill:</strong></span> 
     </span>
     <span class='ocr_line' id='line_1_34' title="bbox 231 2695 1005 2806; baseline 0 -14"><span class='ocrx_word' id='word_1_232' title='bbox 231 2747 310 2800; x_wconf 88' lang='lat' dir='ltr'><strong>stare,</strong></span> <span class='ocrx_word' id='word_1_233' title='bbox 325 2717 404 2806; x_wconf 72' lang='lat' dir='ltr'><strong>quam</strong></span> <span class='ocrx_word' id='word_1_234' title='bbox 420 2696 681 2806; x_wconf 70' lang='lat' dir='ltr'><strong>quaelibetpmaximae</strong></span> <span class='ocrx_word' id='word_1_235' title='bbox 697 2719 847 2805; x_wconf 70' lang='lat' dir='ltr'><strong>pd&#39;iestates,</strong></span> <span class='ocrx_word' id='word_1_236' title='bbox 863 2745 917 2793; x_wconf 88' lang='grc'>445.</span> <span class='ocrx_word' id='word_1_237' title='bbox 989 2695 1005 2744; x_wconf 71' lang='lat' dir='ltr'>p</span> 
     </span>
    </p>
   </div>
   <div class='ocr_carea' id='block_1_7' title="bbox 177 2812 1057 3250">
    <p class='ocr_par' dir='ltr' id='par_1_7' title="bbox 231 2812 1057 3050">
     <span class='ocr_line' id='line_1_35' title="bbox 262 2812 1055 2870; baseline -0.001 -7"><span class='ocrx_word' id='word_1_238' title='bbox 262 2812 454 2864; x_wconf 85' lang='lat' dir='ltr'><strong>Saracenorum</strong></span> <span class='ocrx_word' id='word_1_239' title='bbox 481 2827 558 2862; x_wconf 88' lang='lat' dir='ltr'><strong>mons</strong></span> <span class='ocrx_word' id='word_1_240' title='bbox 572 2817 598 2863; x_wconf 88' lang='lat' dir='ltr'><strong>et</strong></span> <span class='ocrx_word' id='word_1_241' title='bbox 614 2813 748 2862; x_wconf 88' lang='lat' dir='ltr'><strong>desertum</strong></span> <span class='ocrx_word' id='word_1_242' title='bbox 764 2813 860 2862; x_wconf 86' lang='lat' dir='ltr'><strong>dicitur</strong></span> <span class='ocrx_word' id='word_1_243' title='bbox 875 2813 984 2870; x_wconf 85' lang='lat' dir='ltr'><strong>Pharan,</strong></span> <span class='ocrx_word' id='word_1_244' title='bbox 1002 2815 1055 2862; x_wconf 85' lang='grc'>434.</span> 
     </span>
     <span class='ocr_line' id='line_1_36' title="bbox 232 2875 1057 2939; baseline 0 -15"><span class='ocrx_word' id='word_1_245' title='bbox 232 2875 297 2938; x_wconf 90' lang='lat' dir='ltr'><strong>Vagi</strong></span> <span class='ocrx_word' id='word_1_246' title='bbox 312 2880 339 2926; x_wconf 89' lang='lat' dir='ltr'><strong>et</strong></span> <span class='ocrx_word' id='word_1_247' title='bbox 353 2877 461 2925; x_wconf 89' lang='lat' dir='ltr'><strong>incertis</strong></span> <span class='ocrx_word' id='word_1_248' title='bbox 475 2875 583 2925; x_wconf 87' lang='lat' dir='ltr'><strong>sedibus</strong></span> <span class='ocrx_word' id='word_1_249' title='bbox 602 2875 739 2925; x_wconf 87' lang='lat' dir='ltr'><strong>universas</strong></span> <span class='ocrx_word' id='word_1_250' title='bbox 762 2881 855 2939; x_wconf 82' lang='lat' dir='ltr'><strong>gentes</strong></span> <span class='ocrx_word' id='word_1_251' title='bbox 870 2875 1014 2934; x_wconf 86' lang='lat' dir='ltr'><strong>incursant,</strong></span> <span class='ocrx_word' id='word_1_252' title='bbox 1031 2881 1057 2925; x_wconf 89' lang='lat' dir='ltr'><strong>et</strong></span> 
     </span>
     <span class='ocr_line' id='line_1_37' title="bbox 231 2937 688 3050; baseline -0.004 -62"><span class='ocrx_word' id='word_1_253' title='bbox 231 2937 424 3050; x_wconf 53' lang='lat' dir='ltr'><strong>imgiagnantur</strong></span> <span class='ocrx_word' id='word_1_254' title='bbox 437 2939 470 2987; x_wconf 88' lang='lat' dir='ltr'><strong>ab</strong></span> <span class='ocrx_word' id='word_1_255' title='bbox 485 2938 618 2996; x_wconf 90' lang='grc'>44444444,</span> <span class='ocrx_word' id='word_1_256' title='bbox 634 2940 688 2987; x_wconf 89' lang='grc'>334.</span> 
     </span>
    </p>

    <p class='ocr_par' dir='ltr' id='par_1_8' title="bbox 177 2999 1057 3125">
     <span class='ocr_line' id='line_1_38' title="bbox 280 2999 1057 3051; baseline -0.003 -1"><span class='ocrx_word' id='word_1_257' title='bbox 280 3001 579 3051; x_wconf 89' lang='lat' dir='ltr'><strong>araiuomenmutatum</strong></span> <span class='ocrx_word' id='word_1_258' title='bbox 590 3001 616 3048; x_wconf 93' lang='lat' dir='ltr'><strong>iii</strong></span> <span class='ocrx_word' id='word_1_259' title='bbox 628 2999 700 3049; x_wconf 88' lang='lat' dir='ltr'><strong>Sara.</strong></span> <span class='ocrx_word' id='word_1_260' title='bbox 712 3000 819 3050; x_wconf 83' lang='lat' dir='ltr'><strong>Errores</strong></span> <span class='ocrx_word' id='word_1_261' title='bbox 827 2999 976 3049; x_wconf 87' lang='lat' dir='ltr'><strong>Graecornm</strong></span> <span class='ocrx_word' id='word_1_262' title='bbox 987 3000 1057 3048; x_wconf 90' lang='lat' dir='ltr'><strong>circa</strong></span> 
     </span>
     <span class='ocr_line' id='line_1_39' title="bbox 177 3062 713 3125; baseline -0.002 -13"><span class='ocrx_word' id='word_1_263' title='bbox 177 3067 184 3074; x_wconf 75' lang='lat'><em>⁴</em></span> <span class='ocrx_word' id='word_1_264' title='bbox 232 3063 408 3113; x_wconf 78' lang='lat' dir='ltr'><strong>mutationem</strong></span> <span class='ocrx_word' id='word_1_265' title='bbox 423 3062 503 3125; x_wconf 87' lang='lat' dir='ltr'><strong>bajus</strong></span> <span class='ocrx_word' id='word_1_266' title='bbox 518 3062 644 3120; x_wconf 89' lang='grc'>44444444,</span> <span class='ocrx_word' id='word_1_267' title='bbox 658 3065 713 3112; x_wconf 90' lang='grc'>334.</span> 
     </span>
    </p>

    <p class='ocr_par' dir='ltr' id='par_1_9' title="bbox 260 3125 992 3250">
     <span class='ocr_line' id='line_1_40' title="bbox 260 3125 818 3187; baseline -0.004 -13"><span class='ocrx_word' id='word_1_268' title='bbox 260 3125 371 3176; x_wconf 77' lang='lat' dir='ltr'><strong>Satanan</strong></span> <span class='ocrx_word' id='word_1_269' title='bbox 386 3125 535 3174; x_wconf 89' lang='lat' dir='ltr'><strong>contrarius</strong></span> <span class='ocrx_word' id='word_1_270' title='bbox 549 3125 748 3187; x_wconf 88' lang='lat' dir='ltr'><strong>interpretatur,</strong></span> <span class='ocrx_word' id='word_1_271' title='bbox 763 3125 818 3174; x_wconf 89' lang='grc'>347.</span> 
     </span>
     <span class='ocr_line' id='line_1_41' title="bbox 262 3184 992 3250; baseline -0.003 -14"><span class='ocrx_word' id='word_1_272' title='bbox 262 3187 316 3237; x_wconf 88' lang='lat' dir='ltr'><strong>Sub</strong></span> <span class='ocrx_word' id='word_1_273' title='bbox 330 3186 407 3238; x_wconf 86' lang='lat' dir='ltr'><strong>Saule</strong></span> <span class='ocrx_word' id='word_1_274' title='bbox 421 3187 536 3237; x_wconf 89' lang='lat' dir='ltr'><strong>necdum</strong></span> <span class='ocrx_word' id='word_1_275' title='bbox 549 3187 712 3250; x_wconf 80' lang='lat' dir='ltr'><strong>regnabatur</strong></span> <span class='ocrx_word' id='word_1_276' title='bbox 726 3186 753 3234; x_wconf 91' lang='grc'><strong>44</strong></span> <span class='ocrx_word' id='word_1_277' title='bbox 767 3184 923 3243; x_wconf 86' lang='lat' dir='ltr'><strong>Jerusalem,</strong></span> <span class='ocrx_word' id='word_1_278' title='bbox 939 3187 992 3234; x_wconf 81' lang='lat' dir='ltr'><strong>aba.</strong></span> 
     </span>
    </p>
   </div>
   <div class='ocr_carea' id='block_1_8' title="bbox 228 3256 1056 3880">
    <p class='ocr_par' dir='ltr' id='par_1_10' title="bbox 262 3256 1054 3319">
     <span class='ocr_line' id='line_1_42' title="bbox 262 3256 1054 3319; baseline -0.003 -13"><span class='ocrx_word' id='word_1_279' title='bbox 262 3256 404 3307; x_wconf 87' lang='lat' dir='ltr'><strong>Scientiam</strong></span> <span class='ocrx_word' id='word_1_280' title='bbox 419 3257 466 3307; x_wconf 89' lang='lat' dir='ltr'><strong>Dei</strong></span> <span class='ocrx_word' id='word_1_281' title='bbox 481 3271 536 3306; x_wconf 92' lang='lat' dir='ltr'><strong>non</strong></span> <span class='ocrx_word' id='word_1_282' title='bbox 562 3256 628 3306; x_wconf 87' lang='lat' dir='ltr'><strong>latet</strong></span> <span class='ocrx_word' id='word_1_283' title='bbox 641 3256 714 3319; x_wconf 92' lang='lat' dir='ltr'><strong>quod</strong></span> <span class='ocrx_word' id='word_1_284' title='bbox 731 3256 796 3304; x_wconf 90' lang='lat' dir='ltr'><strong>clam</strong></span> <span class='ocrx_word' id='word_1_285' title='bbox 826 3256 982 3318; x_wconf 75' lang='lat' dir='ltr'><strong>cogitamus,</strong></span> <span class='ocrx_word' id='word_1_286' title='bbox 1000 3256 1054 3307; x_wconf 84' lang='grc'>473.</span> 
     </span>
    </p>

    <p class='ocr_par' dir='ltr' id='par_1_11' title="bbox 228 3316 1056 3880">
     <span class='ocr_line' id='line_1_43' title="bbox 262 3316 1056 3382; baseline -0.001 -14"><span class='ocrx_word' id='word_1_287' title='bbox 262 3319 342 3369; x_wconf 83' lang='lat' dir='ltr'><strong>Scire.</strong></span> <span class='ocrx_word' id='word_1_288' title='bbox 359 3320 442 3382; x_wconf 82' lang='lat' dir='ltr'><strong>Magis</strong></span> <span class='ocrx_word' id='word_1_289' title='bbox 457 3320 608 3381; x_wconf 89' lang='lat' dir='ltr'><strong>opinamur,</strong></span> <span class='ocrx_word' id='word_1_290' title='bbox 620 3331 700 3380; x_wconf 91' lang='lat' dir='ltr'><strong>quani</strong></span> <span class='ocrx_word' id='word_1_291' title='bbox 712 3316 809 3366; x_wconf 88' lang='lat' dir='ltr'><strong>scimus</strong></span> <span class='ocrx_word' id='word_1_292' title='bbox 820 3316 892 3380; x_wconf 91' lang='lat' dir='ltr'><strong>quod</strong></span> <span class='ocrx_word' id='word_1_293' title='bbox 904 3331 995 3367; x_wconf 88' lang='lat' dir='ltr'><strong>verum</strong></span> <span class='ocrx_word' id='word_1_294' title='bbox 1007 3322 1056 3378; x_wconf 86' lang='lat' dir='ltr'><strong>eat,</strong></span> 
     </span>
     <span class='ocr_line' id='line_1_44' title="bbox 230 3378 1056 3442; baseline -0.002 -12"><span class='ocrx_word' id='word_1_295' title='bbox 230 3381 285 3430; x_wconf 87' lang='grc'>444.</span> <span class='ocrx_word' id='word_1_296' title='bbox 300 3381 440 3442; x_wconf 85' lang='grc'>84444444</span> <span class='ocrx_word' id='word_1_297' title='bbox 454 3393 518 3428; x_wconf 88' lang='grc'>4444</span> <span class='ocrx_word' id='word_1_298' title='bbox 528 3383 555 3429; x_wconf 91' lang='grc'><strong>44</strong></span> <span class='ocrx_word' id='word_1_299' title='bbox 569 3378 718 3428; x_wconf 91' lang='lat' dir='ltr'><strong>sollicitudo</strong></span> <span class='ocrx_word' id='word_1_300' title='bbox 730 3393 777 3442; x_wconf 89' lang='grc'><strong>444</strong></span> <span class='ocrx_word' id='word_1_301' title='bbox 791 3379 896 3428; x_wconf 88' lang='lat' dir='ltr'><strong>diversa</strong></span> <span class='ocrx_word' id='word_1_302' title='bbox 909 3380 1056 3429; x_wconf 88' lang='lat' dir='ltr'><strong>cruciansa</strong></span> 
     </span>
     <span class='ocr_line' id='line_1_45' title="bbox 230 3441 1055 3514; baseline 0.002 -24"><span class='ocrx_word' id='word_1_303' title='bbox 230 3443 285 3492; x_wconf 88' lang='lat' dir='ltr'><strong>Deo</strong></span> <span class='ocrx_word' id='word_1_304' title='bbox 301 3441 455 3491; x_wconf 90' lang='grc'>4444444444</span> <span class='ocrx_word' id='word_1_305' title='bbox 471 3441 541 3500; x_wconf 89' lang='lat' dir='ltr'><strong>data,</strong></span> <span class='ocrx_word' id='word_1_306' title='bbox 558 3447 587 3490; x_wconf 92' lang='lat' dir='ltr'><strong>ut</strong></span> <span class='ocrx_word' id='word_1_307' title='bbox 611 3441 678 3490; x_wconf 89' lang='lat' dir='ltr'><strong>scire</strong></span> <span class='ocrx_word' id='word_1_308' title='bbox 698 3441 817 3504; x_wconf 89' lang='lat' dir='ltr'><strong>cupiant,</strong></span> <span class='ocrx_word' id='word_1_309' title='bbox 831 3441 904 3514; x_wconf 87' lang='lat' dir='ltr'><strong>quod</strong></span> <span class='ocrx_word' id='word_1_310' title='bbox 919 3441 984 3491; x_wconf 91' lang='lat' dir='ltr'><strong>scire</strong></span> <span class='ocrx_word' id='word_1_311' title='bbox 1000 3455 1055 3492; x_wconf 91' lang='lat' dir='ltr'><strong>uon</strong></span> 
     </span>
     <span class='ocr_line' id='line_1_46' title="bbox 228 3503 1055 3578; baseline -0.001 -24"><span class='ocrx_word' id='word_1_312' title='bbox 228 3503 330 3578; x_wconf 82' lang='grc'>44444444</span> <span class='ocrx_word' id='word_1_313' title='bbox 345 3507 392 3563; x_wconf 90' lang='grc'>444,</span> <span class='ocrx_word' id='word_1_314' title='bbox 410 3506 464 3576; x_wconf 70' lang='grc'>334.</span> <span class='ocrx_word' id='word_1_315' title='bbox 481 3504 634 3566; x_wconf 79' lang='lat' dir='ltr'><strong>Presclpitur</strong></span> <span class='ocrx_word' id='word_1_316' title='bbox 650 3504 735 3561; x_wconf 90' lang='lat' dir='ltr'><strong>noble,</strong></span> <span class='ocrx_word' id='word_1_317' title='bbox 751 3517 785 3553; x_wconf 91' lang='lat' dir='ltr'><strong>ne</strong></span> <span class='ocrx_word' id='word_1_318' title='bbox 800 3503 863 3554; x_wconf 89' lang='lat' dir='ltr'><strong>velit</strong></span> <span class='ocrx_word' id='word_1_319' title='bbox 888 3503 969 3554; x_wconf 91' lang='lat' dir='ltr'><strong>bomo</strong></span> <span class='ocrx_word' id='word_1_320' title='bbox 996 3505 1055 3567; x_wconf 94' lang='grc'>4444</span> 
     </span>
     <span class='ocr_line' id='line_1_47' title="bbox 229 3565 1055 3702; baseline 0.001 -23"><span class='ocrx_word' id='word_1_321' title='bbox 229 3565 1055 3702; x_wconf 57' lang='lat' dir='ltr'><strong>itabile{lllllltllllbtlilialllalllillbl</strong></span> 
     </span>
     <span class='ocr_line' id='line_1_48' title="bbox 229 3689 1055 3755; baseline 0 -15"><span class='ocrx_word' id='word_1_322' title='bbox 229 3691 272 3741; x_wconf 90' lang='grc'>4444</span> <span class='ocrx_word' id='word_1_323' title='bbox 285 3704 329 3755; x_wconf 90' lang='lat' dir='ltr'><strong>qui</strong></span> <span class='ocrx_word' id='word_1_324' title='bbox 344 3690 466 3742; x_wconf 91' lang='lat' dir='ltr'><strong>conditor</strong></span> <span class='ocrx_word' id='word_1_325' title='bbox 481 3693 529 3750; x_wconf 91' lang='grc'>444,</span> <span class='ocrx_word' id='word_1_326' title='bbox 546 3691 599 3742; x_wconf 89' lang='grc'>443.</span> <span class='ocrx_word' id='word_1_327' title='bbox 616 3689 720 3749; x_wconf 86' lang='lat' dir='ltr'><strong>Quanto</strong></span> <span class='ocrx_word' id='word_1_328' title='bbox 736 3691 850 3754; x_wconf 90' lang='lat' dir='ltr'><strong>amplius</strong></span> <span class='ocrx_word' id='word_1_329' title='bbox 873 3705 939 3740; x_wconf 83' lang='lat' dir='ltr'><strong>scire</strong></span> <span class='ocrx_word' id='word_1_330' title='bbox 958 3691 1055 3754; x_wconf 80' lang='lat' dir='ltr'><strong>quaeri·</strong></span> 
     </span>
     <span class='ocr_line' id='line_1_49' title="bbox 230 3752 1053 3816; baseline -0.002 -12"><span class='ocrx_word' id='word_1_331' title='bbox 230 3767 299 3814; x_wconf 86' lang='lat' dir='ltr'><strong>mus,</strong></span> <span class='ocrx_word' id='word_1_332' title='bbox 310 3757 387 3804; x_wconf 89' lang='lat' dir='ltr'><strong>tanto</strong></span> <span class='ocrx_word' id='word_1_333' title='bbox 401 3754 485 3816; x_wconf 90' lang='lat' dir='ltr'><strong>magis</strong></span> <span class='ocrx_word' id='word_1_334' title='bbox 499 3752 666 3804; x_wconf 82' lang='lat' dir='ltr'><strong>ostendimus</strong></span> <span class='ocrx_word' id='word_1_335' title='bbox 675 3753 821 3802; x_wconf 89' lang='lat' dir='ltr'><strong>vanitatem</strong></span> <span class='ocrx_word' id='word_1_336' title='bbox 830 3756 948 3804; x_wconf 90' lang='lat' dir='ltr'><strong>nostram</strong></span> <span class='ocrx_word' id='word_1_337' title='bbox 960 3757 986 3803; x_wconf 92' lang='lat' dir='ltr'><strong>et</strong></span> <span class='ocrx_word' id='word_1_338' title='bbox 996 3767 1053 3803; x_wconf 90' lang='lat' dir='ltr'><strong>ver-</strong></span> 
     </span>
     <span class='ocr_line' id='line_1_50' title="bbox 228 3816 494 3880; baseline -0.004 -14"><span class='ocrx_word' id='word_1_339' title='bbox 228 3816 263 3866; x_wconf 91' lang='grc'><strong>44</strong></span> <span class='ocrx_word' id='word_1_340' title='bbox 278 3817 422 3880; x_wconf 86' lang='lat' dir='ltr'><strong>superflua,</strong></span> <span class='ocrx_word' id='word_1_341' title='bbox 439 3817 494 3866; x_wconf 82' lang='grc'>434.</span> 
     </span>
    </p>
   </div>
   <div class='ocr_carea' id='block_1_9' title="bbox 227 3883 1055 5194">
    <p class='ocr_par' dir='ltr' id='par_1_12' title="bbox 227 3883 1055 5194">
     <span class='ocr_line' id='line_1_51' title="bbox 261 3883 1053 3958; baseline -0.003 -22"><span class='ocrx_word' id='word_1_342' title='bbox 261 3885 398 3958; x_wconf 86' lang='lat' dir='ltr'><strong>Scriptura</strong></span> <span class='ocrx_word' id='word_1_343' title='bbox 412 3883 503 3936; x_wconf 88' lang='lat' dir='ltr'><strong>divina</strong></span> <span class='ocrx_word' id='word_1_344' title='bbox 516 3885 591 3934; x_wconf 86' lang='lat' dir='ltr'><strong>brevi</strong></span> <span class='ocrx_word' id='word_1_345' title='bbox 606 3884 704 3935; x_wconf 89' lang='lat' dir='ltr'><strong>circulo</strong></span> <span class='ocrx_word' id='word_1_346' title='bbox 720 3887 852 3934; x_wconf 90' lang='lat' dir='ltr'><strong>coarctata</strong></span> <span class='ocrx_word' id='word_1_347' title='bbox 868 3889 917 3944; x_wconf 89' lang='lat' dir='ltr'><strong>eet,</strong></span> <span class='ocrx_word' id='word_1_348' title='bbox 929 3887 955 3934; x_wconf 90' lang='lat' dir='ltr'><strong>et</strong></span> <span class='ocrx_word' id='word_1_349' title='bbox 968 3898 1053 3948; x_wconf 92' lang='lat' dir='ltr'><strong>quan·</strong></span> 
     </span>
     <span class='ocr_line' id='line_1_52' title="bbox 228 3947 1055 4003; baseline -0.002 -5"><span class='ocrx_word' id='word_1_350' title='bbox 228 3951 286 3998; x_wconf 91' lang='lat' dir='ltr'><strong>tum</strong></span> <span class='ocrx_word' id='word_1_351' title='bbox 304 3947 429 3998; x_wconf 85' lang='lat' dir='ltr'><strong>dilatatur</strong></span> <span class='ocrx_word' id='word_1_352' title='bbox 442 3947 470 3997; x_wconf 92' lang='lat' dir='ltr'><strong>in</strong></span> <span class='ocrx_word' id='word_1_353' title='bbox 485 3948 616 4003; x_wconf 88' lang='lat' dir='ltr'><strong>sensibus,</strong></span> <span class='ocrx_word' id='word_1_354' title='bbox 629 3951 731 3997; x_wconf 91' lang='lat' dir='ltr'><strong>tantum</strong></span> <span class='ocrx_word' id='word_1_355' title='bbox 743 3947 770 3996; x_wconf 93' lang='lat' dir='ltr'><strong>in</strong></span> <span class='ocrx_word' id='word_1_356' title='bbox 785 3959 909 3996; x_wconf 77' lang='lat' dir='ltr'><strong>cerninus</strong></span> <span class='ocrx_word' id='word_1_357' title='bbox 924 3947 1055 3996; x_wconf 88' lang='lat' dir='ltr'><strong>coustrin-</strong></span> 
     </span>
     <span class='ocr_line' id='line_1_53' title="bbox 229 4009 1054 4120; baseline -0.001 -61"><span class='ocrx_word' id='word_1_358' title='bbox 229 4010 308 4072; x_wconf 80' lang='lat' dir='ltr'><strong>gitur,</strong></span> <span class='ocrx_word' id='word_1_359' title='bbox 324 4013 378 4061; x_wconf 84' lang='grc'>433.</span> <span class='ocrx_word' id='word_1_360' title='bbox 398 4010 491 4081; x_wconf 81' lang='lat' dir='ltr'><strong>¹Verus</strong></span> <span class='ocrx_word' id='word_1_361' title='bbox 509 4011 585 4059; x_wconf 89' lang='lat' dir='ltr'><strong>cibus</strong></span> <span class='ocrx_word' id='word_1_362' title='bbox 612 4013 740 4072; x_wconf 88' lang='grc'>4444444,</span> <span class='ocrx_word' id='word_1_363' title='bbox 770 4009 815 4120; x_wconf 56' lang='lat' dir='ltr'><strong>alui</strong></span> <span class='ocrx_word' id='word_1_364' title='bbox 845 4023 877 4057; x_wconf 81' lang='lat' dir='ltr'><strong>ea</strong></span> <span class='ocrx_word' id='word_1_365' title='bbox 905 4009 991 4060; x_wconf 89' lang='lat' dir='ltr'><strong>Verbo</strong></span> <span class='ocrx_word' id='word_1_366' title='bbox 1007 4009 1054 4081; x_wconf 84' lang='lat' dir='ltr'><strong>liei</strong></span> 
     </span>
     <span class='ocr_line' id='line_1_54' title="bbox 229 4071 1055 4134; baseline 0 -13"><span class='ocrx_word' id='word_1_367' title='bbox 229 4072 351 4128; x_wconf 89' lang='lat' dir='ltr'><strong>sumitur,</strong></span> <span class='ocrx_word' id='word_1_368' title='bbox 367 4073 478 4122; x_wconf 86' lang='lat' dir='ltr'><strong>scientia</strong></span> <span class='ocrx_word' id='word_1_369' title='bbox 493 4072 688 4134; x_wconf 76' lang='lat' dir='ltr'><strong>scripturarum</strong></span> <span class='ocrx_word' id='word_1_370' title='bbox 712 4074 760 4130; x_wconf 91' lang='lat' dir='ltr'><strong>est,</strong></span> <span class='ocrx_word' id='word_1_371' title='bbox 793 4071 830 4120; x_wconf 88' lang='grc'><strong>43.</strong></span> <span class='ocrx_word' id='word_1_372' title='bbox 846 4073 943 4120; x_wconf 79' lang='lat' dir='ltr'><strong>Earum</strong></span> <span class='ocrx_word' id='word_1_373' title='bbox 959 4073 1055 4122; x_wconf 88' lang='lat' dir='ltr'><strong>notitia</strong></span> 
     </span>
     <span class='ocr_line' id='line_1_55' title="bbox 229 4131 1052 4206; baseline -0.004 -22"><span class='ocrx_word' id='word_1_374' title='bbox 229 4134 329 4184; x_wconf 84' lang='lat' dir='ltr'><strong>divitias</strong></span> <span class='ocrx_word' id='word_1_375' title='bbox 339 4134 444 4194; x_wconf 88' lang='lat' dir='ltr'><strong>Christi,</strong></span> <span class='ocrx_word' id='word_1_376' title='bbox 460 4137 515 4185; x_wconf 85' lang='grc'>333.</span> <span class='ocrx_word' id='word_1_377' title='bbox 527 4133 662 4206; x_wconf 73' lang='lat' dir='ltr'><strong>Sapientia</strong></span> <span class='ocrx_word' id='word_1_378' title='bbox 672 4131 817 4196; x_wconf 89' lang='lat' dir='ltr'><strong>sequenda,</strong></span> <span class='ocrx_word' id='word_1_379' title='bbox 829 4137 856 4182; x_wconf 91' lang='lat' dir='ltr'><strong>et</strong></span> <span class='ocrx_word' id='word_1_380' title='bbox 866 4133 976 4182; x_wconf 87' lang='lat' dir='ltr'><strong>seientia</strong></span> <span class='ocrx_word' id='word_1_381' title='bbox 986 4134 1052 4205; x_wconf 80' lang='lat' dir='ltr'><strong>Scri·</strong></span> 
     </span>
     <span class='ocr_line' id='line_1_56' title="bbox 228 4195 1054 4260; baseline -0.002 -14"><span class='ocrx_word' id='word_1_382' title='bbox 228 4201 369 4258; x_wconf 90' lang='lat' dir='ltr'><strong>ptararum</strong></span> <span class='ocrx_word' id='word_1_383' title='bbox 383 4197 460 4260; x_wconf 87' lang='lat' dir='ltr'><strong>quasi</strong></span> <span class='ocrx_word' id='word_1_384' title='bbox 474 4197 502 4246; x_wconf 92' lang='lat' dir='ltr'><strong>in</strong></span> <span class='ocrx_word' id='word_1_385' title='bbox 522 4209 677 4260; x_wconf 74' lang='lat' dir='ltr'><strong>conjugium</strong></span> <span class='ocrx_word' id='word_1_386' title='bbox 702 4195 861 4259; x_wconf 88' lang='lat' dir='ltr'><strong>copulanda,</strong></span> <span class='ocrx_word' id='word_1_387' title='bbox 877 4196 932 4245; x_wconf 88' lang='grc'>463.</span> <span class='ocrx_word' id='word_1_388' title='bbox 955 4197 1054 4246; x_wconf 85' lang='lat' dir='ltr'><strong>Notitia</strong></span> 
     </span>
     <span class='ocr_line' id='line_1_57' title="bbox 228 4256 1052 4322; baseline -0.002 -14"><span class='ocrx_word' id='word_1_389' title='bbox 228 4259 425 4322; x_wconf 89' lang='lat' dir='ltr'><strong>Scripturarum</strong></span> <span class='ocrx_word' id='word_1_390' title='bbox 441 4271 495 4308; x_wconf 92' lang='lat' dir='ltr'><strong>non</strong></span> <span class='ocrx_word' id='word_1_391' title='bbox 524 4262 611 4321; x_wconf 88' lang='lat' dir='ltr'><strong>potest</strong></span> <span class='ocrx_word' id='word_1_392' title='bbox 637 4257 730 4307; x_wconf 90' lang='lat' dir='ltr'><strong>baberi</strong></span> <span class='ocrx_word' id='word_1_393' title='bbox 758 4271 819 4306; x_wconf 89' lang='grc'>4444</span> <span class='ocrx_word' id='word_1_394' title='bbox 833 4256 1052 4314; x_wconf 89' lang='lat' dir='ltr'><strong>mundidivitiis,</strong></span> 
     </span>
     <span class='ocr_line' id='line_1_58' title="bbox 228 4319 1053 4430; baseline -0.002 -60"><span class='ocrx_word' id='word_1_395' title='bbox 228 4321 283 4370; x_wconf 86' lang='grc'>343.</span> <span class='ocrx_word' id='word_1_396' title='bbox 299 4321 357 4370; x_wconf 76' lang='lat' dir='ltr'><strong>Non</strong></span> <span class='ocrx_word' id='word_1_397' title='bbox 367 4334 509 4384; x_wconf 91' lang='lat' dir='ltr'><strong>possumus</strong></span> <span class='ocrx_word' id='word_1_398' title='bbox 519 4320 586 4370; x_wconf 90' lang='lat' dir='ltr'><strong>scire</strong></span> <span class='ocrx_word' id='word_1_399' title='bbox 596 4333 703 4370; x_wconf 89' lang='lat' dir='ltr'><strong>sensum</strong></span> <span class='ocrx_word' id='word_1_400' title='bbox 714 4319 921 4430; x_wconf 65' lang='lat' dir='ltr'><strong>Scripturarum,</strong></span> <span class='ocrx_word' id='word_1_401' title='bbox 933 4319 983 4368; x_wconf 90' lang='lat' dir='ltr'><strong>nisi</strong></span> <span class='ocrx_word' id='word_1_402' title='bbox 992 4333 1053 4369; x_wconf 90' lang='lat' dir='ltr'><strong>enni</strong></span> 
     </span>
     <span class='ocr_line' id='line_1_59' title="bbox 228 4381 1052 4446; baseline -0.002 -14"><span class='ocrx_word' id='word_1_403' title='bbox 228 4396 277 4446; x_wconf 91' lang='grc'><strong>444</strong></span> <span class='ocrx_word' id='word_1_404' title='bbox 290 4383 373 4433; x_wconf 89' lang='lat' dir='ltr'><strong>verba</strong></span> <span class='ocrx_word' id='word_1_405' title='bbox 383 4383 525 4440; x_wconf 86' lang='lat' dir='ltr'><strong>discamus,</strong></span> <span class='ocrx_word' id='word_1_406' title='bbox 540 4383 671 4432; x_wconf 68' lang='lat' dir='ltr'><strong>lilibeum</strong></span> <span class='ocrx_word' id='word_1_407' title='bbox 687 4382 740 4430; x_wconf 90' lang='lat' dir='ltr'><strong>sint</strong></span> <span class='ocrx_word' id='word_1_408' title='bbox 756 4397 770 4442; x_wconf 88' lang='lat' dir='ltr'><strong>p</strong></span> <span class='ocrx_word' id='word_1_409' title='bbox 783 4381 859 4431; x_wconf 90' lang='lat' dir='ltr'><strong>urimi</strong></span> <span class='ocrx_word' id='word_1_410' title='bbox 873 4381 919 4445; x_wconf 91' lang='lat' dir='ltr'><strong>qui</strong></span> <span class='ocrx_word' id='word_1_411' title='bbox 935 4381 1052 4443; x_wconf 88' lang='lat' dir='ltr'><strong>Scriptu-</strong></span> 
     </span>
     <span class='ocr_line' id='line_1_60' title="bbox 228 4443 1053 4506; baseline -0.001 -12"><span class='ocrx_word' id='word_1_412' title='bbox 228 4457 317 4495; x_wconf 89' lang='lat' dir='ltr'><strong>rarum</strong></span> <span class='ocrx_word' id='word_1_413' title='bbox 334 4446 435 4495; x_wconf 88' lang='lat' dir='ltr'><strong>occulta</strong></span> <span class='ocrx_word' id='word_1_414' title='bbox 449 4445 572 4494; x_wconf 88' lang='lat' dir='ltr'><strong>dieantur</strong></span> <span class='ocrx_word' id='word_1_415' title='bbox 587 4457 664 4506; x_wconf 86' lang='lat' dir='ltr'><strong>posse</strong></span> <span class='ocrx_word' id='word_1_416' title='bbox 679 4457 707 4493; x_wconf 92' lang='lat' dir='ltr'><strong>se</strong></span> <span class='ocrx_word' id='word_1_417' title='bbox 722 4443 842 4503; x_wconf 86' lang='lat' dir='ltr'><strong>solvere;</strong></span> <span class='ocrx_word' id='word_1_418' title='bbox 859 4451 936 4492; x_wconf 88' lang='grc'>44444</span> <span class='ocrx_word' id='word_1_419' title='bbox 954 4448 995 4493; x_wconf 86' lang='grc'><strong>444</strong></span> <span class='ocrx_word' id='word_1_420' title='bbox 1028 4444 1053 4494; x_wconf 88' lang='grc'><strong>44</strong></span> 
     </span>
     <span class='ocr_line' id='line_1_61' title="bbox 227 4457 1051 4568; baseline -0.002 -12"><span class='ocrx_word' id='word_1_421' title='bbox 227 4520 318 4556; x_wconf 88' lang='lat' dir='ltr'><strong>veram</strong></span> <span class='ocrx_word' id='word_1_422' title='bbox 334 4508 451 4558; x_wconf 89' lang='lat' dir='ltr'><strong>inveniat</strong></span> <span class='ocrx_word' id='word_1_423' title='bbox 461 4507 628 4566; x_wconf 90' lang='lat' dir='ltr'><strong>solutionem,</strong></span> <span class='ocrx_word' id='word_1_424' title='bbox 640 4509 693 4557; x_wconf 84' lang='grc'>443.</span> <span class='ocrx_word' id='word_1_425' title='bbox 705 4507 803 4556; x_wconf 87' lang='lat' dir='ltr'><strong>Omnes</strong></span> <span class='ocrx_word' id='word_1_426' title='bbox 813 4509 882 4555; x_wconf 90' lang='lat' dir='ltr'><strong>artes</strong></span> <span class='ocrx_word' id='word_1_427' title='bbox 892 4507 992 4568; x_wconf 82' lang='lat' dir='ltr'><strong>absque</strong></span> <span class='ocrx_word' id='word_1_428' title='bbox 1004 4457 1024 4554; x_wconf 58' lang='grc' dir='ltr'><em>ἓ</em></span> <span class='ocrx_word' id='word_1_429' title='bbox 1042 4535 1051 4542; x_wconf 95' lang='grc'>-</span> 
     </span>
     <span class='ocr_line' id='line_1_62' title="bbox 228 4567 1053 4630; baseline -0.002 -11"><span class='ocrx_word' id='word_1_430' title='bbox 228 4573 300 4620; x_wconf 86' lang='lat' dir='ltr'><strong>ctare</strong></span> <span class='ocrx_word' id='word_1_431' title='bbox 310 4582 365 4619; x_wconf 90' lang='lat' dir='ltr'><strong>non</strong></span> <span class='ocrx_word' id='word_1_432' title='bbox 375 4569 501 4620; x_wconf 89' lang='lat' dir='ltr'><strong>discimus</strong></span> <span class='ocrx_word' id='word_1_433' title='bbox 513 4585 519 4626; x_wconf 79' lang='lat'>2</span> <span class='ocrx_word' id='word_1_434' title='bbox 531 4569 587 4618; x_wconf 89' lang='lat' dir='ltr'><strong>sola</strong></span> <span class='ocrx_word' id='word_1_435' title='bbox 597 4569 790 4630; x_wconf 80' lang='lat' dir='ltr'><strong>scripturarum</strong></span> <span class='ocrx_word' id='word_1_436' title='bbox 801 4567 983 4617; x_wconf 84' lang='lat' dir='ltr'><strong>doctrinalem</strong></span> <span class='ocrx_word' id='word_1_437' title='bbox 994 4568 1053 4617; x_wconf 89' lang='lat' dir='ltr'><strong>vilis</strong></span> 
     </span>
     <span class='ocr_line' id='line_1_63' title="bbox 228 4630 1051 4693; baseline -0.004 -11"><span class='ocrx_word' id='word_1_438' title='bbox 228 4635 275 4682; x_wconf 87' lang='lat' dir='ltr'><strong>aut</strong></span> <span class='ocrx_word' id='word_1_439' title='bbox 289 4631 373 4681; x_wconf 86' lang='lat' dir='ltr'><strong>laeilis</strong></span> <span class='ocrx_word' id='word_1_440' title='bbox 387 4631 477 4682; x_wconf 90' lang='lat' dir='ltr'><strong>multis</strong></span> <span class='ocrx_word' id='word_1_441' title='bbox 492 4631 607 4690; x_wconf 86' lang='lat' dir='ltr'><strong>ridetur,</strong></span> <span class='ocrx_word' id='word_1_442' title='bbox 622 4631 654 4680; x_wconf 92' lang='lat' dir='ltr'><strong>ut</strong></span> <span class='ocrx_word' id='word_1_443' title='bbox 668 4643 723 4679; x_wconf 93' lang='grc'><strong>444</strong></span> <span class='ocrx_word' id='word_1_444' title='bbox 746 4630 865 4693; x_wconf 87' lang='lat' dir='ltr'><strong>indigeat</strong></span> <span class='ocrx_word' id='word_1_445' title='bbox 879 4633 1051 4693; x_wconf 73' lang='lat' dir='ltr'><strong>praeceptore,</strong></span> 
     </span>
     <span class='ocr_line' id='line_1_64' title="bbox 228 4692 1052 4754; baseline 0.001 -10"><span class='ocrx_word' id='word_1_446' title='bbox 228 4697 281 4745; x_wconf 88' lang='grc'>444.</span> <span class='ocrx_word' id='word_1_447' title='bbox 296 4694 394 4744; x_wconf 87' lang='lat' dir='ltr'><strong>Omnes</strong></span> <span class='ocrx_word' id='word_1_448' title='bbox 408 4707 451 4743; x_wconf 87' lang='lat' dir='ltr'><strong>res</strong></span> <span class='ocrx_word' id='word_1_449' title='bbox 478 4693 608 4754; x_wconf 83' lang='lat' dir='ltr'><strong>difficiles,</strong></span> <span class='ocrx_word' id='word_1_450' title='bbox 636 4697 771 4754; x_wconf 81' lang='lat' dir='ltr'><strong>etmagno</strong></span> <span class='ocrx_word' id='word_1_451' title='bbox 798 4692 1052 4746; x_wconf 81' lang='lat' dir='ltr'><strong>laboradiscuutur.</strong></span> 
     </span>
     <span class='ocr_line' id='line_1_65' title="bbox 228 4753 1051 4819; baseline -0.004 -14"><span class='ocrx_word' id='word_1_452' title='bbox 228 4760 322 4806; x_wconf 89' lang='lat' dir='ltr'><strong>contra</strong></span> <span class='ocrx_word' id='word_1_453' title='bbox 334 4769 381 4806; x_wconf 87' lang='lat' dir='ltr'><strong>eos</strong></span> <span class='ocrx_word' id='word_1_454' title='bbox 391 4757 437 4819; x_wconf 93' lang='lat' dir='ltr'><strong>qui</strong></span> <span class='ocrx_word' id='word_1_455' title='bbox 448 4759 542 4817; x_wconf 91' lang='lat' dir='ltr'><strong>putant</strong></span> <span class='ocrx_word' id='word_1_456' title='bbox 557 4755 650 4806; x_wconf 85' lang='lat' dir='ltr'><strong>otiosis</strong></span> <span class='ocrx_word' id='word_1_457' title='bbox 659 4754 709 4803; x_wconf 91' lang='lat' dir='ltr'><strong>sibi</strong></span> <span class='ocrx_word' id='word_1_458' title='bbox 720 4759 745 4803; x_wconf 94' lang='lat' dir='ltr'><strong>at</strong></span> <span class='ocrx_word' id='word_1_459' title='bbox 761 4759 824 4804; x_wconf 89' lang='lat' dir='ltr'><strong>vota</strong></span> <span class='ocrx_word' id='word_1_460' title='bbox 833 4753 993 4804; x_wconf 84' lang='lat' dir='ltr'><strong>iacientibus</strong></span> <span class='ocrx_word' id='word_1_461' title='bbox 1007 4769 1051 4803; x_wconf 91' lang='lat' dir='ltr'><strong>vo-</strong></span> 
     </span>
     <span class='ocr_line' id='line_1_66' title="bbox 228 4816 1052 4880; baseline -0.004 -11"><span class='ocrx_word' id='word_1_462' title='bbox 228 4820 286 4870; x_wconf 88' lang='lat' dir='ltr'><strong>nire</strong></span> <span class='ocrx_word' id='word_1_463' title='bbox 302 4819 422 4868; x_wconf 90' lang='lat' dir='ltr'><strong>notitiam</strong></span> <span class='ocrx_word' id='word_1_464' title='bbox 452 4819 657 4880; x_wconf 83' lang='lat' dir='ltr'><strong>seripturarum.</strong></span> <span class='ocrx_word' id='word_1_465' title='bbox 673 4819 728 4867; x_wconf 88' lang='grc'>333.</span> <span class='ocrx_word' id='word_1_466' title='bbox 758 4816 877 4866; x_wconf 83' lang='lat' dir='ltr'><strong>Historiae</strong></span> <span class='ocrx_word' id='word_1_467' title='bbox 902 4820 1052 4880; x_wconf 86' lang='lat' dir='ltr'><strong>paupertas,</strong></span> 
     </span>
     <span class='ocr_line' id='line_1_67' title="bbox 229 4877 1052 4945; baseline -0.001 -16"><span class='ocrx_word' id='word_1_468' title='bbox 229 4883 284 4931; x_wconf 89' lang='lat' dir='ltr'><strong>sive</strong></span> <span class='ocrx_word' id='word_1_469' title='bbox 293 4881 404 4945; x_wconf 83' lang='lat' dir='ltr'><strong>simplex</strong></span> <span class='ocrx_word' id='word_1_470' title='bbox 413 4881 569 4940; x_wconf 86' lang='lat' dir='ltr'><strong>intellectus,</strong></span> <span class='ocrx_word' id='word_1_471' title='bbox 581 4891 636 4929; x_wconf 89' lang='lat' dir='ltr'><strong>non</strong></span> <span class='ocrx_word' id='word_1_472' title='bbox 645 4881 684 4928; x_wconf 85' lang='lat' dir='ltr'><strong>eat</strong></span> <span class='ocrx_word' id='word_1_473' title='bbox 694 4879 911 4941; x_wconf 80' lang='lat' dir='ltr'><strong>praetereundus,</strong></span> <span class='ocrx_word' id='word_1_474' title='bbox 921 4877 983 4927; x_wconf 93' lang='lat' dir='ltr'><strong>dum</strong></span> <span class='ocrx_word' id='word_1_475' title='bbox 994 4893 1052 4928; x_wconf 81' lang='lat' dir='ltr'><strong>aen·</strong></span> 
     </span>
     <span class='ocr_line' id='line_1_68' title="bbox 229 4940 1055 5007; baseline 0.001 -16"><span class='ocrx_word' id='word_1_476' title='bbox 229 4956 288 4992; x_wconf 89' lang='lat' dir='ltr'><strong>aum</strong></span> <span class='ocrx_word' id='word_1_477' title='bbox 304 4943 479 5007; x_wconf 83' lang='lat' dir='ltr'><strong>anagogicum</strong></span> <span class='ocrx_word' id='word_1_478' title='bbox 494 4943 522 4992; x_wconf 92' lang='grc'><strong>44</strong></span> <span class='ocrx_word' id='word_1_479' title='bbox 538 4941 681 5004; x_wconf 87' lang='grc'>8444444444</span> <span class='ocrx_word' id='word_1_480' title='bbox 695 4942 840 5004; x_wconf 86' lang='lat' dir='ltr'><strong>sequimur,</strong></span> <span class='ocrx_word' id='word_1_481' title='bbox 856 4943 909 4990; x_wconf 86' lang='lat' dir='ltr'><strong>lllll.</strong></span> <span class='ocrx_word' id='word_1_482' title='bbox 927 4940 1004 4990; x_wconf 84' lang='grc'>444444</span> <span class='ocrx_word' id='word_1_483' title='bbox 1014 4945 1055 4992; x_wconf 87' lang='grc'><strong>444</strong></span> 
     </span>
     <span class='ocr_line' id='line_1_69' title="bbox 229 5001 1053 5068; baseline -0.001 -15"><span class='ocrx_word' id='word_1_484' title='bbox 229 5004 434 5068; x_wconf 74' lang='lat' dir='ltr'><strong>scripturarum,</strong></span> <span class='ocrx_word' id='word_1_485' title='bbox 447 5005 568 5068; x_wconf 85' lang='lat' dir='ltr'><strong>quamvis</strong></span> <span class='ocrx_word' id='word_1_486' title='bbox 578 5005 675 5054; x_wconf 91' lang='lat' dir='ltr'><strong>multos</strong></span> <span class='ocrx_word' id='word_1_487' title='bbox 685 5001 775 5064; x_wconf 87' lang='lat' dir='ltr'><strong>libros,</strong></span> <span class='ocrx_word' id='word_1_488' title='bbox 790 5007 811 5052; x_wconf 92' lang='lat' dir='ltr'><strong>sl</strong></span> <span class='ocrx_word' id='word_1_489' title='bbox 822 5003 892 5053; x_wconf 88' lang='grc'>44444</span> <span class='ocrx_word' id='word_1_490' title='bbox 906 5017 934 5052; x_wconf 90' lang='lat' dir='ltr'><strong>se</strong></span> <span class='ocrx_word' id='word_1_491' title='bbox 944 5015 999 5052; x_wconf 90' lang='lat' dir='ltr'><strong>non</strong></span> <span class='ocrx_word' id='word_1_492' title='bbox 1014 5003 1053 5052; x_wconf 92' lang='lat' dir='ltr'><strong>di·</strong></span> 
     </span>
     <span class='ocr_line' id='line_1_70' title="bbox 229 5065 1051 5128; baseline 0 -14"><span class='ocrx_word' id='word_1_493' title='bbox 229 5073 363 5128; x_wconf 87' lang='lat' dir='ltr'><strong>ecrepant,</strong></span> <span class='ocrx_word' id='word_1_494' title='bbox 379 5072 406 5118; x_wconf 86' lang='lat' dir='ltr'><strong>et</strong></span> <span class='ocrx_word' id='word_1_495' title='bbox 419 5068 451 5118; x_wconf 90' lang='lat' dir='ltr'><strong>de</strong></span> <span class='ocrx_word' id='word_1_496' title='bbox 467 5067 558 5117; x_wconf 88' lang='lat' dir='ltr'><strong>eudem</strong></span> <span class='ocrx_word' id='word_1_497' title='bbox 570 5066 765 5124; x_wconf 86' lang='lat' dir='ltr'><strong>rescribuntur,</strong></span> <span class='ocrx_word' id='word_1_498' title='bbox 781 5065 996 5115; x_wconf 84' lang='lat' dir='ltr'><strong>uniimvolumen</strong></span> <span class='ocrx_word' id='word_1_499' title='bbox 1012 5065 1051 5114; x_wconf 91' lang='lat' dir='ltr'><strong>di·</strong></span> 
     </span>
     <span class='ocr_line' id='line_1_71' title="bbox 230 5127 1053 5194; baseline 0.004 -19"><span class='ocrx_word' id='word_1_500' title='bbox 230 5138 298 5186; x_wconf 89' lang='lat' dir='ltr'><strong>cere,</strong></span> <span class='ocrx_word' id='word_1_501' title='bbox 310 5132 364 5180; x_wconf 84' lang='grc'>435.</span> <span class='ocrx_word' id='word_1_502' title='bbox 375 5131 562 5194; x_wconf 90' lang='lat' dir='ltr'><strong>imperativum</strong></span> <span class='ocrx_word' id='word_1_503' title='bbox 573 5127 683 5178; x_wconf 91' lang='lat' dir='ltr'><strong>modum</strong></span> <span class='ocrx_word' id='word_1_504' title='bbox 693 5141 740 5191; x_wconf 92' lang='grc'><strong>444</strong></span> <span class='ocrx_word' id='word_1_505' title='bbox 751 5127 870 5190; x_wconf 82' lang='lat' dir='ltr'><strong>optativo</strong></span> <span class='ocrx_word' id='word_1_506' title='bbox 882 5130 1053 5191; x_wconf 78' lang='grc'>444444446.</span> 
     </span>
    </p>
   </div>
   <div class='ocr_carea' id='block_1_10' title="bbox 230 5193 1054 5892">
    <p class='ocr_par' dir='ltr' id='par_1_13' title="bbox 248 5193 1053 5266">
     <span class='ocr_line' id='line_1_72' title="bbox 248 5193 1053 5266; baseline 0.009 -24"><span class='ocrx_word' id='word_1_507' title='bbox 248 5193 384 5266; x_wconf 28' lang='lat' dir='ltr'><strong>&#39;securas</strong></span> <span class='ocrx_word' id='word_1_508' title='bbox 398 5201 481 5252; x_wconf 87' lang='lat' dir='ltr'><strong>Nemo</strong></span> <span class='ocrx_word' id='word_1_509' title='bbox 495 5201 576 5250; x_wconf 86' lang='lat' dir='ltr'><strong>debet</strong></span> <span class='ocrx_word' id='word_1_510' title='bbox 596 5213 623 5248; x_wconf 88' lang='lat' dir='ltr'><strong>se</strong></span> <span class='ocrx_word' id='word_1_511' title='bbox 644 5211 716 5247; x_wconf 91' lang='lat' dir='ltr'><strong>nunc</strong></span> <span class='ocrx_word' id='word_1_512' title='bbox 733 5203 826 5260; x_wconf 89' lang='lat' dir='ltr'><strong>putare</strong></span> <span class='ocrx_word' id='word_1_513' title='bbox 842 5212 983 5259; x_wconf 84' lang='lat' dir='ltr'><strong>securum;</strong></span> <span class='ocrx_word' id='word_1_514' title='bbox 1007 5198 1053 5249; x_wconf 90' lang='lat' dir='ltr'><strong>sed</strong></span> 
     </span>
    </p>

    <p class='ocr_par' dir='ltr' id='par_1_14' title="bbox 231 5259 1054 5388">
     <span class='ocr_line' id='line_1_73' title="bbox 231 5259 1054 5324; baseline 0.007 -20"><span class='ocrx_word' id='word_1_515' title='bbox 231 5267 256 5304; x_wconf 88' lang='lat' dir='ltr'><strong>ei</strong></span> <span class='ocrx_word' id='word_1_516' title='bbox 269 5259 407 5310; x_wconf 87' lang='lat' dir='ltr'><strong>tractanda</strong></span> <span class='ocrx_word' id='word_1_517' title='bbox 421 5267 484 5312; x_wconf 88' lang='lat' dir='ltr'><strong>aaut</strong></span> <span class='ocrx_word' id='word_1_518' title='bbox 499 5277 574 5312; x_wconf 89' lang='lat' dir='ltr'><strong>arma</strong></span> <span class='ocrx_word' id='word_1_519' title='bbox 589 5263 616 5311; x_wconf 90' lang='grc'><strong>44</strong></span> <span class='ocrx_word' id='word_1_520' title='bbox 630 5260 682 5310; x_wconf 90' lang='grc'><strong>444</strong></span> <span class='ocrx_word' id='word_1_521' title='bbox 696 5260 757 5310; x_wconf 91' lang='lat' dir='ltr'><strong>belli</strong></span> <span class='ocrx_word' id='word_1_522' title='bbox 778 5265 906 5324; x_wconf 89' lang='lat' dir='ltr'><strong>tempora,</strong></span> <span class='ocrx_word' id='word_1_523' title='bbox 926 5265 956 5311; x_wconf 92' lang='lat' dir='ltr'><strong>ut</strong></span> <span class='ocrx_word' id='word_1_524' title='bbox 971 5261 1054 5310; x_wconf 88' lang='lat' dir='ltr'><strong>vietor</strong></span> 
     </span>
     <span class='ocr_line' id='line_1_74' title="bbox 231 5317 727 5388; baseline 0.016 -25"><span class='ocrx_word' id='word_1_525' title='bbox 231 5317 361 5388; x_wconf 81' lang='lat' dir='ltr'><strong>quondam</strong></span> <span class='ocrx_word' id='word_1_526' title='bbox 375 5326 525 5383; x_wconf 88' lang='lat' dir='ltr'><strong>requiescat</strong></span> <span class='ocrx_word' id='word_1_527' title='bbox 539 5326 566 5374; x_wconf 91' lang='lat' dir='ltr'><strong>in</strong></span> <span class='ocrx_word' id='word_1_528' title='bbox 582 5337 656 5386; x_wconf 89' lang='grc'>4444.</span> <span class='ocrx_word' id='word_1_529' title='bbox 673 5325 727 5372; x_wconf 86' lang='grc'>444.</span> 
     </span>
    </p>

    <p class='ocr_par' dir='ltr' id='par_1_15' title="bbox 262 5377 691 5448">
     <span class='ocr_line' id='line_1_75' title="bbox 262 5377 691 5448; baseline 0.009 -21"><span class='ocrx_word' id='word_1_530' title='bbox 262 5377 319 5427; x_wconf 84' lang='lat' dir='ltr'><strong>seir</strong></span> <span class='ocrx_word' id='word_1_531' title='bbox 332 5385 436 5432; x_wconf 90' lang='lat' dir='ltr'><strong>montes</strong></span> <span class='ocrx_word' id='word_1_532' title='bbox 451 5400 466 5434; x_wconf 91' lang='lat' dir='ltr'><strong>a</strong></span> <span class='ocrx_word' id='word_1_533' title='bbox 480 5400 533 5448; x_wconf 85' lang='lat' dir='ltr'><strong>quo</strong></span> <span class='ocrx_word' id='word_1_534' title='bbox 549 5387 620 5445; x_wconf 88' lang='lat' dir='ltr'><strong>dicti,</strong></span> <span class='ocrx_word' id='word_1_535' title='bbox 636 5387 691 5433; x_wconf 80' lang='grc'>344.</span> 
     </span>
    </p>

    <p class='ocr_par' dir='ltr' id='par_1_16' title="bbox 230 5439 1053 5628">
     <span class='ocr_line' id='line_1_76' title="bbox 263 5439 1053 5510; baseline 0.01 -21"><span class='ocrx_word' id='word_1_536' title='bbox 263 5439 400 5490; x_wconf 88' lang='lat' dir='ltr'><strong>Senectus.</strong></span> <span class='ocrx_word' id='word_1_537' title='bbox 416 5445 491 5494; x_wconf 83' lang='lat' dir='ltr'><strong>(linui</strong></span> <span class='ocrx_word' id='word_1_538' title='bbox 508 5453 626 5510; x_wconf 81' lang='lat' dir='ltr'><strong>tempore</strong></span> <span class='ocrx_word' id='word_1_539' title='bbox 642 5449 712 5496; x_wconf 91' lang='lat' dir='ltr'><strong>bona</strong></span> <span class='ocrx_word' id='word_1_540' title='bbox 727 5444 840 5509; x_wconf 84' lang='lat' dir='ltr'><strong>agenda,</strong></span> <span class='ocrx_word' id='word_1_541' title='bbox 856 5449 908 5495; x_wconf 89' lang='lat' dir='ltr'><strong>lam</strong></span> <span class='ocrx_word' id='word_1_542' title='bbox 924 5447 951 5494; x_wconf 91' lang='lat' dir='ltr'><strong>in</strong></span> <span class='ocrx_word' id='word_1_543' title='bbox 975 5449 1053 5497; x_wconf 84' lang='lat' dir='ltr'><strong>aetate</strong></span> 
     </span>
     <span class='ocr_line' id='line_1_77' title="bbox 230 5503 1053 5578; baseline 0.005 -24"><span class='ocrx_word' id='word_1_544' title='bbox 230 5503 359 5576; x_wconf 69' lang='lat' dir='ltr'><strong>longeva,</strong></span> <span class='ocrx_word' id='word_1_545' title='bbox 376 5517 455 5575; x_wconf 78' lang='lat' dir='ltr'><strong>quain</strong></span> <span class='ocrx_word' id='word_1_546' title='bbox 470 5509 496 5555; x_wconf 91' lang='lat' dir='ltr'><strong>in</strong></span> <span class='ocrx_word' id='word_1_547' title='bbox 511 5508 651 5578; x_wconf 81' lang='lat' dir='ltr'><strong>juventute</strong></span> <span class='ocrx_word' id='word_1_548' title='bbox 665 5525 670 5569; x_wconf 92' lang='lat'>;</span> <span class='ocrx_word' id='word_1_549' title='bbox 686 5509 814 5572; x_wconf 89' lang='lat' dir='ltr'><strong>quianon</strong></span> <span class='ocrx_word' id='word_1_550' title='bbox 829 5509 939 5571; x_wconf 89' lang='lat' dir='ltr'><strong>prodest</strong></span> <span class='ocrx_word' id='word_1_551' title='bbox 952 5509 1053 5559; x_wconf 89' lang='lat' dir='ltr'><strong>adoles·</strong></span> 
     </span>
     <span class='ocr_line' id='line_1_78' title="bbox 231 5565 962 5628; baseline 0.001 -11"><span class='ocrx_word' id='word_1_552' title='bbox 231 5569 325 5617; x_wconf 74' lang='lat' dir='ltr'><strong>centias</strong></span> <span class='ocrx_word' id='word_1_553' title='bbox 340 5565 484 5628; x_wconf 77' lang='lat' dir='ltr'><strong>frugalitas,</strong></span> <span class='ocrx_word' id='word_1_554' title='bbox 497 5581 518 5616; x_wconf 90' lang='lat' dir='ltr'><strong>si</strong></span> <span class='ocrx_word' id='word_1_555' title='bbox 533 5577 638 5620; x_wconf 87' lang='lat' dir='ltr'><strong>senecta</strong></span> <span class='ocrx_word' id='word_1_556' title='bbox 648 5572 761 5620; x_wconf 89' lang='lat' dir='ltr'><strong>ducatur</strong></span> <span class='ocrx_word' id='word_1_557' title='bbox 775 5573 802 5620; x_wconf 91' lang='lat' dir='ltr'><strong>in</strong></span> <span class='ocrx_word' id='word_1_558' title='bbox 817 5572 890 5628; x_wconf 83' lang='lat' dir='ltr'><strong>luxu,</strong></span> <span class='ocrx_word' id='word_1_559' title='bbox 907 5573 962 5621; x_wconf 88' lang='grc'>433.</span> 
     </span>
    </p>

    <p class='ocr_par' dir='ltr' id='par_1_17' title="bbox 262 5636 975 5702">
     <span class='ocr_line' id='line_1_79' title="bbox 262 5636 975 5702; baseline 0.006 -16"><span class='ocrx_word' id='word_1_560' title='bbox 262 5637 360 5687; x_wconf 80' lang='lat' dir='ltr'><strong>Sensus</strong></span> <span class='ocrx_word' id='word_1_561' title='bbox 373 5637 454 5698; x_wconf 82' lang='lat' dir='ltr'><strong>magis</strong></span> <span class='ocrx_word' id='word_1_562' title='bbox 468 5636 597 5688; x_wconf 86' lang='lat' dir='ltr'><strong>debemus</strong></span> <span class='ocrx_word' id='word_1_563' title='bbox 611 5641 706 5690; x_wconf 87' lang='grc'>4444444</span> <span class='ocrx_word' id='word_1_564' title='bbox 722 5655 801 5702; x_wconf 88' lang='lat' dir='ltr'><strong>quain</strong></span> <span class='ocrx_word' id='word_1_565' title='bbox 816 5641 904 5696; x_wconf 85' lang='lat' dir='ltr'><strong>verba.</strong></span> <span class='ocrx_word' id='word_1_566' title='bbox 921 5645 975 5693; x_wconf 80' lang='grc'>435.</span> 
     </span>
    </p>

    <p class='ocr_par' dir='ltr' id='par_1_18' title="bbox 261 5700 943 5764">
     <span class='ocr_line' id='line_1_80' title="bbox 261 5700 943 5764; baseline 0.004 -16"><span class='ocrx_word' id='word_1_567' title='bbox 261 5700 431 5764; x_wconf 82' lang='lat' dir='ltr'><strong>septenarius</strong></span> <span class='ocrx_word' id='word_1_568' title='bbox 446 5711 573 5748; x_wconf 89' lang='lat' dir='ltr'><strong>minicrns</strong></span> <span class='ocrx_word' id='word_1_569' title='bbox 586 5702 683 5762; x_wconf 87' lang='lat' dir='ltr'><strong>planus</strong></span> <span class='ocrx_word' id='word_1_570' title='bbox 695 5705 720 5750; x_wconf 89' lang='lat' dir='ltr'><strong>et</strong></span> <span class='ocrx_word' id='word_1_571' title='bbox 733 5703 872 5763; x_wconf 86' lang='lat' dir='ltr'><strong>perlectus,</strong></span> <span class='ocrx_word' id='word_1_572' title='bbox 889 5707 943 5754; x_wconf 83' lang='grc'>444,</span> 
     </span>
    </p>

    <p class='ocr_par' dir='ltr' id='par_1_19' title="bbox 232 5761 1053 5892">
     <span class='ocr_line' id='line_1_81' title="bbox 264 5761 1053 5829; baseline 0.003 -15"><span class='ocrx_word' id='word_1_573' title='bbox 264 5764 434 5829; x_wconf 84' lang='lat' dir='ltr'><strong>Septuaginta</strong></span> <span class='ocrx_word' id='word_1_574' title='bbox 468 5761 626 5822; x_wconf 87' lang='lat' dir='ltr'><strong>interpretes</strong></span> <span class='ocrx_word' id='word_1_575' title='bbox 662 5762 856 5824; x_wconf 88' lang='lat' dir='ltr'><strong>Scripturarum</strong></span> <span class='ocrx_word' id='word_1_576' title='bbox 887 5771 1053 5816; x_wconf 88' lang='lat' dir='ltr'><strong>sacramenta</strong></span> 
     </span>
     <span class='ocr_line' id='line_1_82' title="bbox 232 5821 1052 5892; baseline -0.001 -12"><span class='ocrx_word' id='word_1_577' title='bbox 232 5825 373 5880; x_wconf 77' lang='lat' dir='ltr'><strong>Ptolemaeo</strong></span> <span class='ocrx_word' id='word_1_578' title='bbox 387 5826 443 5892; x_wconf 87' lang='lat' dir='ltr'><strong>regi</strong></span> <span class='ocrx_word' id='word_1_579' title='bbox 459 5821 573 5888; x_wconf 87' lang='lat' dir='ltr'><strong>prodere</strong></span> <span class='ocrx_word' id='word_1_580' title='bbox 587 5821 739 5880; x_wconf 87' lang='lat' dir='ltr'><strong>noluerunt,</strong></span> <span class='ocrx_word' id='word_1_581' title='bbox 755 5827 810 5874; x_wconf 84' lang='grc'>343.</span> <span class='ocrx_word' id='word_1_582' title='bbox 826 5828 926 5878; x_wconf 89' lang='lat' dir='ltr'><strong>llornm</strong></span> <span class='ocrx_word' id='word_1_583' title='bbox 948 5842 1052 5879; x_wconf 86' lang='lat' dir='ltr'><strong>errores</strong></span> 
     </span>
    </p>
   </div>
   <div class='ocr_carea' id='block_1_11' title="bbox 1122 406 1875 674">
    <p class='ocr_par' dir='ltr' id='par_1_20' title="bbox 1122 406 1875 674">
     <span class='ocr_line' id='line_1_83' title="bbox 1123 406 1834 516; baseline 0.035 -39"><span class='ocrx_word' id='word_1_584' title='bbox 1123 442 1179 502; x_wconf 80' lang='lat' dir='ltr'><strong>non</strong></span> <span class='ocrx_word' id='word_1_585' title='bbox 1194 443 1224 480; x_wconf 88' lang='lat' dir='ltr'><strong>ar</strong></span> <span class='ocrx_word' id='word_1_586' title='bbox 1242 406 1323 508; x_wconf 75' lang='lat' dir='ltr'><strong>nebat</strong></span> <span class='ocrx_word' id='word_1_587' title='bbox 1337 433 1523 511; x_wconf 76' lang='lat' dir='ltr'><strong>Hieronymus,</strong></span> <span class='ocrx_word' id='word_1_588' title='bbox 1537 433 1688 512; x_wconf 73' lang='grc'>4444434444</span> <span class='ocrx_word' id='word_1_589' title='bbox 1699 445 1754 516; x_wconf 89' lang='lat' dir='ltr'><strong>qula</strong></span> <span class='ocrx_word' id='word_1_590' title='bbox 1784 457 1834 508; x_wconf 75' lang='lat' dir='ltr'><strong>aaa</strong></span> 
     </span>
     <span class='ocr_line' id='line_1_84' title="bbox 1123 445 1874 579; baseline 0.037 -39"><span class='ocrx_word' id='word_1_591' title='bbox 1123 489 1205 564; x_wconf 86' lang='lat' dir='ltr'><strong>libros</strong></span> <span class='ocrx_word' id='word_1_592' title='bbox 1218 445 1297 545; x_wconf 48' lang='lat' dir='ltr'><strong>bqoels</strong></span> <span class='ocrx_word' id='word_1_593' title='bbox 1311 495 1494 572; x_wconf 75' lang='lat' dir='ltr'><strong>reddiderunt,</strong></span> <span class='ocrx_word' id='word_1_594' title='bbox 1510 499 1573 574; x_wconf 69' lang='grc'>4444.</span> <span class='ocrx_word' id='word_1_595' title='bbox 1586 503 1713 579; x_wconf 84' lang='lat' dir='ltr'><strong>Pluaquau</strong></span> <span class='ocrx_word' id='word_1_596' title='bbox 1720 462 1790 565; x_wconf 60' lang='lat' dir='ltr'><strong>cstqe¹ri</strong></span> <span class='ocrx_word' id='word_1_597' title='bbox 1799 461 1874 574; x_wconf 52' lang='lat' dir='ltr'><strong>baffi</strong></span> 
     </span>
     <span class='ocr_line' id='line_1_85' title="bbox 1122 559 1875 674; baseline 0.042 -72"><span class='ocrx_word' id='word_1_598' title='bbox 1122 559 1357 674; x_wconf 51' lang='lat' dir='ltr'><strong>fficgpgpnabaut</strong></span> <span class='ocrx_word' id='word_1_599' title='bbox 1370 559 1406 610; x_wconf 90' lang='grc'><strong>444</strong></span> <span class='ocrx_word' id='word_1_600' title='bbox 1421 561 1491 622; x_wconf 91' lang='lat' dir='ltr'><strong>libri,</strong></span> <span class='ocrx_word' id='word_1_601' title='bbox 1506 561 1568 613; x_wconf 85' lang='lat' dir='ltr'><strong>ibid.</strong></span> <span class='ocrx_word' id='word_1_602' title='bbox 1579 565 1617 616; x_wconf 80' lang='lat' dir='ltr'><strong>Ab</strong></span> <span class='ocrx_word' id='word_1_603' title='bbox 1631 567 1767 636; x_wconf 80' lang='lat' dir='ltr'><strong>Hieronymo</strong></span> <span class='ocrx_word' id='word_1_604' title='bbox 1778 580 1875 635; x_wconf 82' lang='grc'>44444444-</span> 
     </span>
    </p>
   </div>
   <div class='ocr_carea' id='block_1_12' title="bbox 1118 679 1877 1234">
    <p class='ocr_par' dir='ltr' id='par_1_21' title="bbox 1118 679 1877 1234">
     <span class='ocr_line' id='line_1_86' title="bbox 1153 679 1646 740; baseline 0.022 -11"><span class='ocrx_word' id='word_1_605' title='bbox 1153 679 1185 729; x_wconf 91' lang='lat' dir='ltr'><strong>Se</strong></span> <span class='ocrx_word' id='word_1_606' title='bbox 1207 683 1339 730; x_wconf 85' lang='lat' dir='ltr'><strong>clerorum</strong></span> <span class='ocrx_word' id='word_1_607' title='bbox 1355 684 1508 736; x_wconf 88' lang='lat' dir='ltr'><strong>venditores</strong></span> <span class='ocrx_word' id='word_1_608' title='bbox 1521 688 1583 736; x_wconf 88' lang='lat' dir='ltr'><strong>casti</strong></span> <span class='ocrx_word' id='word_1_609' title='bbox 1603 694 1646 740; x_wconf 91' lang='lat' dir='ltr'><strong>ant</strong></span> 
     </span>
     <span class='ocr_line' id='line_1_87' title="bbox 1121 695 1875 803; baseline 0.025 -15"><span class='ocrx_word' id='word_1_610' title='bbox 1121 695 1242 800; x_wconf 55' lang='lat' dir='ltr'><strong>astrifer,</strong></span> <span class='ocrx_word' id='word_1_611' title='bbox 1258 745 1312 803; x_wconf 85' lang='grc'>444,</span> <span class='ocrx_word' id='word_1_612' title='bbox 1331 748 1386 796; x_wconf 86' lang='grc'>444.</span> <span class='ocrx_word' id='word_1_613' title='bbox 1585 703 1603 752; x_wconf 71' lang='lat'>⁸</span> <span class='ocrx_word' id='word_1_614' title='bbox 1649 699 1875 767; x_wconf 67' lang='lat' dir='ltr'><strong>unexmpiaspim„</strong></span> 
     </span>
     <span class='ocr_line' id='line_1_88' title="bbox 1141 803 1877 880; baseline 0.035 -29"><span class='ocrx_word' id='word_1_615' title='bbox 1141 803 1302 880; x_wconf 74' lang='lat' dir='ltr'><strong>Sermones.</strong></span> <span class='ocrx_word' id='word_1_616' title='bbox 1319 807 1343 856; x_wconf 87' lang='grc'><strong>84</strong></span> <span class='ocrx_word' id='word_1_617' title='bbox 1359 809 1436 872; x_wconf 82' lang='lat' dir='ltr'><strong>eujus</strong></span> <span class='ocrx_word' id='word_1_618' title='bbox 1451 822 1537 859; x_wconf 89' lang='lat' dir='ltr'><strong>sermo</strong></span> <span class='ocrx_word' id='word_1_619' title='bbox 1552 824 1606 862; x_wconf 91' lang='grc'><strong>444</strong></span> <span class='ocrx_word' id='word_1_620' title='bbox 1619 817 1711 878; x_wconf 81' lang='lat' dir='ltr'><strong>pungit,</strong></span> <span class='ocrx_word' id='word_1_621' title='bbox 1721 821 1877 878; x_wconf 85' lang='lat' dir='ltr'><strong>aedobleetallo</strong></span> 
     </span>
     <span class='ocr_line' id='line_1_89' title="bbox 1121 868 1869 944; baseline 0.027 -32"><span class='ocrx_word' id='word_1_622' title='bbox 1121 877 1148 913; x_wconf 93' lang='grc'><strong>44</strong></span> <span class='ocrx_word' id='word_1_623' title='bbox 1163 871 1203 916; x_wconf 90' lang='grc'><strong>444</strong></span> <span class='ocrx_word' id='word_1_624' title='bbox 1217 868 1395 926; x_wconf 89' lang='lat' dir='ltr'><strong>audientibus,</strong></span> <span class='ocrx_word' id='word_1_625' title='bbox 1411 872 1461 920; x_wconf 89' lang='lat' dir='ltr'><strong>iste</strong></span> <span class='ocrx_word' id='word_1_626' title='bbox 1477 883 1532 922; x_wconf 88' lang='lat' dir='ltr'><strong>nan</strong></span> <span class='ocrx_word' id='word_1_627' title='bbox 1555 878 1595 923; x_wconf 90' lang='lat' dir='ltr'><strong>est</strong></span> <span class='ocrx_word' id='word_1_628' title='bbox 1621 889 1698 928; x_wconf 90' lang='grc'>444444</span> <span class='ocrx_word' id='word_1_629' title='bbox 1721 885 1821 944; x_wconf 88' lang='lat' dir='ltr'><strong>sapientia</strong></span> <span class='ocrx_word' id='word_1_630' title='bbox 1838 891 1869 940; x_wconf 84' lang='lat' dir='ltr'><strong>lat</strong></span> 
     </span>
     <span class='ocr_line' id='line_1_90' title="bbox 1119 925 1877 1006; baseline 0.034 -32"><span class='ocrx_word' id='word_1_631' title='bbox 1119 926 1205 985; x_wconf 83' lang='lat' dir='ltr'><strong>Quare</strong></span> <span class='ocrx_word' id='word_1_632' title='bbox 1216 929 1315 1002; x_wconf 32' lang='lat' dir='ltr'><strong>&#39;melior</strong></span> <span class='ocrx_word' id='word_1_633' title='bbox 1329 933 1363 982; x_wconf 91' lang='lat' dir='ltr'><strong>sit</strong></span> <span class='ocrx_word' id='word_1_634' title='bbox 1379 933 1439 982; x_wconf 86' lang='lat' dir='ltr'><strong>linis</strong></span> <span class='ocrx_word' id='word_1_635' title='bbox 1453 937 1592 993; x_wconf 89' lang='lat' dir='ltr'><strong>sermonis,</strong></span> <span class='ocrx_word' id='word_1_636' title='bbox 1618 949 1690 1000; x_wconf 89' lang='lat' dir='ltr'><strong>quam</strong></span> <span class='ocrx_word' id='word_1_637' title='bbox 1711 925 1829 1006; x_wconf 66' lang='lat' dir='ltr'><strong>exordiuui&#39;,</strong></span> <span class='ocrx_word' id='word_1_638' title='bbox 1839 925 1877 1000; x_wconf 71' lang='grc'><strong>444</strong></span> 
     </span>
     <span class='ocr_line' id='line_1_91' title="bbox 1150 991 1876 1068; baseline 0.03 -31"><span class='ocrx_word' id='word_1_639' title='bbox 1150 991 1222 1062; x_wconf 81' lang='lat' dir='ltr'><strong>Servi</strong></span> <span class='ocrx_word' id='word_1_640' title='bbox 1237 995 1371 1043; x_wconf 88' lang='lat' dir='ltr'><strong>interdum</strong></span> <span class='ocrx_word' id='word_1_641' title='bbox 1382 995 1471 1044; x_wconf 88' lang='lat' dir='ltr'><strong>subita</strong></span> <span class='ocrx_word' id='word_1_642' title='bbox 1482 1009 1497 1045; x_wconf 90' lang='lat' dir='ltr'><strong>a</strong></span> <span class='ocrx_word' id='word_1_643' title='bbox 1507 997 1613 1048; x_wconf 86' lang='lat' dir='ltr'><strong>diabalo</strong></span> <span class='ocrx_word' id='word_1_644' title='bbox 1623 1000 1735 1064; x_wconf 86' lang='lat' dir='ltr'><strong>dignitate</strong></span> <span class='ocrx_word' id='word_1_645' title='bbox 1745 1008 1830 1068; x_wconf 85' lang='grc'>44444444,</span> <span class='ocrx_word' id='word_1_646' title='bbox 1839 1013 1876 1062; x_wconf 84' lang='lat' dir='ltr'><strong>risi</strong></span> 
     </span>
     <span class='ocr_line' id='line_1_92' title="bbox 1119 1052 1877 1132; baseline 0.032 -33"><span class='ocrx_word' id='word_1_647' title='bbox 1119 1052 1240 1114; x_wconf 86' lang='lat' dir='ltr'><strong>publicas</strong></span> <span class='ocrx_word' id='word_1_648' title='bbox 1254 1058 1360 1106; x_wconf 89' lang='lat' dir='ltr'><strong>mannis</strong></span> <span class='ocrx_word' id='word_1_649' title='bbox 1370 1061 1476 1119; x_wconf 89' lang='lat' dir='ltr'><strong>larunt;</strong></span> <span class='ocrx_word' id='word_1_650' title='bbox 1488 1058 1551 1108; x_wconf 93' lang='lat' dir='ltr'><strong>dum</strong></span> <span class='ocrx_word' id='word_1_651' title='bbox 1562 1061 1653 1111; x_wconf 90' lang='lat' dir='ltr'><strong>nobilis</strong></span> <span class='ocrx_word' id='word_1_652' title='bbox 1662 1063 1714 1126; x_wconf 88' lang='lat' dir='ltr'><strong>quis</strong></span> <span class='ocrx_word' id='word_1_653' title='bbox 1732 1072 1877 1132; x_wconf 86' lang='lat' dir='ltr'><strong>ueetprudeni</strong></span> 
     </span>
     <span class='ocr_line' id='line_1_93' title="bbox 1118 1080 1876 1227; baseline 0.029 -65"><span class='ocrx_word' id='word_1_654' title='bbox 1118 1120 1275 1227; x_wconf 49' lang='lat' dir='ltr'><strong>giltlilgpelftiitc</strong></span> <span class='ocrx_word' id='word_1_655' title='bbox 1289 1131 1442 1182; x_wconf 88' lang='lat' dir='ltr'><strong>oppressus,</strong></span> <span class='ocrx_word' id='word_1_656' title='bbox 1456 1121 1576 1183; x_wconf 88' lang='lat' dir='ltr'><strong>graditur</strong></span> <span class='ocrx_word' id='word_1_657' title='bbox 1585 1123 1682 1186; x_wconf 88' lang='grc'>4444444,</span> <span class='ocrx_word' id='word_1_658' title='bbox 1692 1080 1876 1194; x_wconf 53' lang='lat' dir='ltr'><strong>officioqueseivo·</strong></span> 
     </span>
     <span class='ocr_line' id='line_1_94' title="bbox 1181 1195 1257 1234; baseline 0.013 -9"><span class='ocrx_word' id='word_1_659' title='bbox 1181 1215 1187 1234; x_wconf 92' lang='lat'><strong>,</strong></span> <span class='ocrx_word' id='word_1_660' title='bbox 1224 1195 1229 1226; x_wconf 91' lang='lat' dir='ltr'><strong>i</strong></span> <span class='ocrx_word' id='word_1_661' title='bbox 1252 1215 1257 1226; x_wconf 93' lang='lat'>.</span> 
     </span>
    </p>
   </div>
   <div class='ocr_carea' id='block_1_13' title="bbox 1111 1239 1889 2469">
    <p class='ocr_par' dir='ltr' id='par_1_22' title="bbox 1117 1239 1878 1362">
     <span class='ocr_line' id='line_1_95' title="bbox 1149 1239 1878 1354; baseline 0.027 -68"><span class='ocrx_word' id='word_1_662' title='bbox 1149 1239 1348 1354; x_wconf 47' lang='lat' dir='ltr'><strong>{iacgrggiioitur</strong></span> <span class='ocrx_word' id='word_1_663' title='bbox 1362 1243 1433 1306; x_wconf 88' lang='lat' dir='ltr'><strong>apud</strong></span> <span class='ocrx_word' id='word_1_664' title='bbox 1451 1243 1575 1294; x_wconf 84' lang='lat' dir='ltr'><strong>Hebraeos</strong></span> <span class='ocrx_word' id='word_1_665' title='bbox 1604 1259 1677 1298; x_wconf 88' lang='lat' dir='ltr'><strong>amne</strong></span> <span class='ocrx_word' id='word_1_666' title='bbox 1703 1251 1764 1313; x_wconf 92' lang='lat' dir='ltr'><strong>quod</strong></span> <span class='ocrx_word' id='word_1_667' title='bbox 1785 1254 1878 1307; x_wconf 88' lang='lat' dir='ltr'><strong>inebriare</strong></span> 
     </span>
     <span class='ocr_line' id='line_1_96' title="bbox 1117 1313 1267 1362; baseline 0 -14"><span class='ocrx_word' id='word_1_668' title='bbox 1117 1313 1213 1362; x_wconf 86' lang='grc'>4444,</span> <span class='ocrx_word' id='word_1_669' title='bbox 1264 1339 1267 1348; x_wconf 91' lang='grc'><strong>.</strong></span> 
     </span>
    </p>

    <p class='ocr_par' dir='ltr' id='par_1_23' title="bbox 1115 1361 1880 1620">
     <span class='ocr_line' id='line_1_97' title="bbox 1117 1361 1878 1474; baseline 0.025 -64"><span class='ocrx_word' id='word_1_670' title='bbox 1117 1361 1220 1474; x_wconf 58' lang='grc' dir='ltr'><strong>Μῗ4444</strong></span> <span class='ocrx_word' id='word_1_671' title='bbox 1234 1366 1289 1416; x_wconf 87' lang='lat' dir='ltr'><strong>sive</strong></span> <span class='ocrx_word' id='word_1_672' title='bbox 1305 1365 1418 1426; x_wconf 86' lang='lat' dir='ltr'><strong>Siebem,</strong></span> <span class='ocrx_word' id='word_1_673' title='bbox 1434 1367 1559 1432; x_wconf 76' lang='lat' dir='ltr'><strong>Neapolis</strong></span> <span class='ocrx_word' id='word_1_674' title='bbox 1569 1373 1609 1420; x_wconf 85' lang='lat' dir='ltr'><strong>eit</strong></span> <span class='ocrx_word' id='word_1_675' title='bbox 1624 1369 1683 1420; x_wconf 91' lang='grc'>4444</span> <span class='ocrx_word' id='word_1_676' title='bbox 1696 1372 1878 1436; x_wconf 83' lang='lat' dir='ltr'><strong>Samaritanorum,</strong></span> 
     </span>
     <span class='ocr_line' id='line_1_98' title="bbox 1146 1485 1880 1564; baseline 0.023 -29"><span class='ocrx_word' id='word_1_677' title='bbox 1146 1485 1230 1536; x_wconf 89' lang='lat' dir='ltr'><strong>Sielus</strong></span> <span class='ocrx_word' id='word_1_678' title='bbox 1246 1489 1339 1538; x_wconf 90' lang='lat' dir='ltr'><strong>Latino</strong></span> <span class='ocrx_word' id='word_1_679' title='bbox 1363 1503 1496 1552; x_wconf 91' lang='lat' dir='ltr'><strong>sermone,</strong></span> <span class='ocrx_word' id='word_1_680' title='bbox 1513 1491 1638 1543; x_wconf 80' lang='lat' dir='ltr'><strong>Hebraico</strong></span> <span class='ocrx_word' id='word_1_681' title='bbox 1664 1495 1750 1546; x_wconf 89' lang='lat' dir='ltr'><strong>dicitur</strong></span> <span class='ocrx_word' id='word_1_682' title='bbox 1771 1497 1835 1560; x_wconf 85' lang='lat' dir='ltr'><strong>Seeel,</strong></span> <span class='ocrx_word' id='word_1_683' title='bbox 1849 1504 1880 1564; x_wconf 91' lang='lat' dir='ltr'><strong>qul</strong></span> 
     </span>
     <span class='ocr_line' id='line_1_99' title="bbox 1115 1547 1497 1620; baseline 0.013 -23"><span class='ocrx_word' id='word_1_684' title='bbox 1115 1547 1195 1620; x_wconf 86' lang='lat' dir='ltr'><strong>babet</strong></span> <span class='ocrx_word' id='word_1_685' title='bbox 1210 1551 1294 1600; x_wconf 76' lang='lat' dir='ltr'><strong>unnim</strong></span> <span class='ocrx_word' id='word_1_686' title='bbox 1311 1551 1427 1614; x_wconf 87' lang='lat' dir='ltr'><strong>pondus,</strong></span> <span class='ocrx_word' id='word_1_687' title='bbox 1443 1555 1497 1603; x_wconf 87' lang='grc'>344.</span> 
     </span>
    </p>

    <p class='ocr_par' dir='ltr' id='par_1_24' title="bbox 1113 1611 1883 1924">
     <span class='ocr_line' id='line_1_100' title="bbox 1146 1611 1881 1682; baseline 0.024 -25"><span class='ocrx_word' id='word_1_688' title='bbox 1146 1611 1277 1662; x_wconf 88' lang='lat' dir='ltr'><strong>Simeonis</strong></span> <span class='ocrx_word' id='word_1_689' title='bbox 1291 1614 1377 1663; x_wconf 90' lang='lat' dir='ltr'><strong>tribua</strong></span> <span class='ocrx_word' id='word_1_690' title='bbox 1392 1613 1419 1663; x_wconf 89' lang='lat' dir='ltr'><strong>in</strong></span> <span class='ocrx_word' id='word_1_691' title='bbox 1435 1615 1524 1666; x_wconf 89' lang='lat' dir='ltr'><strong>medio</strong></span> <span class='ocrx_word' id='word_1_692' title='bbox 1539 1615 1626 1666; x_wconf 88' lang='lat' dir='ltr'><strong>tribus</strong></span> <span class='ocrx_word' id='word_1_693' title='bbox 1640 1618 1709 1668; x_wconf 82' lang='lat' dir='ltr'><strong>lude</strong></span> <span class='ocrx_word' id='word_1_694' title='bbox 1718 1619 1832 1682; x_wconf 81' lang='lat' dir='ltr'><strong>habitabat</strong></span> <span class='ocrx_word' id='word_1_695' title='bbox 1845 1627 1881 1676; x_wconf 89' lang='grc'>474.</span> 
     </span>
     <span class='ocr_line' id='line_1_101' title="bbox 1114 1672 1882 1785; baseline 0.017 -63"><span class='ocrx_word' id='word_1_696' title='bbox 1114 1672 1222 1785; x_wconf 48' lang='lat' dir='ltr'><strong>{gison</strong></span> <span class='ocrx_word' id='word_1_697' title='bbox 1239 1679 1265 1724; x_wconf 91' lang='lat' dir='ltr'><strong>et</strong></span> <span class='ocrx_word' id='word_1_698' title='bbox 1278 1676 1340 1725; x_wconf 87' lang='lat' dir='ltr'><strong>Levi</strong></span> <span class='ocrx_word' id='word_1_699' title='bbox 1355 1678 1489 1740; x_wconf 89' lang='lat' dir='ltr'><strong>propriam</strong></span> <span class='ocrx_word' id='word_1_700' title='bbox 1505 1677 1685 1730; x_wconf 75' lang='lat' dir='ltr'><strong>haereditatem</strong></span> <span class='ocrx_word' id='word_1_701' title='bbox 1698 1695 1746 1732; x_wconf 88' lang='lat' dir='ltr'><strong>non</strong></span> <span class='ocrx_word' id='word_1_702' title='bbox 1765 1692 1882 1748; x_wconf 87' lang='lat' dir='ltr'><strong>acceperuut</strong></span> 
     </span>
     <span class='ocr_line' id='line_1_102' title="bbox 1146 1797 1883 1864; baseline 0.016 -19"><span class='ocrx_word' id='word_1_703' title='bbox 1146 1797 1293 1847; x_wconf 87' lang='lat' dir='ltr'><strong>Simulaera</strong></span> <span class='ocrx_word' id='word_1_704' title='bbox 1307 1813 1323 1848; x_wconf 89' lang='lat' dir='ltr'><strong>a</strong></span> <span class='ocrx_word' id='word_1_705' title='bbox 1337 1799 1518 1864; x_wconf 89' lang='lat' dir='ltr'><strong>similitudine,</strong></span> <span class='ocrx_word' id='word_1_706' title='bbox 1544 1805 1571 1852; x_wconf 86' lang='lat' dir='ltr'><strong>st</strong></span> <span class='ocrx_word' id='word_1_707' title='bbox 1588 1803 1725 1855; x_wconf 86' lang='lat' dir='ltr'><strong>similitudo</strong></span> <span class='ocrx_word' id='word_1_708' title='bbox 1745 1807 1838 1857; x_wconf 88' lang='grc'>4444444</span> <span class='ocrx_word' id='word_1_709' title='bbox 1849 1822 1883 1857; x_wconf 85' lang='grc'><strong>44</strong></span> 
     </span>
     <span class='ocr_line' id='line_1_103' title="bbox 1113 1860 1671 1924; baseline 0.011 -16"><span class='ocrx_word' id='word_1_710' title='bbox 1113 1872 1175 1908; x_wconf 90' lang='lat' dir='ltr'><strong>men</strong></span> <span class='ocrx_word' id='word_1_711' title='bbox 1190 1860 1223 1909; x_wconf 90' lang='lat' dir='ltr'><strong>ab</strong></span> <span class='ocrx_word' id='word_1_712' title='bbox 1240 1861 1351 1912; x_wconf 77' lang='lat' dir='ltr'><strong>Hebraeo</strong></span> <span class='ocrx_word' id='word_1_713' title='bbox 1367 1862 1454 1912; x_wconf 86' lang='lat' dir='ltr'><strong>Semel</strong></span> <span class='ocrx_word' id='word_1_714' title='bbox 1469 1863 1615 1924; x_wconf 90' lang='lat' dir='ltr'><strong>derivatur,</strong></span> <span class='ocrx_word' id='word_1_715' title='bbox 1634 1869 1671 1914; x_wconf 86' lang='grc'><strong>33.</strong></span> 
     </span>
    </p>

    <p class='ocr_par' dir='ltr' id='par_1_25' title="bbox 1113 1921 1884 2056">
     <span class='ocr_line' id='line_1_104' title="bbox 1145 1921 1884 1992; baseline 0.014 -22"><span class='ocrx_word' id='word_1_716' title='bbox 1145 1921 1190 1970; x_wconf 91' lang='lat' dir='ltr'><strong>Sin</strong></span> <span class='ocrx_word' id='word_1_717' title='bbox 1205 1922 1367 1973; x_wconf 87' lang='lat' dir='ltr'><strong>elementum</strong></span> <span class='ocrx_word' id='word_1_718' title='bbox 1383 1925 1523 1974; x_wconf 90' lang='lat' dir='ltr'><strong>stridulum</strong></span> <span class='ocrx_word' id='word_1_719' title='bbox 1536 1927 1884 1992; x_wconf 80' lang='lat' dir='ltr'><strong>Eebraeorum,lsaacpaululun</strong></span> 
     </span>
     <span class='ocr_line' id='line_1_105' title="bbox 1113 1981 1793 2056; baseline 0.01 -24"><span class='ocrx_word' id='word_1_720' title='bbox 1113 1981 1262 2056; x_wconf 70' lang='lat' dir='ltr'><strong>declinant,</strong></span> <span class='ocrx_word' id='word_1_721' title='bbox 1281 1990 1368 2046; x_wconf 89' lang='grc'>44444</span> <span class='ocrx_word' id='word_1_722' title='bbox 1384 2001 1416 2037; x_wconf 88' lang='grc'><strong>44</strong></span> <span class='ocrx_word' id='word_1_723' title='bbox 1430 1987 1534 2037; x_wconf 68' lang='lat' dir='ltr'><strong>§amelli</strong></span> <span class='ocrx_word' id='word_1_724' title='bbox 1550 1992 1737 2053; x_wconf 84' lang='lat' dir='ltr'><strong>pronuntiavit,</strong></span> <span class='ocrx_word' id='word_1_725' title='bbox 1750 1993 1793 2042; x_wconf 86' lang='grc'>343.</span> 
     </span>
    </p>

    <p class='ocr_par' dir='ltr' id='par_1_26' title="bbox 1113 2045 1886 2172">
     <span class='ocr_line' id='line_1_106' title="bbox 1138 2045 1886 2116; baseline 0.011 -22"><span class='ocrx_word' id='word_1_726' title='bbox 1138 2045 1215 2116; x_wconf 36' lang='lat' dir='ltr'><strong>&#39;Sinai</strong></span> <span class='ocrx_word' id='word_1_727' title='bbox 1231 2061 1309 2097; x_wconf 89' lang='lat' dir='ltr'><strong>mons</strong></span> <span class='ocrx_word' id='word_1_728' title='bbox 1323 2048 1466 2112; x_wconf 90' lang='lat' dir='ltr'><strong>aliquando</strong></span> <span class='ocrx_word' id='word_1_729' title='bbox 1481 2063 1559 2100; x_wconf 90' lang='lat' dir='ltr'><strong>mons</strong></span> <span class='ocrx_word' id='word_1_730' title='bbox 1575 2053 1664 2102; x_wconf 84' lang='lat' dir='ltr'><strong>Horeb</strong></span> <span class='ocrx_word' id='word_1_731' title='bbox 1677 2053 1763 2103; x_wconf 89' lang='lat' dir='ltr'><strong>dicitur</strong></span> <span class='ocrx_word' id='word_1_732' title='bbox 1778 2054 1886 2103; x_wconf 87' lang='lat' dir='ltr'><strong>secundun</strong></span> 
     </span>
     <span class='ocr_line' id='line_1_107' title="bbox 1113 2110 1383 2172; baseline 0.007 -14"><span class='ocrx_word' id='word_1_733' title='bbox 1113 2110 1314 2172; x_wconf 87' lang='lat' dir='ltr'><strong>Hieronymum,</strong></span> <span class='ocrx_word' id='word_1_734' title='bbox 1331 2114 1383 2160; x_wconf 81' lang='lat' dir='ltr'><strong>llll.</strong></span> 
     </span>
    </p>

    <p class='ocr_par' dir='ltr' id='par_1_27' title="bbox 1143 2170 1693 2233">
     <span class='ocr_line' id='line_1_108' title="bbox 1143 2170 1693 2233; baseline 0.013 -16"><span class='ocrx_word' id='word_1_735' title='bbox 1143 2170 1243 2220; x_wconf 88' lang='lat' dir='ltr'><strong>Soccbo</strong></span> <span class='ocrx_word' id='word_1_736' title='bbox 1259 2171 1418 2222; x_wconf 87' lang='lat' dir='ltr'><strong>Samaritani</strong></span> <span class='ocrx_word' id='word_1_737' title='bbox 1433 2173 1622 2233; x_wconf 84' lang='lat' dir='ltr'><strong>condiderunt.</strong></span> <span class='ocrx_word' id='word_1_738' title='bbox 1641 2177 1693 2228; x_wconf 83' lang='grc'>374.</span> 
     </span>
    </p>

    <p class='ocr_par' dir='ltr' id='par_1_28' title="bbox 1111 2231 1889 2469">
     <span class='ocr_line' id='line_1_109' title="bbox 1141 2231 1887 2302; baseline 0.005 -20"><span class='ocrx_word' id='word_1_739' title='bbox 1141 2231 1184 2282; x_wconf 88' lang='grc'><strong>844</strong></span> <span class='ocrx_word' id='word_1_740' title='bbox 1198 2234 1334 2283; x_wconf 88' lang='lat' dir='ltr'><strong>interitum</strong></span> <span class='ocrx_word' id='word_1_741' title='bbox 1350 2235 1442 2285; x_wconf 89' lang='lat' dir='ltr'><strong>muudi</strong></span> <span class='ocrx_word' id='word_1_742' title='bbox 1458 2240 1516 2285; x_wconf 91' lang='lat' dir='ltr'><strong>ortu</strong></span> <span class='ocrx_word' id='word_1_743' title='bbox 1534 2251 1582 2286; x_wconf 91' lang='lat' dir='ltr'><strong>suo</strong></span> <span class='ocrx_word' id='word_1_744' title='bbox 1596 2238 1714 2302; x_wconf 87' lang='lat' dir='ltr'><strong>quotidie</strong></span> <span class='ocrx_word' id='word_1_745' title='bbox 1726 2237 1817 2295; x_wconf 83' lang='lat' dir='ltr'><strong>indicat,</strong></span> <span class='ocrx_word' id='word_1_746' title='bbox 1829 2241 1848 2286; x_wconf 90' lang='lat' dir='ltr'><strong>at</strong></span> <span class='ocrx_word' id='word_1_747' title='bbox 1858 2251 1887 2286; x_wconf 79' lang='lat' dir='ltr'><strong>aa</strong></span> 
     </span>
     <span class='ocr_line' id='line_1_110' title="bbox 1112 2295 1889 2361; baseline 0.004 -17"><span class='ocrx_word' id='word_1_748' title='bbox 1112 2309 1183 2353; x_wconf 86' lang='lat' dir='ltr'><strong>casn,</strong></span> <span class='ocrx_word' id='word_1_749' title='bbox 1196 2297 1250 2344; x_wconf 90' lang='grc'>337.</span> <span class='ocrx_word' id='word_1_750' title='bbox 1262 2295 1375 2354; x_wconf 87' lang='lat' dir='ltr'><strong>Quando</strong></span> <span class='ocrx_word' id='word_1_751' title='bbox 1385 2311 1433 2361; x_wconf 92' lang='lat' dir='ltr'><strong>per</strong></span> <span class='ocrx_word' id='word_1_752' title='bbox 1444 2302 1564 2348; x_wconf 90' lang='lat' dir='ltr'><strong>austrum</strong></span> <span class='ocrx_word' id='word_1_753' title='bbox 1575 2301 1667 2358; x_wconf 89' lang='lat' dir='ltr'><strong>currit,</strong></span> <span class='ocrx_word' id='word_1_754' title='bbox 1680 2300 1779 2350; x_wconf 78' lang='lat' dir='ltr'><strong>vicinior</strong></span> <span class='ocrx_word' id='word_1_755' title='bbox 1788 2303 1889 2356; x_wconf 77' lang='grc'>44444444</span> 
     </span>
     <span class='ocr_line' id='line_1_111' title="bbox 1111 2357 1889 2469; baseline 0.005 -63"><span class='ocrx_word' id='word_1_756' title='bbox 1111 2357 1219 2422; x_wconf 89' lang='lat' dir='ltr'><strong>quaudo</strong></span> <span class='ocrx_word' id='word_1_757' title='bbox 1236 2371 1282 2422; x_wconf 90' lang='grc'><strong>444</strong></span> <span class='ocrx_word' id='word_1_758' title='bbox 1295 2359 1455 2469; x_wconf 62' lang='lat' dir='ltr'><strong>aquilonem,</strong></span> <span class='ocrx_word' id='word_1_759' title='bbox 1472 2360 1576 2410; x_wconf 90' lang='lat' dir='ltr'><strong>sublimi</strong></span> <span class='ocrx_word' id='word_1_760' title='bbox 1600 2363 1736 2422; x_wconf 87' lang='lat' dir='ltr'><strong>attollitur,</strong></span> <span class='ocrx_word' id='word_1_761' title='bbox 1754 2362 1799 2412; x_wconf 85' lang='grc'>339.</span> <span class='ocrx_word' id='word_1_762' title='bbox 1812 2362 1889 2410; x_wconf 84' lang='lat' dir='ltr'><strong>Unaat·</strong></span> 
     </span>
    </p>
   </div>
   <div class='ocr_carea' id='block_1_14' title="bbox 1108 2421 1985 4156">
    <p class='ocr_par' dir='ltr' id='par_1_29' title="bbox 1108 2421 1985 4156">
     <span class='ocr_line' id='line_1_112' title="bbox 1111 2421 1888 2531; baseline 0.003 -63"><span class='ocrx_word' id='word_1_763' title='bbox 1111 2433 1163 2530; x_wconf 59' lang='lat' dir='ltr'><strong>que</strong></span> <span class='ocrx_word' id='word_1_764' title='bbox 1179 2421 1270 2531; x_wconf 57' lang='lat' dir='ltr'><strong>efflem</strong></span> <span class='ocrx_word' id='word_1_765' title='bbox 1286 2434 1315 2470; x_wconf 92' lang='lat' dir='ltr'><strong>so</strong></span> <span class='ocrx_word' id='word_1_766' title='bbox 1326 2425 1349 2470; x_wconf 90' lang='lat' dir='ltr'><strong>is</strong></span> <span class='ocrx_word' id='word_1_767' title='bbox 1362 2422 1483 2484; x_wconf 86' lang='lat' dir='ltr'><strong>operatio</strong></span> <span class='ocrx_word' id='word_1_768' title='bbox 1497 2423 1637 2486; x_wconf 80' lang='lat' dir='ltr'><strong>liquefacit</strong></span> <span class='ocrx_word' id='word_1_769' title='bbox 1650 2437 1743 2486; x_wconf 91' lang='lat' dir='ltr'><strong>ceram,</strong></span> <span class='ocrx_word' id='word_1_770' title='bbox 1757 2427 1780 2473; x_wconf 92' lang='lat' dir='ltr'><strong>et</strong></span> <span class='ocrx_word' id='word_1_771' title='bbox 1790 2422 1852 2472; x_wconf 88' lang='lat' dir='ltr'><strong>siccat</strong></span> <span class='ocrx_word' id='word_1_772' title='bbox 1862 2422 1888 2471; x_wconf 91' lang='lat' dir='ltr'><strong>lu·</strong></span> 
     </span>
     <span class='ocr_line' id='line_1_113' title="bbox 1126 2493 1247 2540; baseline 0 -11"><span class='ocrx_word' id='word_1_773' title='bbox 1126 2493 1179 2540; x_wconf 91' lang='lat' dir='ltr'><strong>um,</strong></span> <span class='ocrx_word' id='word_1_774' title='bbox 1241 2518 1247 2529; x_wconf 88' lang='lat'>.</span> 
     </span>
     <span class='ocr_line' id='line_1_114' title="bbox 1143 2543 1892 2604; baseline 0 -12"><span class='ocrx_word' id='word_1_775' title='bbox 1143 2543 1332 2593; x_wconf 73' lang='lat' dir='ltr'><strong>sollicitudinis</strong></span> <span class='ocrx_word' id='word_1_776' title='bbox 1361 2559 1441 2594; x_wconf 86' lang='lat' dir='ltr'><strong>causa</strong></span> <span class='ocrx_word' id='word_1_777' title='bbox 1454 2549 1480 2594; x_wconf 92' lang='grc'><strong>44</strong></span> <span class='ocrx_word' id='word_1_778' title='bbox 1504 2545 1675 2597; x_wconf 88' lang='lat' dir='ltr'><strong>distentionis</strong></span> <span class='ocrx_word' id='word_1_779' title='bbox 1701 2559 1752 2596; x_wconf 92' lang='lat' dir='ltr'><strong>non</strong></span> <span class='ocrx_word' id='word_1_780' title='bbox 1770 2546 1835 2596; x_wconf 88' lang='lat' dir='ltr'><strong>estin</strong></span> <span class='ocrx_word' id='word_1_781' title='bbox 1848 2545 1892 2604; x_wconf 86' lang='lat' dir='ltr'><strong>beo,</strong></span> 
     </span>
     <span class='ocr_line' id='line_1_115' title="bbox 1111 2606 1775 2672; baseline 0.003 -18"><span class='ocrx_word' id='word_1_782' title='bbox 1111 2606 1157 2655; x_wconf 89' lang='lat' dir='ltr'><strong>sed</strong></span> <span class='ocrx_word' id='word_1_783' title='bbox 1170 2607 1199 2654; x_wconf 90' lang='lat' dir='ltr'><strong>iii</strong></span> <span class='ocrx_word' id='word_1_784' title='bbox 1212 2607 1257 2654; x_wconf 90' lang='lat' dir='ltr'><strong>illo</strong></span> <span class='ocrx_word' id='word_1_785' title='bbox 1275 2607 1320 2670; x_wconf 93' lang='lat' dir='ltr'><strong>qui</strong></span> <span class='ocrx_word' id='word_1_786' title='bbox 1335 2611 1430 2669; x_wconf 87' lang='lat' dir='ltr'><strong>sponte</strong></span> <span class='ocrx_word' id='word_1_787' title='bbox 1444 2621 1494 2656; x_wconf 91' lang='lat' dir='ltr'><strong>sua</strong></span> <span class='ocrx_word' id='word_1_788' title='bbox 1508 2613 1569 2659; x_wconf 90' lang='lat' dir='ltr'><strong>ante</strong></span> <span class='ocrx_word' id='word_1_789' title='bbox 1584 2609 1711 2672; x_wconf 86' lang='lat' dir='ltr'><strong>peccavit,</strong></span> <span class='ocrx_word' id='word_1_790' title='bbox 1726 2613 1775 2658; x_wconf 86' lang='grc'>447.</span> 
     </span>
     <span class='ocr_line' id='line_1_116' title="bbox 1143 2667 1892 2734; baseline 0 -18"><span class='ocrx_word' id='word_1_791' title='bbox 1143 2668 1258 2716; x_wconf 87' lang='grc'>84444444</span> <span class='ocrx_word' id='word_1_792' title='bbox 1273 2669 1317 2732; x_wconf 93' lang='lat' dir='ltr'><strong>qui</strong></span> <span class='ocrx_word' id='word_1_793' title='bbox 1332 2669 1424 2728; x_wconf 89' lang='lat' dir='ltr'><strong>credit,</strong></span> <span class='ocrx_word' id='word_1_794' title='bbox 1441 2671 1551 2719; x_wconf 85' lang='lat' dir='ltr'><strong>vanitati</strong></span> <span class='ocrx_word' id='word_1_795' title='bbox 1572 2685 1599 2721; x_wconf 89' lang='lat' dir='ltr'><strong>se</strong></span> <span class='ocrx_word' id='word_1_796' title='bbox 1615 2676 1644 2722; x_wconf 90' lang='grc'><strong>44</strong></span> <span class='ocrx_word' id='word_1_797' title='bbox 1657 2671 1759 2734; x_wconf 88' lang='grc'>44444444</span> <span class='ocrx_word' id='word_1_798' title='bbox 1769 2667 1842 2726; x_wconf 88' lang='lat' dir='ltr'><strong>tradit,</strong></span> <span class='ocrx_word' id='word_1_799' title='bbox 1853 2669 1892 2718; x_wconf 83' lang='lat' dir='ltr'><strong>iii.</strong></span> 
     </span>
     <span class='ocr_line' id='line_1_117' title="bbox 1143 2731 1893 2796; baseline -0.001 -17"><span class='ocrx_word' id='word_1_800' title='bbox 1143 2731 1387 2794; x_wconf 87' lang='lat' dir='ltr'><strong>Sontbomphanec,</strong></span> <span class='ocrx_word' id='word_1_801' title='bbox 1402 2733 1457 2780; x_wconf 87' lang='lat' dir='ltr'><strong>slve</strong></span> <span class='ocrx_word' id='word_1_802' title='bbox 1474 2732 1628 2796; x_wconf 89' lang='lat' dir='ltr'><strong>Sapbanetb</strong></span> <span class='ocrx_word' id='word_1_803' title='bbox 1644 2735 1754 2794; x_wconf 88' lang='lat' dir='ltr'><strong>Pbanee,</strong></span> <span class='ocrx_word' id='word_1_804' title='bbox 1777 2732 1893 2792; x_wconf 83' lang='lat' dir='ltr'><strong>interpreta-</strong></span> 
     </span>
     <span class='ocr_line' id='line_1_118' title="bbox 1111 2791 1892 2903; baseline -0.003 -62"><span class='ocrx_word' id='word_1_805' title='bbox 1111 2792 1191 2903; x_wconf 57' lang='lat' dir='ltr'><strong>bgtur</strong></span> <span class='ocrx_word' id='word_1_806' title='bbox 1201 2793 1234 2902; x_wconf 54' lang='lat' dir='ltr'><strong>ald</strong></span> <span class='ocrx_word' id='word_1_807' title='bbox 1243 2791 1370 2857; x_wconf 77' lang='lat' dir='ltr'><strong>digyptiis</strong></span> <span class='ocrx_word' id='word_1_808' title='bbox 1382 2793 1502 2843; x_wconf 85' lang='lat' dir='ltr'><strong>Salvator</strong></span> <span class='ocrx_word' id='word_1_809' title='bbox 1510 2795 1613 2856; x_wconf 90' lang='lat' dir='ltr'><strong>mundi,</strong></span> <span class='ocrx_word' id='word_1_810' title='bbox 1628 2799 1666 2845; x_wconf 91' lang='grc'><strong>47.</strong></span> <span class='ocrx_word' id='word_1_811' title='bbox 1682 2795 1757 2857; x_wconf 69' lang='grc'>474444</span> <span class='ocrx_word' id='word_1_812' title='bbox 1767 2793 1892 2842; x_wconf 79' lang='grc'>34444444-</span> 
     </span>
     <span class='ocr_line' id='line_1_119' title="bbox 1150 2868 1244 2904; baseline 0.011 -1"><span class='ocrx_word' id='word_1_813' title='bbox 1150 2868 1215 2903; x_wconf 87' lang='grc'>4444</span> <span class='ocrx_word' id='word_1_814' title='bbox 1238 2891 1244 2904; x_wconf 91' lang='grc'><strong>.</strong></span> 
     </span>
     <span class='ocr_line' id='line_1_120' title="bbox 1112 2868 1894 2981; baseline -0.004 -15"><span class='ocrx_word' id='word_1_815' title='bbox 1112 2868 1127 2918; x_wconf 69' lang='lat' dir='ltr'>p</span> <span class='ocrx_word' id='word_1_816' title='bbox 1143 2917 1264 2980; x_wconf 90' lang='lat' dir='ltr'><strong>Spiritus.</strong></span> <span class='ocrx_word' id='word_1_817' title='bbox 1279 2916 1356 2979; x_wconf 78' lang='lat' dir='ltr'><strong>Apud</strong></span> <span class='ocrx_word' id='word_1_818' title='bbox 1373 2917 1499 2967; x_wconf 72' lang='lat' dir='ltr'><strong>Hebraeos</strong></span> <span class='ocrx_word' id='word_1_819' title='bbox 1513 2921 1539 2968; x_wconf 91' lang='lat' dir='ltr'><strong>et</strong></span> <span class='ocrx_word' id='word_1_820' title='bbox 1553 2918 1672 2981; x_wconf 84' lang='lat' dir='ltr'><strong>spiritus,</strong></span> <span class='ocrx_word' id='word_1_821' title='bbox 1686 2924 1712 2968; x_wconf 89' lang='lat' dir='ltr'><strong>et</strong></span> <span class='ocrx_word' id='word_1_822' title='bbox 1726 2922 1811 2968; x_wconf 86' lang='lat' dir='ltr'><strong>ventus</strong></span> <span class='ocrx_word' id='word_1_823' title='bbox 1830 2914 1894 2964; x_wconf 89' lang='lat' dir='ltr'><strong>simili·</strong></span> 
     </span>
     <span class='ocr_line' id='line_1_121' title="bbox 1111 2976 1985 3044; baseline -0.002 -18"><span class='ocrx_word' id='word_1_824' title='bbox 1111 2981 1153 3028; x_wconf 91' lang='lat' dir='ltr'><strong>ter</strong></span> <span class='ocrx_word' id='word_1_825' title='bbox 1168 2978 1335 3041; x_wconf 88' lang='lat' dir='ltr'><strong>appellantur</strong></span> <span class='ocrx_word' id='word_1_826' title='bbox 1350 2979 1434 3040; x_wconf 87' lang='lat' dir='ltr'><strong>Ruba,</strong></span> <span class='ocrx_word' id='word_1_827' title='bbox 1451 2981 1504 3030; x_wconf 87' lang='grc'>439.</span> <span class='ocrx_word' id='word_1_828' title='bbox 1521 2979 1635 3044; x_wconf 84' lang='grc'>34444444</span> <span class='ocrx_word' id='word_1_829' title='bbox 1651 2984 1757 3031; x_wconf 85' lang='grc'>4444444</span> <span class='ocrx_word' id='word_1_830' title='bbox 1770 2993 1785 3028; x_wconf 86' lang='grc'><strong>4</strong></span> <span class='ocrx_word' id='word_1_831' title='bbox 1796 2976 1894 3041; x_wconf 86' lang='lat' dir='ltr'><strong>principio</strong></span> <span class='ocrx_word' id='word_1_832' title='bbox 1984 2981 1985 2988; x_wconf 77' lang='grc'>’</span> 
     </span>
     <span class='ocr_line' id='line_1_122' title="bbox 1111 3040 1620 3102; baseline 0.006 -12"><span class='ocrx_word' id='word_1_833' title='bbox 1111 3040 1265 3099; x_wconf 83' lang='lat' dir='ltr'><strong>vivificator,</strong></span> <span class='ocrx_word' id='word_1_834' title='bbox 1281 3040 1412 3101; x_wconf 90' lang='lat' dir='ltr'><strong>conditor,</strong></span> <span class='ocrx_word' id='word_1_835' title='bbox 1429 3045 1454 3092; x_wconf 90' lang='grc'><strong>44</strong></span> <span class='ocrx_word' id='word_1_836' title='bbox 1469 3043 1549 3102; x_wconf 87' lang='lat' dir='ltr'><strong>Deus,</strong></span> <span class='ocrx_word' id='word_1_837' title='bbox 1565 3045 1620 3093; x_wconf 87' lang='grc'>346.</span> 
     </span>
     <span class='ocr_line' id='line_1_123' title="bbox 1142 3101 1873 3170; baseline -0.005 -18"><span class='ocrx_word' id='word_1_838' title='bbox 1142 3103 1238 3166; x_wconf 84' lang='grc'>844444</span> <span class='ocrx_word' id='word_1_839' title='bbox 1253 3103 1336 3152; x_wconf 90' lang='lat' dir='ltr'><strong>divini</strong></span> <span class='ocrx_word' id='word_1_840' title='bbox 1350 3104 1485 3166; x_wconf 90' lang='lat' dir='ltr'><strong>quomodo</strong></span> <span class='ocrx_word' id='word_1_841' title='bbox 1497 3105 1638 3170; x_wconf 84' lang='lat' dir='ltr'><strong>jungimur</strong></span> <span class='ocrx_word' id='word_1_842' title='bbox 1653 3103 1820 3168; x_wconf 87' lang='lat' dir='ltr'><strong>amplexibus,</strong></span> <span class='ocrx_word' id='word_1_843' title='bbox 1833 3101 1873 3150; x_wconf 87' lang='grc'>343.</span> 
     </span>
     <span class='ocr_line' id='line_1_124' title="bbox 1142 3164 1898 3230; baseline -0.009 -15"><span class='ocrx_word' id='word_1_844' title='bbox 1142 3165 1256 3215; x_wconf 87' lang='lat' dir='ltr'><strong>Stultitia</strong></span> <span class='ocrx_word' id='word_1_845' title='bbox 1270 3166 1387 3215; x_wconf 88' lang='lat' dir='ltr'><strong>caruisse</strong></span> <span class='ocrx_word' id='word_1_846' title='bbox 1401 3167 1530 3229; x_wconf 89' lang='lat' dir='ltr'><strong>sapientia</strong></span> <span class='ocrx_word' id='word_1_847' title='bbox 1544 3168 1631 3230; x_wconf 88' lang='lat' dir='ltr'><strong>prima</strong></span> <span class='ocrx_word' id='word_1_848' title='bbox 1644 3171 1693 3228; x_wconf 84' lang='lat' dir='ltr'><strong>est,</strong></span> <span class='ocrx_word' id='word_1_849' title='bbox 1716 3164 1817 3216; x_wconf 89' lang='lat' dir='ltr'><strong>stultitia</strong></span> <span class='ocrx_word' id='word_1_850' title='bbox 1835 3165 1898 3212; x_wconf 79' lang='lat' dir='ltr'><strong>subu</strong></span> 
     </span>
     <span class='ocr_line' id='line_1_125' title="bbox 1111 3221 1901 3293; baseline -0.006 -18"><span class='ocrx_word' id='word_1_851' title='bbox 1111 3239 1200 3277; x_wconf 88' lang='lat' dir='ltr'><strong>carere</strong></span> <span class='ocrx_word' id='word_1_852' title='bbox 1216 3239 1271 3276; x_wconf 85' lang='lat' dir='ltr'><strong>non</strong></span> <span class='ocrx_word' id='word_1_853' title='bbox 1286 3232 1383 3290; x_wconf 88' lang='lat' dir='ltr'><strong>potest.</strong></span> <span class='ocrx_word' id='word_1_854' title='bbox 1399 3229 1450 3278; x_wconf 91' lang='lat' dir='ltr'><strong>nisi</strong></span> <span class='ocrx_word' id='word_1_855' title='bbox 1467 3230 1514 3293; x_wconf 92' lang='lat' dir='ltr'><strong>qui</strong></span> <span class='ocrx_word' id='word_1_856' title='bbox 1528 3229 1689 3280; x_wconf 81' lang='lat' dir='ltr'><strong>intellexerit</strong></span> <span class='ocrx_word' id='word_1_857' title='bbox 1712 3241 1777 3287; x_wconf 89' lang='lat' dir='ltr'><strong>eam,</strong></span> <span class='ocrx_word' id='word_1_858' title='bbox 1790 3227 1836 3277; x_wconf 77' lang='grc'>333.</span> <span class='ocrx_word' id='word_1_859' title='bbox 1850 3221 1901 3272; x_wconf 87' lang='grc'>8444·</span> 
     </span>
     <span class='ocr_line' id='line_1_126' title="bbox 1110 3285 1902 3354; baseline -0.005 -17"><span class='ocrx_word' id='word_1_860' title='bbox 1110 3289 1270 3339; x_wconf 88' lang='lat' dir='ltr'><strong>tiliacontra</strong></span> <span class='ocrx_word' id='word_1_861' title='bbox 1280 3289 1438 3353; x_wconf 89' lang='lat' dir='ltr'><strong>sapientiam</strong></span> <span class='ocrx_word' id='word_1_862' title='bbox 1448 3291 1546 3341; x_wconf 89' lang='lat' dir='ltr'><strong>bellum</strong></span> <span class='ocrx_word' id='word_1_863' title='bbox 1557 3293 1635 3354; x_wconf 91' lang='lat' dir='ltr'><strong>gerit,</strong></span> <span class='ocrx_word' id='word_1_864' title='bbox 1644 3296 1672 3342; x_wconf 89' lang='lat' dir='ltr'><strong>st</strong></span> <span class='ocrx_word' id='word_1_865' title='bbox 1701 3285 1902 3354; x_wconf 84' lang='lat' dir='ltr'><strong>nidquidprudeu-</strong></span> 
     </span>
     <span class='ocr_line' id='line_1_127' title="bbox 1109 3305 1902 3414; baseline -0.009 -13"><span class='ocrx_word' id='word_1_866' title='bbox 1109 3351 1154 3401; x_wconf 82' lang='lat' dir='ltr'><strong>tim</strong></span> <span class='ocrx_word' id='word_1_867' title='bbox 1168 3352 1196 3400; x_wconf 92' lang='lat' dir='ltr'><strong>in</strong></span> <span class='ocrx_word' id='word_1_868' title='bbox 1223 3351 1301 3402; x_wconf 89' lang='lat' dir='ltr'><strong>docto</strong></span> <span class='ocrx_word' id='word_1_869' title='bbox 1325 3353 1384 3402; x_wconf 91' lang='lat' dir='ltr'><strong>viro</strong></span> <span class='ocrx_word' id='word_1_870' title='bbox 1399 3353 1504 3414; x_wconf 87' lang='lat' dir='ltr'><strong>viderit,</strong></span> <span class='ocrx_word' id='word_1_871' title='bbox 1520 3355 1576 3403; x_wconf 81' lang='lat' dir='ltr'><strong>zela</strong></span> <span class='ocrx_word' id='word_1_872' title='bbox 1601 3305 1738 3404; x_wconf 47' lang='lat' dir='ltr'><strong>atimuffeta</strong></span> <span class='ocrx_word' id='word_1_873' title='bbox 1760 3363 1810 3401; x_wconf 90' lang='lat' dir='ltr'><strong>non</strong></span> <span class='ocrx_word' id='word_1_874' title='bbox 1826 3347 1902 3410; x_wconf 75' lang='lat' dir='ltr'><strong>recipit,</strong></span> 
     </span>
     <span class='ocr_line' id='line_1_128' title="bbox 1110 3407 1903 3479; baseline -0.01 -15"><span class='ocrx_word' id='word_1_875' title='bbox 1110 3415 1163 3464; x_wconf 88' lang='grc'>474.</span> <span class='ocrx_word' id='word_1_876' title='bbox 1180 3413 1259 3464; x_wconf 90' lang='lat' dir='ltr'><strong>Stulti</strong></span> <span class='ocrx_word' id='word_1_877' title='bbox 1274 3428 1306 3463; x_wconf 82' lang='lat' dir='ltr'><strong>ex</strong></span> <span class='ocrx_word' id='word_1_878' title='bbox 1322 3427 1370 3464; x_wconf 87' lang='lat' dir='ltr'><strong>suo</strong></span> <span class='ocrx_word' id='word_1_879' title='bbox 1385 3416 1494 3479; x_wconf 86' lang='lat' dir='ltr'><strong>ingenio</strong></span> <span class='ocrx_word' id='word_1_880' title='bbox 1509 3414 1650 3466; x_wconf 85' lang='lat' dir='ltr'><strong>universos</strong></span> <span class='ocrx_word' id='word_1_881' title='bbox 1659 3415 1787 3479; x_wconf 85' lang='lat' dir='ltr'><strong>judicant,</strong></span> <span class='ocrx_word' id='word_1_882' title='bbox 1798 3413 1843 3462; x_wconf 84' lang='grc'>433.</span> <span class='ocrx_word' id='word_1_883' title='bbox 1853 3407 1903 3478; x_wconf 76' lang='grc'>3444</span> 
     </span>
     <span class='ocr_line' id='line_1_129' title="bbox 1110 3475 1904 3550; baseline -0.008 -26"><span class='ocrx_word' id='word_1_884' title='bbox 1110 3475 1240 3525; x_wconf 89' lang='grc'>4444444</span> <span class='ocrx_word' id='word_1_885' title='bbox 1255 3475 1373 3534; x_wconf 91' lang='lat' dir='ltr'><strong>doctum,</strong></span> <span class='ocrx_word' id='word_1_886' title='bbox 1388 3478 1417 3526; x_wconf 93' lang='lat' dir='ltr'><strong>in</strong></span> <span class='ocrx_word' id='word_1_887' title='bbox 1436 3491 1467 3527; x_wconf 90' lang='grc'><strong>44</strong></span> <span class='ocrx_word' id='word_1_888' title='bbox 1495 3491 1524 3527; x_wconf 83' lang='grc'><strong>44</strong></span> <span class='ocrx_word' id='word_1_889' title='bbox 1551 3481 1629 3550; x_wconf 86' lang='grc'>44444</span> <span class='ocrx_word' id='word_1_890' title='bbox 1657 3492 1717 3528; x_wconf 85' lang='lat' dir='ltr'><strong>esee</strong></span> <span class='ocrx_word' id='word_1_891' title='bbox 1745 3475 1904 3542; x_wconf 71' lang='lat' dir='ltr'><strong>sapientemsi</strong></span> 
     </span>
     <span class='ocr_line' id='line_1_130' title="bbox 1109 3533 1904 3605; baseline -0.009 -18"><span class='ocrx_word' id='word_1_892' title='bbox 1109 3538 1190 3588; x_wconf 88' lang='lat' dir='ltr'><strong>verba</strong></span> <span class='ocrx_word' id='word_1_893' title='bbox 1206 3537 1371 3602; x_wconf 90' lang='lat' dir='ltr'><strong>multiplicet,</strong></span> <span class='ocrx_word' id='word_1_894' title='bbox 1386 3541 1442 3590; x_wconf 84' lang='grc'>475.</span> <span class='ocrx_word' id='word_1_895' title='bbox 1458 3539 1535 3589; x_wconf 89' lang='lat' dir='ltr'><strong>Stulti</strong></span> <span class='ocrx_word' id='word_1_896' title='bbox 1550 3553 1578 3589; x_wconf 92' lang='grc'><strong>44</strong></span> <span class='ocrx_word' id='word_1_897' title='bbox 1592 3539 1643 3590; x_wconf 86' lang='grc'><strong>444</strong></span> <span class='ocrx_word' id='word_1_898' title='bbox 1655 3539 1755 3591; x_wconf 77' lang='lat' dir='ltr'><strong>saeculo</strong></span> <span class='ocrx_word' id='word_1_899' title='bbox 1769 3535 1852 3588; x_wconf 86' lang='lat' dir='ltr'><strong>alesia</strong></span> <span class='ocrx_word' id='word_1_900' title='bbox 1862 3533 1904 3605; x_wconf 84' lang='lat' dir='ltr'><strong>dia·</strong></span> 
     </span>
     <span class='ocr_line' id='line_1_131' title="bbox 1108 3595 1985 3666; baseline -0.009 -16"><span class='ocrx_word' id='word_1_901' title='bbox 1108 3600 1163 3650; x_wconf 92' lang='lat' dir='ltr'><strong>boli</strong></span> <span class='ocrx_word' id='word_1_902' title='bbox 1179 3600 1363 3660; x_wconf 80' lang='lat' dir='ltr'><strong>sublevantur,</strong></span> <span class='ocrx_word' id='word_1_903' title='bbox 1379 3601 1442 3652; x_wconf 91' lang='lat' dir='ltr'><strong>dum</strong></span> <span class='ocrx_word' id='word_1_904' title='bbox 1458 3601 1600 3666; x_wconf 90' lang='lat' dir='ltr'><strong>principes,</strong></span> <span class='ocrx_word' id='word_1_905' title='bbox 1616 3615 1758 3654; x_wconf 89' lang='lat' dir='ltr'><strong>servorum</strong></span> <span class='ocrx_word' id='word_1_906' title='bbox 1781 3595 1904 3662; x_wconf 83' lang='lat' dir='ltr'><strong>ingrediun-</strong></span> <span class='ocrx_word' id='word_1_907' title='bbox 1984 3621 1985 3634; x_wconf 55' lang='lat' dir='ltr'><strong>i</strong></span> 
     </span>
     <span class='ocr_line' id='line_1_132' title="bbox 1109 3662 1905 3724; baseline 0.001 -12"><span class='ocrx_word' id='word_1_908' title='bbox 1109 3665 1154 3712; x_wconf 93' lang='lat' dir='ltr'><strong>tur</strong></span> <span class='ocrx_word' id='word_1_909' title='bbox 1166 3662 1279 3722; x_wconf 86' lang='lat' dir='ltr'><strong>vilitate,</strong></span> <span class='ocrx_word' id='word_1_910' title='bbox 1293 3664 1349 3713; x_wconf 83' lang='lat'><strong>395.</strong></span> <span class='ocrx_word' id='word_1_911' title='bbox 1902 3718 1905 3724; x_wconf 27' lang='lat'><strong>¹</strong></span> 
     </span>
     <span class='ocr_line' id='line_1_133' title="bbox 1140 3723 1906 3792; baseline -0.008 -18"><span class='ocrx_word' id='word_1_912' title='bbox 1140 3723 1278 3788; x_wconf 90' lang='lat' dir='ltr'><strong>Superbia.</strong></span> <span class='ocrx_word' id='word_1_913' title='bbox 1294 3723 1363 3774; x_wconf 86' lang='lat' dir='ltr'><strong>Nihil</strong></span> <span class='ocrx_word' id='word_1_914' title='bbox 1376 3728 1418 3774; x_wconf 90' lang='lat' dir='ltr'><strong>ast</strong></span> <span class='ocrx_word' id='word_1_915' title='bbox 1432 3725 1459 3775; x_wconf 92' lang='lat' dir='ltr'><strong>in</strong></span> <span class='ocrx_word' id='word_1_916' title='bbox 1473 3725 1524 3776; x_wconf 90' lang='lat' dir='ltr'><strong>boc</strong></span> <span class='ocrx_word' id='word_1_917' title='bbox 1550 3724 1652 3776; x_wconf 90' lang='lat' dir='ltr'><strong>mundo</strong></span> <span class='ocrx_word' id='word_1_918' title='bbox 1678 3726 1802 3784; x_wconf 88' lang='lat' dir='ltr'><strong>deterius,</strong></span> <span class='ocrx_word' id='word_1_919' title='bbox 1816 3725 1839 3771; x_wconf 93' lang='lat' dir='ltr'><strong>el</strong></span> <span class='ocrx_word' id='word_1_920' title='bbox 1852 3731 1906 3792; x_wconf 83' lang='grc'>44444</span> 
     </span>
     <span class='ocr_line' id='line_1_134' title="bbox 1108 3779 1906 3852; baseline -0.008 -17"><span class='ocrx_word' id='word_1_921' title='bbox 1108 3789 1188 3836; x_wconf 87' lang='lat' dir='ltr'><strong>vento</strong></span> <span class='ocrx_word' id='word_1_922' title='bbox 1204 3787 1320 3848; x_wconf 88' lang='lat' dir='ltr'><strong>inanius,</strong></span> <span class='ocrx_word' id='word_1_923' title='bbox 1355 3799 1415 3836; x_wconf 91' lang='lat' dir='ltr'><strong>uam</strong></span> <span class='ocrx_word' id='word_1_924' title='bbox 1428 3789 1558 3850; x_wconf 85' lang='lat' dir='ltr'><strong>superbus</strong></span> <span class='ocrx_word' id='word_1_925' title='bbox 1574 3791 1600 3839; x_wconf 88' lang='grc'><strong>44</strong></span> <span class='ocrx_word' id='word_1_926' title='bbox 1614 3788 1667 3839; x_wconf 83' lang='lat' dir='ltr'><strong>sibi</strong></span> <span class='ocrx_word' id='word_1_927' title='bbox 1681 3789 1798 3852; x_wconf 88' lang='lat' dir='ltr'><strong>placans,</strong></span> <span class='ocrx_word' id='word_1_928' title='bbox 1811 3779 1906 3834; x_wconf 88' lang='lat' dir='ltr'><strong>euimbil</strong></span> 
     </span>
     <span class='ocr_line' id='line_1_135' title="bbox 1108 3800 1617 3912; baseline 0 -14"><span class='ocrx_word' id='word_1_929' title='bbox 1108 3848 1203 3912; x_wconf 91' lang='lat' dir='ltr'><strong>placet,</strong></span> <span class='ocrx_word' id='word_1_930' title='bbox 1219 3848 1271 3898; x_wconf 86' lang='lat' dir='ltr'><strong>nisi</strong></span> <span class='ocrx_word' id='word_1_931' title='bbox 1286 3800 1358 3911; x_wconf 47' lang='lat' dir='ltr'><strong>quob</strong></span> <span class='ocrx_word' id='word_1_932' title='bbox 1372 3849 1429 3911; x_wconf 88' lang='lat' dir='ltr'><strong>ipse</strong></span> <span class='ocrx_word' id='word_1_933' title='bbox 1446 3850 1546 3910; x_wconf 86' lang='lat' dir='ltr'><strong>iecerit,</strong></span> <span class='ocrx_word' id='word_1_934' title='bbox 1563 3851 1617 3901; x_wconf 87' lang='grc'>435.</span> 
     </span>
     <span class='ocr_line' id='line_1_136' title="bbox 1108 3905 1907 4022; baseline -0.009 -63"><span class='ocrx_word' id='word_1_935' title='bbox 1108 3910 1220 4022; x_wconf 59' lang='lat' dir='ltr'><strong>3⁴{syrus</strong></span> <span class='ocrx_word' id='word_1_936' title='bbox 1238 3911 1357 3960; x_wconf 80' lang='lat' dir='ltr'><strong>Assurim</strong></span> <span class='ocrx_word' id='word_1_937' title='bbox 1371 3916 1481 3962; x_wconf 88' lang='lat' dir='ltr'><strong>vocatos</strong></span> <span class='ocrx_word' id='word_1_938' title='bbox 1494 3913 1575 3963; x_wconf 83' lang='lat' dir='ltr'><strong>luisse</strong></span> <span class='ocrx_word' id='word_1_939' title='bbox 1604 3909 1731 3963; x_wconf 89' lang='lat' dir='ltr'><strong>nonnulli</strong></span> <span class='ocrx_word' id='word_1_940' title='bbox 1760 3905 1907 3960; x_wconf 80' lang='grc'>4444444444,</span> 
     </span>
     <span class='ocr_line' id='line_1_137' title="bbox 1122 4026 1911 4147; baseline -0.008 -63"><span class='ocrx_word' id='word_1_941' title='bbox 1122 4035 1259 4147; x_wconf 39' lang='grc' dir='ltr'><strong>ι,8444441044</strong></span> <span class='ocrx_word' id='word_1_942' title='bbox 1268 4037 1355 4084; x_wconf 87' lang='lat' dir='ltr'><strong>tractu</strong></span> <span class='ocrx_word' id='word_1_943' title='bbox 1370 4047 1469 4086; x_wconf 88' lang='grc'>444444</span> <span class='ocrx_word' id='word_1_944' title='bbox 1480 4035 1561 4088; x_wconf 88' lang='grc'>44444</span> <span class='ocrx_word' id='word_1_945' title='bbox 1574 4035 1734 4100; x_wconf 90' lang='lat' dir='ltr'><strong>impositum</strong></span> <span class='ocrx_word' id='word_1_946' title='bbox 1755 4033 1830 4098; x_wconf 80' lang='lat' dir='ltr'><strong>iuxta</strong></span> <span class='ocrx_word' id='word_1_947' title='bbox 1848 4026 1911 4079; x_wconf 85' lang='lat' dir='ltr'><strong>Sallu·</strong></span> 
     </span>
     <span class='ocr_line' id='line_1_138' title="bbox 1108 4110 1271 4156; baseline -0.006 -11"><span class='ocrx_word' id='word_1_948' title='bbox 1108 4110 1198 4156; x_wconf 92' lang='lat' dir='ltr'><strong>sium,</strong></span> <span class='ocrx_word' id='word_1_949' title='bbox 1264 4129 1271 4144; x_wconf 92' lang='lat'><strong>.</strong></span> 
     </span>
    </p>
   </div>
   <div class='ocr_carea' id='block_1_15' title="bbox 1511 4243 1537 4306">
    <p class='ocr_par' dir='ltr' id='par_1_30' title="bbox 1511 4199 1985 4308">
     <span class='ocr_line' id='line_1_139' title="bbox 1511 4243 1537 4306; baseline 0.004 0"><span class='ocrx_word' id='word_1_950' title='bbox 1511 4243 1537 4306; x_wconf 88' lang='lat' dir='ltr'><strong>r</strong></span> 
     </span>
    </p>
   </div>
   <div class='ocr_carea' id='block_1_16' title="bbox 1107 4385 1985 5330">
    <p class='ocr_par' dir='ltr' id='par_1_31' title="bbox 1107 4385 1985 5268">
     <span class='ocr_line' id='line_1_140' title="bbox 1122 4385 1915 4509; baseline -0.005 -63"><span class='ocrx_word' id='word_1_951' title='bbox 1122 4397 1287 4509; x_wconf 49' lang='lat' dir='ltr'><strong>,Tffiffmni</strong></span> <span class='ocrx_word' id='word_1_952' title='bbox 1303 4398 1360 4470; x_wconf 80' lang='lat' dir='ltr'><strong>Nou</strong></span> <span class='ocrx_word' id='word_1_953' title='bbox 1375 4396 1463 4469; x_wconf 74' lang='lat' dir='ltr'><strong>laudis</strong></span> <span class='ocrx_word' id='word_1_954' title='bbox 1478 4400 1518 4447; x_wconf 90' lang='lat' dir='ltr'><strong>est</strong></span> <span class='ocrx_word' id='word_1_955' title='bbox 1531 4398 1637 4462; x_wconf 88' lang='lat' dir='ltr'><strong>ingredi</strong></span> <span class='ocrx_word' id='word_1_956' title='bbox 1665 4397 1782 4448; x_wconf 89' lang='lat' dir='ltr'><strong>domum</strong></span> <span class='ocrx_word' id='word_1_957' title='bbox 1809 4393 1858 4452; x_wconf 85' lang='lat' dir='ltr'><strong>bai,</strong></span> <span class='ocrx_word' id='word_1_958' title='bbox 1881 4385 1915 4438; x_wconf 73' lang='grc'><strong>444</strong></span> 
     </span>
     <span class='ocr_line' id='line_1_141' title="bbox 1108 4459 1915 4594; baseline -0.014 -23"><span class='ocrx_word' id='word_1_959' title='bbox 1108 4459 1606 4594; x_wconf 33' lang='grc' dir='ltr'><strong>81η4134404484141444οἓ344141414484448414444442344444</strong></span> <span class='ocrx_word' id='word_1_960' title='bbox 1621 4521 1753 4594; x_wconf 78' lang='lat' dir='ltr'><strong>Prologos</strong></span> <span class='ocrx_word' id='word_1_961' title='bbox 1765 4521 1795 4570; x_wconf 91' lang='lat' dir='ltr'><strong>in</strong></span> <span class='ocrx_word' id='word_1_962' title='bbox 1807 4513 1915 4592; x_wconf 56' lang='lat' dir='ltr'><strong>delensis</strong></span> 
     </span>
     <span class='ocr_line' id='line_1_142' title="bbox 1108 4581 1916 4656; baseline -0.011 -22"><span class='ocrx_word' id='word_1_963' title='bbox 1108 4597 1170 4634; x_wconf 90' lang='lat' dir='ltr'><strong>nem</strong></span> <span class='ocrx_word' id='word_1_964' title='bbox 1186 4597 1260 4633; x_wconf 89' lang='lat' dir='ltr'><strong>snam</strong></span> <span class='ocrx_word' id='word_1_965' title='bbox 1276 4596 1362 4632; x_wconf 88' lang='lat' dir='ltr'><strong>soeriis</strong></span> <span class='ocrx_word' id='word_1_966' title='bbox 1386 4583 1475 4643; x_wconf 87' lang='lat' dir='ltr'><strong>dabat,</strong></span> <span class='ocrx_word' id='word_1_967' title='bbox 1491 4581 1838 4656; x_wconf 79' lang='lat' dir='ltr'><strong>3⁰1.Eumquasipubbci</strong></span> <span class='ocrx_word' id='word_1_968' title='bbox 1849 4586 1916 4627; x_wconf 80' lang='lat' dir='ltr'><strong>arani</strong></span> 
     </span>
     <span class='ocr_line' id='line_1_143' title="bbox 1107 4645 1773 4705; baseline -0.006 -7"><span class='ocrx_word' id='word_1_969' title='bbox 1107 4647 1192 4698; x_wconf 82' lang='lat' dir='ltr'><strong>lurein</strong></span> <span class='ocrx_word' id='word_1_970' title='bbox 1208 4645 1400 4696; x_wconf 86' lang='lat' dir='ltr'><strong>criminabatur</strong></span> <span class='ocrx_word' id='word_1_971' title='bbox 1414 4645 1524 4696; x_wconf 85' lang='lat' dir='ltr'><strong>Luscius</strong></span> <span class='ocrx_word' id='word_1_972' title='bbox 1539 4645 1684 4705; x_wconf 85' lang='grc'>44444444,</span> <span class='ocrx_word' id='word_1_973' title='bbox 1702 4645 1773 4695; x_wconf 79' lang='lat' dir='ltr'><strong>ibid.</strong></span> 
     </span>
     <span class='ocr_line' id='line_1_144' title="bbox 1139 4707 1985 4806; baseline -0.009 -48"><span class='ocrx_word' id='word_1_974' title='bbox 1139 4709 1345 4758; x_wconf 84' lang='lat' dir='ltr'><strong>Testamentum.</strong></span> <span class='ocrx_word' id='word_1_975' title='bbox 1363 4707 1502 4765; x_wconf 85' lang='lat' dir='ltr'><strong>Quomodo</strong></span> <span class='ocrx_word' id='word_1_976' title='bbox 1524 4708 1666 4772; x_wconf 86' lang='lat' dir='ltr'><strong>legandum</strong></span> <span class='ocrx_word' id='word_1_977' title='bbox 1686 4711 1770 4758; x_wconf 85' lang='lat' dir='ltr'><strong>vetus</strong></span> <span class='ocrx_word' id='word_1_978' title='bbox 1794 4707 1820 4755; x_wconf 90' lang='grc'><strong>44</strong></span> <span class='ocrx_word' id='word_1_979' title='bbox 1839 4709 1917 4752; x_wconf 78' lang='lat' dir='ltr'><strong>aarum</strong></span> <span class='ocrx_word' id='word_1_980' title='bbox 1984 4711 1985 4806; x_wconf 45' lang='grc'><strong>4</strong></span> 
     </span>
     <span class='ocr_line' id='line_1_145' title="bbox 1107 4769 1985 4836; baseline -0.006 -15"><span class='ocrx_word' id='word_1_981' title='bbox 1107 4771 1314 4830; x_wconf 80' lang='lat' dir='ltr'><strong>Testamentum,</strong></span> <span class='ocrx_word' id='word_1_982' title='bbox 1328 4770 1383 4818; x_wconf 90' lang='grc'>433.</span> <span class='ocrx_word' id='word_1_983' title='bbox 1412 4770 1565 4833; x_wconf 73' lang='lat' dir='ltr'><strong>praecipitur</strong></span> <span class='ocrx_word' id='word_1_984' title='bbox 1592 4771 1670 4822; x_wconf 91' lang='lat' dir='ltr'><strong>nabis</strong></span> <span class='ocrx_word' id='word_1_985' title='bbox 1701 4775 1735 4819; x_wconf 88' lang='lat' dir='ltr'><strong>ut</strong></span> <span class='ocrx_word' id='word_1_986' title='bbox 1755 4771 1785 4818; x_wconf 90' lang='lat' dir='ltr'><strong>in</strong></span> <span class='ocrx_word' id='word_1_987' title='bbox 1799 4769 1919 4836; x_wconf 71' lang='lat' dir='ltr'><strong>utraque</strong></span> <span class='ocrx_word' id='word_1_988' title='bbox 1984 4809 1985 4836; x_wconf 52' lang='lat'>3</span> 
     </span>
     <span class='ocr_line' id='line_1_146' title="bbox 1108 4831 1985 4896; baseline -0.008 -14"><span class='ocrx_word' id='word_1_989' title='bbox 1108 4834 1325 4890; x_wconf 88' lang='lat' dir='ltr'><strong>instrumentum,</strong></span> <span class='ocrx_word' id='word_1_990' title='bbox 1339 4835 1393 4881; x_wconf 90' lang='lat' dir='ltr'><strong>tam</strong></span> <span class='ocrx_word' id='word_1_991' title='bbox 1408 4837 1485 4881; x_wconf 88' lang='lat' dir='ltr'><strong>vetus</strong></span> <span class='ocrx_word' id='word_1_992' title='bbox 1499 4831 1599 4882; x_wconf 87' lang='lat' dir='ltr'><strong>scilicet</strong></span> <span class='ocrx_word' id='word_1_993' title='bbox 1613 4845 1696 4896; x_wconf 89' lang='lat' dir='ltr'><strong>quam</strong></span> <span class='ocrx_word' id='word_1_994' title='bbox 1707 4845 1815 4882; x_wconf 86' lang='lat' dir='ltr'><strong>novum</strong></span> <span class='ocrx_word' id='word_1_995' title='bbox 1826 4841 1876 4894; x_wconf 92' lang='lat' dir='ltr'><strong>pari</strong></span> <span class='ocrx_word' id='word_1_996' title='bbox 1888 4836 1920 4870; x_wconf 74' lang='lat' dir='ltr'><strong>vt·</strong></span> <span class='ocrx_word' id='word_1_997' title='bbox 1984 4851 1985 4864; x_wconf 64' lang='lat'><strong>,</strong></span> 
     </span>
     <span class='ocr_line' id='line_1_147' title="bbox 1109 4889 1922 4958; baseline -0.006 -14"><span class='ocrx_word' id='word_1_998' title='bbox 1109 4897 1246 4945; x_wconf 88' lang='lat' dir='ltr'><strong>naratione</strong></span> <span class='ocrx_word' id='word_1_999' title='bbox 1261 4894 1409 4953; x_wconf 86' lang='lat' dir='ltr'><strong>credamus,</strong></span> <span class='ocrx_word' id='word_1_1000' title='bbox 1426 4897 1480 4944; x_wconf 87' lang='grc'>434.</span> <span class='ocrx_word' id='word_1_1001' title='bbox 1496 4895 1610 4945; x_wconf 81' lang='lat' dir='ltr'><strong>AElernre</strong></span> <span class='ocrx_word' id='word_1_1002' title='bbox 1635 4908 1728 4958; x_wconf 85' lang='grc'>444444</span> <span class='ocrx_word' id='word_1_1003' title='bbox 1757 4889 1922 4958; x_wconf 71' lang='lat' dir='ltr'><strong>preparantur</strong></span> 
     </span>
     <span class='ocr_line' id='line_1_148' title="bbox 1107 4947 1920 5070; baseline 0.002 -64"><span class='ocrx_word' id='word_1_1004' title='bbox 1107 4947 1920 5070; x_wconf 49' lang='lat' dir='ltr'><strong>{iisaquinequaquamutrumquesociant&#39;l&#39;estamentum.⁴l&#39;²·</strong></span> 
     </span>
     <span class='ocr_line' id='line_1_149' title="bbox 1138 5073 1921 5148; baseline -0.008 -17"><span class='ocrx_word' id='word_1_1005' title='bbox 1138 5079 1300 5131; x_wconf 88' lang='lat' dir='ltr'><strong>Testimonia</strong></span> <span class='ocrx_word' id='word_1_1006' title='bbox 1313 5079 1398 5128; x_wconf 90' lang='lat' dir='ltr'><strong>multa</strong></span> <span class='ocrx_word' id='word_1_1007' title='bbox 1424 5079 1566 5144; x_wconf 75' lang='lat' dir='ltr'><strong>proferunt</strong></span> <span class='ocrx_word' id='word_1_1008' title='bbox 1590 5080 1624 5130; x_wconf 93' lang='lat' dir='ltr'><strong>da</strong></span> <span class='ocrx_word' id='word_1_1009' title='bbox 1651 5080 1742 5130; x_wconf 87' lang='lat' dir='ltr'><strong>veteri</strong></span> <span class='ocrx_word' id='word_1_1010' title='bbox 1772 5073 1921 5148; x_wconf 66' lang='lat' dir='ltr'><strong>Testamenti</strong></span> 
     </span>
     <span class='ocr_line' id='line_1_150' title="bbox 1107 5134 1922 5207; baseline -0.012 -13"><span class='ocrx_word' id='word_1_1011' title='bbox 1107 5143 1227 5194; x_wconf 89' lang='lat' dir='ltr'><strong>Christus</strong></span> <span class='ocrx_word' id='word_1_1012' title='bbox 1241 5141 1408 5205; x_wconf 81' lang='lat' dir='ltr'><strong>etbposloli,</strong></span> <span class='ocrx_word' id='word_1_1013' title='bbox 1435 5155 1496 5207; x_wconf 85' lang='lat' dir='ltr'><strong>ques</strong></span> <span class='ocrx_word' id='word_1_1014' title='bbox 1517 5156 1573 5192; x_wconf 91' lang='lat' dir='ltr'><strong>non</strong></span> <span class='ocrx_word' id='word_1_1015' title='bbox 1600 5143 1732 5207; x_wconf 85' lang='lat' dir='ltr'><strong>leguntur</strong></span> <span class='ocrx_word' id='word_1_1016' title='bbox 1761 5141 1791 5191; x_wconf 92' lang='lat' dir='ltr'><strong>in</strong></span> <span class='ocrx_word' id='word_1_1017' title='bbox 1806 5134 1922 5190; x_wconf 67' lang='lat' dir='ltr'><strong>codicibus</strong></span> 
     </span>
     <span class='ocr_line' id='line_1_151' title="bbox 1107 5206 1444 5268; baseline -0.009 -11"><span class='ocrx_word' id='word_1_1018' title='bbox 1107 5207 1170 5257; x_wconf 84' lang='lat' dir='ltr'><strong>Lxx</strong></span> <span class='ocrx_word' id='word_1_1019' title='bbox 1184 5206 1372 5268; x_wconf 87' lang='lat' dir='ltr'><strong>interpretum,</strong></span> <span class='ocrx_word' id='word_1_1020' title='bbox 1390 5207 1444 5255; x_wconf 88' lang='grc'>343.</span> 
     </span>
    </p>

    <p class='ocr_par' dir='ltr' id='par_1_32' title="bbox 1138 5263 1864 5330">
     <span class='ocr_line' id='line_1_152' title="bbox 1138 5263 1864 5330; baseline -0.011 -13"><span class='ocrx_word' id='word_1_1021' title='bbox 1138 5266 1253 5327; x_wconf 88' lang='grc' dir='ltr'>Τ44444,</span> <span class='ocrx_word' id='word_1_1022' title='bbox 1268 5280 1345 5316; x_wconf 92' lang='lat' dir='ltr'><strong>mons</strong></span> <span class='ocrx_word' id='word_1_1023' title='bbox 1359 5267 1386 5316; x_wconf 90' lang='lat' dir='ltr'><strong>in</strong></span> <span class='ocrx_word' id='word_1_1024' title='bbox 1401 5267 1514 5325; x_wconf 80' lang='lat' dir='ltr'><strong>Galilaea,</strong></span> <span class='ocrx_word' id='word_1_1025' title='bbox 1530 5267 1584 5316; x_wconf 79' lang='grc'>283.</span> <span class='ocrx_word' id='word_1_1026' title='bbox 1605 5264 1684 5330; x_wconf 70' lang='lat' dir='ltr'><strong>Vagae</strong></span> <span class='ocrx_word' id='word_1_1027' title='bbox 1699 5263 1864 5329; x_wconf 79' lang='lat' dir='ltr'><strong>ltabyrium.</strong></span> 
     </span>
    </p>
   </div>
   <div class='ocr_carea' id='block_1_17' title="bbox 1108 5317 1925 5516">
    <p class='ocr_par' dir='ltr' id='par_1_33' title="bbox 1108 5261 1985 6155">
     <span class='ocr_line' id='line_1_153' title="bbox 1138 5317 1923 5394; baseline -0.012 -14"><span class='ocrx_word' id='word_1_1028' title='bbox 1138 5329 1244 5380; x_wconf 89' lang='lat' dir='ltr'><strong>Tbarsis</strong></span> <span class='ocrx_word' id='word_1_1029' title='bbox 1258 5330 1341 5393; x_wconf 86' lang='lat' dir='ltr'><strong>regio,</strong></span> <span class='ocrx_word' id='word_1_1030' title='bbox 1365 5331 1419 5380; x_wconf 80' lang='grc'>233.</span> <span class='ocrx_word' id='word_1_1031' title='bbox 1444 5329 1527 5380; x_wconf 90' lang='lat' dir='ltr'><strong>Omne</strong></span> <span class='ocrx_word' id='word_1_1032' title='bbox 1551 5327 1660 5394; x_wconf 86' lang='lat' dir='ltr'><strong>pelagus</strong></span> <span class='ocrx_word' id='word_1_1033' title='bbox 1682 5327 1803 5377; x_wconf 84' lang='lat' dir='ltr'><strong>Tharais</strong></span> <span class='ocrx_word' id='word_1_1034' title='bbox 1828 5317 1923 5388; x_wconf 79' lang='grc'>444444·</span> 
     </span>
     <span class='ocr_line' id='line_1_154' title="bbox 1108 5393 1925 5516; baseline -0.011 -13"><span class='ocrx_word' id='word_1_1035' title='bbox 1108 5393 1253 5503; x_wconf 53' lang='grc' dir='ltr'><strong>ῑᾞῆξτὲῗιέ</strong></span> <span class='ocrx_word' id='word_1_1036' title='bbox 1266 5452 1419 5516; x_wconf 87' lang='lat' dir='ltr'><strong>metropolis</strong></span> <span class='ocrx_word' id='word_1_1037' title='bbox 1433 5451 1538 5513; x_wconf 81' lang='lat' dir='ltr'><strong>Cilicis,</strong></span> <span class='ocrx_word' id='word_1_1038' title='bbox 1562 5453 1642 5503; x_wconf 82' lang='lat' dir='ltr'><strong>Paulo</strong></span> <span class='ocrx_word' id='word_1_1039' title='bbox 1662 5451 1797 5515; x_wconf 89' lang='lat' dir='ltr'><strong>apostolo</strong></span> <span class='ocrx_word' id='word_1_1040' title='bbox 1822 5446 1925 5514; x_wconf 80' lang='lat' dir='ltr'><strong>gloriosa</strong></span> 
     </span>
    </p>
   </div>
   <div class='ocr_carea' id='block_1_18' title="bbox 1108 5518 1928 5640">
    <p class='ocr_par' dir='ltr' id='par_1_34' title="bbox 1108 5518 1928 5640">
     <span class='ocr_line' id='line_1_155' title="bbox 1108 5518 1928 5640; baseline -0.007 -12"><span class='ocrx_word' id='word_1_1041' title='bbox 1108 5518 1257 5628; x_wconf 51' lang='lat' dir='ltr'><strong>³¹Theman</strong></span> <span class='ocrx_word' id='word_1_1042' title='bbox 1271 5576 1368 5626; x_wconf 89' lang='lat' dir='ltr'><strong>dicitnr</strong></span> <span class='ocrx_word' id='word_1_1043' title='bbox 1381 5576 1453 5640; x_wconf 89' lang='lat' dir='ltr'><strong>apud</strong></span> <span class='ocrx_word' id='word_1_1044' title='bbox 1469 5576 1689 5628; x_wconf 83' lang='lat' dir='ltr'><strong>Habraeosomnis</strong></span> <span class='ocrx_word' id='word_1_1045' title='bbox 1702 5573 1850 5626; x_wconf 78' lang='lat' dir='ltr'><strong>Australis</strong></span> <span class='ocrx_word' id='word_1_1046' title='bbox 1863 5567 1928 5633; x_wconf 74' lang='grc'>44444</span> 
     </span>
    </p>
   </div>
   <div class='ocr_carea' id='block_1_19' title="bbox 1107 5643 1927 5753">
    <p class='ocr_par' dir='ltr' id='par_1_35' title="bbox 1107 5643 1927 5753">
     <span class='ocr_line' id='line_1_156' title="bbox 1107 5643 1927 5753; baseline -0.013 1"><span class='ocrx_word' id='word_1_1047' title='bbox 1107 5643 1302 5753; x_wconf 55' lang='lat' dir='ltr'><strong>28T&#39;lieodotion</strong></span> <span class='ocrx_word' id='word_1_1048' title='bbox 1317 5701 1345 5750; x_wconf 93' lang='lat' dir='ltr'><strong>ln</strong></span> <span class='ocrx_word' id='word_1_1049' title='bbox 1360 5700 1451 5751; x_wconf 91' lang='lat' dir='ltr'><strong>multis</strong></span> <span class='ocrx_word' id='word_1_1050' title='bbox 1479 5715 1538 5752; x_wconf 89' lang='lat' dir='ltr'><strong>cam</strong></span> <span class='ocrx_word' id='word_1_1051' title='bbox 1559 5701 1621 5752; x_wconf 86' lang='lat' dir='ltr'><strong>Lllll</strong></span> <span class='ocrx_word' id='word_1_1052' title='bbox 1639 5699 1866 5751; x_wconf 88' lang='lat' dir='ltr'><strong>Translatoribus</strong></span> <span class='ocrx_word' id='word_1_1053' title='bbox 1879 5701 1927 5744; x_wconf 78' lang='lat' dir='ltr'><strong>cai·</strong></span> 
     </span>
    </p>
   </div>
   <div class='ocr_carea' id='block_1_20' title="bbox 1107 5767 1755 5892">
    <p class='ocr_par' dir='ltr' id='par_1_36' title="bbox 1107 5767 1755 5892">
     <span class='ocr_line' id='line_1_157' title="bbox 1107 5767 1267 5824; baseline -0.019 -8"><span class='ocrx_word' id='word_1_1054' title='bbox 1107 5767 1196 5824; x_wconf 88' lang='lat' dir='ltr'><strong>sentit,</strong></span> <span class='ocrx_word' id='word_1_1055' title='bbox 1213 5767 1267 5814; x_wconf 85' lang='grc'>393.</span> 
     </span>
     <span class='ocr_line' id='line_1_158' title="bbox 1136 5825 1755 5892; baseline -0.005 -14"><span class='ocrx_word' id='word_1_1056' title='bbox 1136 5825 1305 5890; x_wconf 87' lang='lat' dir='ltr'><strong>Therapbim,</strong></span> <span class='ocrx_word' id='word_1_1057' title='bbox 1320 5825 1451 5890; x_wconf 86' lang='lat' dir='ltr'><strong>imagines</strong></span> <span class='ocrx_word' id='word_1_1058' title='bbox 1462 5825 1505 5878; x_wconf 87' lang='lat' dir='ltr'><strong>vel</strong></span> <span class='ocrx_word' id='word_1_1059' title='bbox 1518 5825 1620 5892; x_wconf 80' lang='lat' dir='ltr'><strong>figurae,</strong></span> <span class='ocrx_word' id='word_1_1060' title='bbox 1636 5829 1674 5887; x_wconf 88' lang='grc'><strong>74,</strong></span> <span class='ocrx_word' id='word_1_1061' title='bbox 1690 5825 1755 5876; x_wconf 77' lang='grc'>333.</span> 
     </span>
    </p>
   </div>
   <div class='ocr_carea' id='block_1_21' title="bbox 0 0 2058 6169">
    <p class='ocr_par' dir='ltr' id='par_1_37' title="bbox 0 0 2058 6169">
     <span class='ocr_line' id='line_1_159' title="bbox 0 0 2058 6169; baseline 0 0"><span class='ocrx_word' id='word_1_1062' title='bbox 0 0 2058 6169; x_wconf 95' lang='lat' dir='ltr'><strong> </strong></span> 
     </span>
    </p>
   </div>
  </div>
 </body>
</html>
